{"_local_timestamp": "2026-01-25T23:33:39.050077+00:00", "data": [{"market": "0x28b0f6279546ceb2e845248dbaa8f0af27dc88654614fc1ac49d600e8bd1f610", "asset_id": "67955540676412960074289844459038180433101107303995885357865274611011411466041", "timestamp": "1769381050632", "hash": "701035b8cd0f4504baaf432f2b48c915b451c3bc", "bids": [{"price": "0.01", "size": "101.81"}, {"price": "0.02", "size": "17.46"}, {"price": "0.03", "size": "16"}, {"price": "0.04", "size": "11.56"}, {"price": "0.05", "size": "28.8"}], "asks": [{"price": "0.99", "size": "101.81"}, {"price": "0.98", "size": "25.56"}, {"price": "0.96", "size": "12"}, {"price": "0.95", "size": "36.51"}], "event_type": "book", "last_trade_price": ""}, {"market": "0x105043fc57675d4421fdfc0363dd43230a8bfdf30b6b244352598b1f568e8c11", "asset_id": "111708778146331636318366580704885866192492664756717831135853713059592870426853", "timestamp": "1769381049958", "hash": "ffefd2a7276d4d14d40d28594279b7c50feb3718", "bids": [{"price": "0.01", "size": "101.81"}, {"price": "0.02", "size": "17.46"}, {"price": "0.03", "size": "16"}, {"price": "0.04", "size": "11.56"}, {"price": "0.05", "size": "30.4"}], "asks": [{"price": "0.99", "size": "101.81"}, {"price": "0.98", "size": "17.46"}, {"price": "0.97", "size": "16"}, {"price": "0.96", "size": "11.56"}, {"price": "0.95", "size": "28"}], "event_type": "book", "last_trade_price": ""}, {"market": "0x4b37054c9921ec472c77c43b1f18e571a2438bb669e9e8dbd5255e352b263e44", "asset_id": "2389208040398118370941633229189033024163713825590831827310265116595410136284", "timestamp": "1769383838081", "hash": "bafca4d3cde805393ccb8b4338f21636218c5a96", "bids": [{"price": "0.01", "size": "33"}], "asks": [{"price": "0.99", "size": "108.3"}, {"price": "0.98", "size": "18.42"}, {"price": "0.95", "size": "30"}, {"price": "0.9", "size": "20"}, {"price": "0.89", "size": "23.25"}, {"price": "0.14", "size": "50"}, {"price": "0.13", "size": "25.49"}], "event_type": "book", "last_trade_price": ""}, {"market": "0x0605a9c45783f82ef8f50dacfc0b6af5bc1e6c190b21b0b5efc2abcc30471b36", "asset_id": "7859509461410975729080078602108660113770417636982278136237263648580265030704", "timestamp": "1769381986430", "hash": "8a3818b5b3b11a5b74982a4e922474fcdd7e6909", "bids": [{"price": "0.01", "size": "101.81"}, {"price": "0.02", "size": "25.56"}, {"price": "0.04", "size": "12"}, {"price": "0.05", "size": "46.01"}], "asks": [{"price": "0.99", "size": "101.81"}, {"price": "0.98", "size": "17.46"}, {"price": "0.97", "size": "16"}, {"price": "0.96", "size": "11.56"}, {"price": "0.95", "size": "28"}], "event_type": "book", "last_trade_price": ""}, {"market": "0x7d00fc626e7c21f7c1cdfdc72f1a1d8391619144a1ee4bd1118b637f22d9d8e2", "asset_id": "83173278951580888599403243447353943581775305478935423280497719956116154930696", "timestamp": "1769381924459", "hash": "31bd3bef4a558b1a2a96dd8019b3ba04e92d6971", "bids": [{"price": "0.01", "size": "101.91"}, {"price": "0.02", "size": "17.49"}, {"price": "0.03", "size": "16"}, {"price": "0.04", "size": "11.52"}, {"price": "0.05", "size": "5"}], "asks": [{"price": "0.99", "size": "101.91"}, {"price": "0.98", "size": "40.54"}, {"price": "0.95", "size": "30"}], "event_type": "book", "last_trade_price": ""}, {"market": "0x81560b24129135ae954c23de2482ba96a15b18a365d59b2a053e1bc5c2db1165", "asset_id": "81932411978720980659318830815553685410990390363044017841543795251366205748415", "timestamp": "1769383865309", "hash": "b9c8fabf9f56eaa935dd63a5a75190fa075cb785", "bids": [{"price": "0.01", "size": "94.53"}, {"price": "0.02", "size": "44.23"}], "asks": [{"price": "0.99", "size": "88.01"}, {"price": "0.98", "size": "10.8"}, {"price": "0.96", "size": "12"}, {"price": "0.95", "size": "20"}, {"price": "0.92", "size": "25"}, {"price": "0.91", "size": "8.15"}, {"price": "0.38", "size": "18.5"}, {"price": "0.2", "size": "32.87"}], "event_type": "book", "last_trade_price": ""}, {"market": "0x3b45d4baa10c890a533faf71e556f70f81b4d658dd1ac9064b4f3d2e2ce60844", "asset_id": "27443889870510071208957331181193092828725054630981398752449485134887240473938", "timestamp": "1769383982161", "hash": "3bc2f3f6ba594e0f146d304e62cc3a34fb74509f", "bids": [{"price": "0.001", "size": "1208.89"}, {"price": "0.002", "size": "350.38"}, {"price": "0.003", "size": "166.66"}, {"price": "0.01", "size": "31.92"}, {"price": "0.011", "size": "13.75"}], "asks": [{"price": "0.999", "size": "3086.52"}, {"price": "0.998", "size": "260.71"}, {"price": "0.997", "size": "173.1"}, {"price": "0.996", "size": "15.81"}, {"price": "0.994", "size": "83"}, {"price": "0.993", "size": "11.83"}, {"price": "0.99", "size": "83"}, {"price": "0.989", "size": "71.78"}, {"price": "0.95", "size": "30"}, {"price": "0.948", "size": "5"}], "event_type": "book", "last_trade_price": ""}, {"market": "0x65084c520a86c10f69770b8fcdbb11b2fca4ab29ec3ca5f804c5a50b7ba23f98", "asset_id": "78776669918381597750388628726055910618356998152855247316234782236500481163013", "timestamp": "1769382468791", "hash": "9e60bf2e811cc1226ef6db5bcb794d153a2aee33", "bids": [{"price": "0.001", "size": "2087.15"}, {"price": "0.002", "size": "261.02"}, {"price": "0.003", "size": "173.31"}, {"price": "0.004", "size": "16.29"}, {"price": "0.006", "size": "83"}, {"price": "0.007", "size": "12.19"}, {"price": "0.01", "size": "83"}, {"price": "0.011", "size": "25.75"}, {"price": "0.02", "size": "25"}, {"price": "0.021", "size": "23.8"}, {"price": "0.05", "size": "20"}], "asks": [{"price": "0.999", "size": "2148"}, {"price": "0.998", "size": "259.45"}, {"price": "0.997", "size": "49.23"}, {"price": "0.99", "size": "95"}, {"price": "0.989", "size": "74.03"}, {"price": "0.94", "size": "49.9"}], "event_type": "book", "last_trade_price": ""}, {"market": "0xf186108320d84e8a9a9c3110145c9c892ce29839709d7724b582be54bfa6818b", "asset_id": "39237356965662911664541663470711246922748319663406465112083540091985254322680", "timestamp": "1769383854965", "hash": "189280b7d03c84ff7fa9ce2f556b217e5a2d1e8a", "bids": [{"price": "0.001", "size": "589.47"}, {"price": "0.002", "size": "357.15"}, {"price": "0.01", "size": "83"}, {"price": "0.011", "size": "23.74"}, {"price": "0.012", "size": "5"}], "asks": [{"price": "0.999", "size": "2634.07"}, {"price": "0.998", "size": "255.04"}, {"price": "0.997", "size": "166"}, {"price": "0.996", "size": "8.62"}, {"price": "0.994", "size": "83"}, {"price": "0.99", "size": "83"}, {"price": "0.989", "size": "16.32"}, {"price": "0.97", "size": "16"}, {"price": "0.95", "size": "20"}, {"price": "0.949", "size": "39"}, {"price": "0.948", "size": "14.82"}, {"price": "0.115", "size": "8.07"}, {"price": "0.096", "size": "13.3"}, {"price": "0.05", "size": "5"}], "event_type": "book", "last_trade_price": ""}, {"market": "0xeba6cbff22d3ec08f6b4847065212e3f600fe7ce4ea0adf9170104dc180338a4", "asset_id": "35641901767108632339706555271562824340712571039694747206799339394704193396238", "timestamp": "1769383809588", "hash": "1e602681c41be1d0a32c62b150310a56d8257df7", "bids": [{"price": "0.001", "size": "1188.19"}, {"price": "0.002", "size": "385.14"}, {"price": "0.003", "size": "166.68"}, {"price": "0.01", "size": "8"}, {"price": "0.011", "size": "7.27"}, {"price": "0.015", "size": "200"}], "asks": [{"price": "0.999", "size": "2087.02"}, {"price": "0.998", "size": "260.95"}, {"price": "0.997", "size": "173.26"}, {"price": "0.996", "size": "16.16"}, {"price": "0.994", "size": "83"}, {"price": "0.993", "size": "12.08"}, {"price": "0.99", "size": "83"}, {"price": "0.989", "size": "71.37"}, {"price": "0.95", "size": "30"}, {"price": "0.949", "size": "8.23"}, {"price": "0.948", "size": "45"}], "event_type": "book", "last_trade_price": "0.027"}, {"market": "0xd99b777aead1e2ca870b8e512659f7538ff6972e44c58e8a7b58c46b3a8fca61", "asset_id": "108943556860097101277392412726172272994041797550875331254728709720039572165871", "timestamp": "1769383880725", "hash": "21c154665b67552e5fdd7bf247a9dfd1d867d49a", "bids": [{"price": "0.001", "size": "572.87"}, {"price": "0.002", "size": "198.25"}, {"price": "0.006", "size": "9.69"}, {"price": "0.007", "size": "10.63"}, {"price": "0.008", "size": "5"}, {"price": "0.01", "size": "47.47"}], "asks": [{"price": "0.999", "size": "2634.26"}, {"price": "0.998", "size": "255.23"}, {"price": "0.997", "size": "166"}, {"price": "0.996", "size": "8.62"}, {"price": "0.994", "size": "83"}, {"price": "0.99", "size": "83"}, {"price": "0.988", "size": "45"}, {"price": "0.96", "size": "12"}, {"price": "0.95", "size": "20"}, {"price": "0.928", "size": "27"}, {"price": "0.927", "size": "18.57"}, {"price": "0.07", "size": "5"}, {"price": "0.069", "size": "7.5"}], "event_type": "book", "last_trade_price": ""}, {"market": "0x6eb8935ea22a7d98b4c503b2243b8882b9a1947c04bed7a978c23890dcbca31c", "asset_id": "12328053984000735148895671022679341011557022238824384967106284297382812789694", "timestamp": "1769383867049", "hash": "d33107c7e3b725fbc2f28d66ea4b50d529b8142a", "bids": [{"price": "0.001", "size": "1260.35"}, {"price": "0.002", "size": "414.31"}], "asks": [{"price": "0.999", "size": "2070.07"}, {"price": "0.998", "size": "255.04"}, {"price": "0.997", "size": "166"}, {"price": "0.996", "size": "8.63"}, {"price": "0.994", "size": "83"}, {"price": "0.99", "size": "83"}, {"price": "0.989", "size": "21.19"}, {"price": "0.95", "size": "30"}, {"price": "0.944", "size": "7.41"}, {"price": "0.943", "size": "8.08"}, {"price": "0.94", "size": "59.17"}, {"price": "0.938", "size": "45"}, {"price": "0.937", "size": "31.38"}, {"price": "0.15", "size": "100"}], "event_type": "book", "last_trade_price": ""}, {"market": "0xb907fb963a89a9287303d1958b78fa873e939af4e41fea6ae2724cebbf9f6538", "asset_id": "67604992990141051383301926941771852205975923407519986334646072380459217529632", "timestamp": "1769381416558", "hash": "f1aab43b864bfe82f7f4f204afdd5f52c4e3d725", "bids": [{"price": "0.01", "size": "101.81"}, {"price": "0.02", "size": "17.46"}, {"price": "0.03", "size": "16"}, {"price": "0.04", "size": "11.56"}, {"price": "0.05", "size": "40"}], "asks": [{"price": "0.99", "size": "101.81"}, {"price": "0.98", "size": "17.47"}, {"price": "0.97", "size": "16"}, {"price": "0.96", "size": "11.56"}, {"price": "0.95", "size": "26.16"}], "event_type": "book", "last_trade_price": ""}, {"market": "0xf186108320d84e8a9a9c3110145c9c892ce29839709d7724b582be54bfa6818b", "asset_id": "27064727317171042934159159247681615909153718705169887131358294410316134896595", "timestamp": "1769383854965", "hash": "364bb17a17ea5b9fe78b88b7c03eb13ca6a8bdae", "bids": [{"price": "0.001", "size": "2634.07"}, {"price": "0.002", "size": "255.04"}, {"price": "0.003", "size": "166"}, {"price": "0.004", "size": "8.62"}, {"price": "0.006", "size": "83"}, {"price": "0.01", "size": "83"}, {"price": "0.011", "size": "16.32"}, {"price": "0.03", "size": "16"}, {"price": "0.05", "size": "20"}, {"price": "0.051", "size": "39"}, {"price": "0.052", "size": "14.82"}, {"price": "0.885", "size": "8.07"}, {"price": "0.904", "size": "13.3"}, {"price": "0.95", "size": "5"}], "asks": [{"price": "0.999", "size": "589.47"}, {"price": "0.998", "size": "357.15"}, {"price": "0.99", "size": "83"}, {"price": "0.989", "size": "23.74"}, {"price": "0.988", "size": "5"}], "event_type": "book", "last_trade_price": ""}, {"market": "0xa2a80fb58268033d5f3aedd696cb511273ea14694f77cb5b76a384d333eb94f5", "asset_id": "53404090025437523987637510431787318274629772155648852376223145118623867102206", "timestamp": "1769383820367", "hash": "b91fe34728d677b873c74ad2beaf38ccb3c3d465", "bids": [{"price": "0.001", "size": "2087.1"}, {"price": "0.002", "size": "257.56"}, {"price": "0.003", "size": "171.02"}, {"price": "0.004", "size": "11.18"}, {"price": "0.006", "size": "83"}, {"price": "0.007", "size": "12.46"}, {"price": "0.01", "size": "83"}, {"price": "0.011", "size": "74.16"}, {"price": "0.05", "size": "20"}, {"price": "0.051", "size": "6.78"}, {"price": "0.052", "size": "45"}], "asks": [{"price": "0.999", "size": "1193.64"}, {"price": "0.998", "size": "283.56"}, {"price": "0.997", "size": "166.66"}, {"price": "0.99", "size": "45.12"}, {"price": "0.989", "size": "22.15"}, {"price": "0.987", "size": "1000"}], "event_type": "book", "last_trade_price": ""}, {"market": "0x1beaa953057923cd2b19349db2127db0a6a4b8ac9d9e2333029b433dfc16c412", "asset_id": "52582440283901891207084913256453061702460500231834827711772030732589112696200", "timestamp": "1769381987143", "hash": "a4c7b9f01a47999350da151ae22b004a0e17b319", "bids": [{"price": "0.01", "size": "97.79"}, {"price": "0.02", "size": "26.15"}, {"price": "0.05", "size": "30"}, {"price": "0.06", "size": "30.46"}], "asks": [{"price": "0.99", "size": "105.04"}, {"price": "0.98", "size": "38.97"}, {"price": "0.96", "size": "32.64"}], "event_type": "book", "last_trade_price": ""}, {"market": "0xb50b462ad23f8780398c15d23e19103078441a3e1d58e4555708a9035190a50f", "asset_id": "87581395365572096818361191540074621282407521748126283029848711382678914458505", "timestamp": "1769384018000", "hash": "210128b8fec5ba3ced56f82ae58d69de4be0e891", "bids": [{"price": "0.001", "size": "1128.99"}, {"price": "0.002", "size": "200.15"}, {"price": "0.003", "size": "61.87"}, {"price": "0.004", "size": "52.84"}], "asks": [{"price": "0.999", "size": "2070.08"}, {"price": "0.998", "size": "255.05"}, {"price": "0.997", "size": "166"}, {"price": "0.996", "size": "8.64"}, {"price": "0.994", "size": "83"}, {"price": "0.99", "size": "83"}, {"price": "0.989", "size": "31.97"}, {"price": "0.95", "size": "30"}, {"price": "0.9", "size": "10"}, {"price": "0.899", "size": "5.92"}, {"price": "0.03", "size": "4.01"}, {"price": "0.011", "size": "24.47"}, {"price": "0.01", "size": "23.64"}], "event_type": "book", "last_trade_price": ""}, {"market": "0x2b3c35ed58de30d18ac3d2e48b9c32d509908dc6e745f802aec290187bb0aadc", "asset_id": "41327091150222417315524120803307619532588169225837653860107328361322339116463", "timestamp": "1769383818500", "hash": "d4960eaa9b1cbe06368d7b016510a5d1c858b065", "bids": [{"price": "0.001", "size": "514.79"}, {"price": "0.01", "size": "8"}], "asks": [{"price": "0.999", "size": "2070.07"}, {"price": "0.998", "size": "255.05"}, {"price": "0.997", "size": "166"}, {"price": "0.996", "size": "8.64"}, {"price": "0.994", "size": "83"}, {"price": "0.99", "size": "83"}, {"price": "0.989", "size": "15.99"}, {"price": "0.95", "size": "30"}, {"price": "0.949", "size": "15.18"}, {"price": "0.777", "size": "14"}, {"price": "0.477", "size": "6"}, {"price": "0.277", "size": "32"}, {"price": "0.177", "size": "13"}, {"price": "0.077", "size": "110"}, {"price": "0.076", "size": "167.29"}, {"price": "0.075", "size": "114.14"}, {"price": "0.06", "size": "10"}, {"price": "0.059", "size": "15"}, {"price": "0.058", "size": "11"}], "event_type": "book", "last_trade_price": ""}, {"market": "0x1a27982049c32342ca0b0638ae6344c464661dc5df700861ae40feaa17709a34", "asset_id": "82798774101681718263569784107122433788043725738781671804054632878377934854174", "timestamp": "1769381052012", "hash": "ef863c420c74113c0468a18d17ab75584d6e34e3", "bids": [{"price": "0.01", "size": "67.09"}, {"price": "0.02", "size": "16.5"}, {"price": "0.05", "size": "26.68"}, {"price": "0.06", "size": "14.56"}], "asks": [{"price": "0.99", "size": "143.15"}, {"price": "0.98", "size": "26.15"}, {"price": "0.95", "size": "40"}, {"price": "0.94", "size": "16.48"}], "event_type": "book", "last_trade_price": ""}, {"market": "0xd675d07831fee59a0c8b9a2fc46821085ebb72305ce369ec5f2ca2c4f63a7893", "asset_id": "83003650434340817378896469225622074774185116480342673050006160926056435593079", "timestamp": "1769381738363", "hash": "3df3d4787d99261c8d7bc37c64cfbc4209ac4457", "bids": [{"price": "0.01", "size": "101.81"}, {"price": "0.02", "size": "25.56"}, {"price": "0.04", "size": "12"}, {"price": "0.05", "size": "32.17"}], "asks": [{"price": "0.99", "size": "101.81"}, {"price": "0.98", "size": "40.59"}, {"price": "0.97", "size": "16.66"}, {"price": "0.95", "size": "40"}], "event_type": "book", "last_trade_price": ""}, {"market": "0x1beaa953057923cd2b19349db2127db0a6a4b8ac9d9e2333029b433dfc16c412", "asset_id": "86860674945391362505880566229835693444356491986890621553228291144591491230843", "timestamp": "1769381987143", "hash": "ddf91af110e63c3271f4db6b1d44802639ee9d24", "bids": [{"price": "0.01", "size": "105.04"}, {"price": "0.02", "size": "38.97"}, {"price": "0.04", "size": "32.64"}], "asks": [{"price": "0.99", "size": "97.79"}, {"price": "0.98", "size": "26.15"}, {"price": "0.95", "size": "30"}, {"price": "0.94", "size": "30.46"}], "event_type": "book", "last_trade_price": ""}, {"market": "0x3b45d4baa10c890a533faf71e556f70f81b4d658dd1ac9064b4f3d2e2ce60844", "asset_id": "113374082899135545436056021413917972446434058698230414205647267739492753901379", "timestamp": "1769383982161", "hash": "bb60bae1482bcd67a9adf29fd8db7e420f337abb", "bids": [{"price": "0.001", "size": "3086.52"}, {"price": "0.002", "size": "260.71"}, {"price": "0.003", "size": "173.1"}, {"price": "0.004", "size": "15.81"}, {"price": "0.006", "size": "83"}, {"price": "0.007", "size": "11.83"}, {"price": "0.01", "size": "83"}, {"price": "0.011", "size": "71.78"}, {"price": "0.05", "size": "30"}, {"price": "0.052", "size": "5"}], "asks": [{"price": "0.999", "size": "1208.89"}, {"price": "0.998", "size": "350.38"}, {"price": "0.997", "size": "166.66"}, {"price": "0.99", "size": "31.92"}, {"price": "0.989", "size": "13.75"}], "event_type": "book", "last_trade_price": ""}, {"market": "0xb907fb963a89a9287303d1958b78fa873e939af4e41fea6ae2724cebbf9f6538", "asset_id": "13704107583555075778195525499450791994270026222854514820682076630098967156064", "timestamp": "1769381416558", "hash": "8309c5a6669598d4c01f005e8556f1e0b4a8dbea", "bids": [{"price": "0.01", "size": "101.81"}, {"price": "0.02", "size": "17.47"}, {"price": "0.03", "size": "16"}, {"price": "0.04", "size": "11.56"}, {"price": "0.05", "size": "26.16"}], "asks": [{"price": "0.99", "size": "101.81"}, {"price": "0.98", "size": "17.46"}, {"price": "0.97", "size": "16"}, {"price": "0.96", "size": "11.56"}, {"price": "0.95", "size": "40"}], "event_type": "book", "last_trade_price": ""}, {"market": "0x520efead4d9dd80d52cad8dbd2b6ca1a484963bf713048637eefafe0400e1e21", "asset_id": "104221884205630614648715975557410828420780176100170075321526591570941946955381", "timestamp": "1769383596846", "hash": "7529d0c0ca0e6e46613081557777a8d7971adf4f", "bids": [{"price": "0.01", "size": "101.88"}, {"price": "0.02", "size": "25.57"}, {"price": "0.04", "size": "12"}, {"price": "0.05", "size": "41.99"}], "asks": [{"price": "0.99", "size": "103.41"}, {"price": "0.98", "size": "18.98"}, {"price": "0.95", "size": "30"}, {"price": "0.94", "size": "33"}, {"price": "0.9", "size": "15"}, {"price": "0.89", "size": "5.14"}, {"price": "0.5", "size": "11.5"}], "event_type": "book", "last_trade_price": ""}, {"market": "0xcd7101514e93b291e1494772fcca8f6306f88652eb1ecb08080d55ab269bf6ae", "asset_id": "16649710796970346090397092154268424660168645313268964959380389062672590676303", "timestamp": "1769381406809", "hash": "b16661a6d57492f4da1d61ff6f0c3271327b816b", "bids": [{"price": "0.01", "size": "101.81"}, {"price": "0.02", "size": "40.59"}, {"price": "0.03", "size": "16.66"}, {"price": "0.05", "size": "20"}], "asks": [{"price": "0.99", "size": "101.81"}, {"price": "0.98", "size": "40.59"}, {"price": "0.97", "size": "16.66"}, {"price": "0.95", "size": "35.2"}], "event_type": "book", "last_trade_price": ""}, {"market": "0xccaa7949a965050da50b742cc2b1a9d0bd26d9f2cd86342b72847d6944664017", "asset_id": "40370833717988212017701991846800952269942664850640809718501723943139651746723", "timestamp": "1769381411242", "hash": "2e0ce9daca3b42cadc8afe003a179a24955afc9b", "bids": [{"price": "0.01", "size": "97.79"}, {"price": "0.02", "size": "13.73"}, {"price": "0.03", "size": "16"}, {"price": "0.04", "size": "25"}], "asks": [{"price": "0.99", "size": "97.79"}, {"price": "0.98", "size": "26.15"}, {"price": "0.95", "size": "45.4"}, {"price": "0.94", "size": "13.58"}, {"price": "0.93", "size": "5.48"}], "event_type": "book", "last_trade_price": ""}, {"market": "0x7d00fc626e7c21f7c1cdfdc72f1a1d8391619144a1ee4bd1118b637f22d9d8e2", "asset_id": "74156038910077582102318286995553168714192628976242726845867288642739779540202", "timestamp": "1769381924459", "hash": "81314c66acb389d302c6db702cf3e4d8478e5e26", "bids": [{"price": "0.01", "size": "101.91"}, {"price": "0.02", "size": "40.54"}, {"price": "0.05", "size": "30"}], "asks": [{"price": "0.99", "size": "101.91"}, {"price": "0.98", "size": "17.49"}, {"price": "0.97", "size": "16"}, {"price": "0.96", "size": "11.52"}, {"price": "0.95", "size": "5"}], "event_type": "book", "last_trade_price": ""}, {"market": "0x83db8311ebf8b5ec118cc5020fbb81fc7dd5787491e5980ff44c88a3cb0d5a37", "asset_id": "57668106444837199849203795010752023254809556189505773587787607033044732137997", "timestamp": "1769381038588", "hash": "f8f69a15ff38a9a084c960c81ef477a12f5310fc", "bids": [{"price": "0.01", "size": "97.79"}, {"price": "0.02", "size": "26.15"}, {"price": "0.04", "size": "12"}, {"price": "0.05", "size": "20"}, {"price": "0.06", "size": "5.48"}, {"price": "0.07", "size": "5"}], "asks": [{"price": "0.99", "size": "97.79"}, {"price": "0.98", "size": "26.15"}, {"price": "0.96", "size": "12"}, {"price": "0.95", "size": "20"}, {"price": "0.94", "size": "22.08"}], "event_type": "book", "last_trade_price": ""}, {"market": "0x81560b24129135ae954c23de2482ba96a15b18a365d59b2a053e1bc5c2db1165", "asset_id": "7702210779148549634838363146914240364456393346599317896497711525946807036898", "timestamp": "1769383865309", "hash": "2be78cfa5b7ad376b9b106a60a773bdd58c751b3", "bids": [{"price": "0.01", "size": "88.01"}, {"price": "0.02", "size": "10.8"}, {"price": "0.04", "size": "12"}, {"price": "0.05", "size": "20"}, {"price": "0.08", "size": "25"}, {"price": "0.09", "size": "8.15"}, {"price": "0.62", "size": "18.5"}, {"price": "0.8", "size": "32.87"}], "asks": [{"price": "0.99", "size": "94.53"}, {"price": "0.98", "size": "44.23"}], "event_type": "book", "last_trade_price": ""}, {"market": "0xa2a80fb58268033d5f3aedd696cb511273ea14694f77cb5b76a384d333eb94f5", "asset_id": "64549133885886673862722150848657436782005562614364938955073310649808677745650", "timestamp": "1769383820367", "hash": "779307c2f6e5412f123a682b05b1cc62adaa7ae0", "bids": [{"price": "0.001", "size": "1193.64"}, {"price": "0.002", "size": "283.56"}, {"price": "0.003", "size": "166.66"}, {"price": "0.01", "size": "45.12"}, {"price": "0.011", "size": "22.15"}, {"price": "0.013", "size": "1000"}], "asks": [{"price": "0.999", "size": "2087.1"}, {"price": "0.998", "size": "257.56"}, {"price": "0.997", "size": "171.02"}, {"price": "0.996", "size": "11.18"}, {"price": "0.994", "size": "83"}, {"price": "0.993", "size": "12.46"}, {"price": "0.99", "size": "83"}, {"price": "0.989", "size": "74.16"}, {"price": "0.95", "size": "20"}, {"price": "0.949", "size": "6.78"}, {"price": "0.948", "size": "45"}], "event_type": "book", "last_trade_price": ""}, {"market": "0xdae200a103f597861b920e85db1dba66ec07f2baf5a28dffb19fc535b3363d8c", "asset_id": "21091966059054445977862308137624055051212453634521819106218227523155075086158", "timestamp": "1769384005092", "hash": "d3f8fd620cd7209119a47a3ce2d6273660ed20d8", "bids": [{"price": "0.001", "size": "660.84"}, {"price": "0.002", "size": "383.35"}, {"price": "0.003", "size": "171.25"}, {"price": "0.01", "size": "17.94"}, {"price": "0.011", "size": "15.58"}, {"price": "0.014", "size": "44.99"}], "asks": [{"price": "0.999", "size": "1555.17"}, {"price": "0.998", "size": "255.16"}, {"price": "0.997", "size": "166"}, {"price": "0.996", "size": "10.06"}, {"price": "0.994", "size": "83"}, {"price": "0.99", "size": "109.25"}, {"price": "0.989", "size": "45"}, {"price": "0.988", "size": "29.44"}, {"price": "0.95", "size": "30"}, {"price": "0.94", "size": "10"}, {"price": "0.9", "size": "18.75"}, {"price": "0.899", "size": "5.85"}, {"price": "0.5", "size": "5"}, {"price": "0.299", "size": "117.03"}], "event_type": "book", "last_trade_price": ""}, {"market": "0xf78f40598a208ce191465e156e1dfc46ae323149aa7751d5fd5c6d5d0e5fc8f0", "asset_id": "61449745622274857424208479793403979697405391053862364498372065062877485710659", "timestamp": "1769381053380", "hash": "34d76a5a179d3e2b57489c960bd76620e36956b6", "bids": [{"price": "0.01", "size": "101.81"}, {"price": "0.02", "size": "25.56"}, {"price": "0.04", "size": "12"}, {"price": "0.05", "size": "36.51"}], "asks": [{"price": "0.99", "size": "101.81"}, {"price": "0.98", "size": "25.56"}, {"price": "0.96", "size": "12"}, {"price": "0.95", "size": "26.01"}], "event_type": "book", "last_trade_price": ""}, {"market": "0x83db8311ebf8b5ec118cc5020fbb81fc7dd5787491e5980ff44c88a3cb0d5a37", "asset_id": "94359713600111771608802030911977818410197510173054847074575569918677533513906", "timestamp": "1769381038588", "hash": "c4b45bb025e35740a576b799f9a42547b8a29e50", "bids": [{"price": "0.01", "size": "97.79"}, {"price": "0.02", "size": "26.15"}, {"price": "0.04", "size": "12"}, {"price": "0.05", "size": "20"}, {"price": "0.06", "size": "22.08"}], "asks": [{"price": "0.99", "size": "97.79"}, {"price": "0.98", "size": "26.15"}, {"price": "0.96", "size": "12"}, {"price": "0.95", "size": "20"}, {"price": "0.94", "size": "5.48"}, {"price": "0.93", "size": "5"}], "event_type": "book", "last_trade_price": ""}, {"market": "0xd99b777aead1e2ca870b8e512659f7538ff6972e44c58e8a7b58c46b3a8fca61", "asset_id": "82971981850179046369564424121674170538639383779075325954736013627794958511272", "timestamp": "1769383880725", "hash": "372b7d7d6958626171f33fcdecc9fca5250bc41a", "bids": [{"price": "0.001", "size": "2634.26"}, {"price": "0.002", "size": "255.23"}, {"price": "0.003", "size": "166"}, {"price": "0.004", "size": "8.62"}, {"price": "0.006", "size": "83"}, {"price": "0.01", "size": "83"}, {"price": "0.012", "size": "45"}, {"price": "0.04", "size": "12"}, {"price": "0.05", "size": "20"}, {"price": "0.072", "size": "27"}, {"price": "0.073", "size": "18.57"}, {"price": "0.93", "size": "5"}, {"price": "0.931", "size": "7.5"}], "asks": [{"price": "0.999", "size": "572.87"}, {"price": "0.998", "size": "198.25"}, {"price": "0.994", "size": "9.69"}, {"price": "0.993", "size": "10.63"}, {"price": "0.992", "size": "5"}, {"price": "0.99", "size": "47.47"}], "event_type": "book", "last_trade_price": ""}, {"market": "0x105043fc57675d4421fdfc0363dd43230a8bfdf30b6b244352598b1f568e8c11", "asset_id": "33541937519232444832098897643010867407969884390773985017549819934198192188944", "timestamp": "1769381049958", "hash": "7035f6982560eb8613244ff280a22e50b2546606", "bids": [{"price": "0.01", "size": "101.81"}, {"price": "0.02", "size": "17.46"}, {"price": "0.03", "size": "16"}, {"price": "0.04", "size": "11.56"}, {"price": "0.05", "size": "28"}], "asks": [{"price": "0.99", "size": "101.81"}, {"price": "0.98", "size": "17.46"}, {"price": "0.97", "size": "16"}, {"price": "0.96", "size": "11.56"}, {"price": "0.95", "size": "30.4"}], "event_type": "book", "last_trade_price": ""}, {"market": "0x720dfec525797cc3f726c729adff2ec72df8d324f8df323bf82a64db1705ae7e", "asset_id": "90601735758479017544738350513253413505889288847150900036924205462323717845257", "timestamp": "1769381041852", "hash": "9ea01ac2371a9e84896af65b68904be2e95363f2", "bids": [{"price": "0.01", "size": "101.81"}, {"price": "0.02", "size": "17.46"}, {"price": "0.03", "size": "16"}, {"price": "0.04", "size": "11.56"}, {"price": "0.05", "size": "26.16"}], "asks": [{"price": "0.99", "size": "101.81"}, {"price": "0.98", "size": "17.46"}, {"price": "0.97", "size": "16"}, {"price": "0.96", "size": "11.56"}, {"price": "0.95", "size": "40"}], "event_type": "book", "last_trade_price": ""}, {"market": "0x46feff4b8898f02d1cf7328b89aadc506b17b3a8e063de0037b0b2146e122606", "asset_id": "97392521602173278207709370731090728248502535111552500586825363393596392500107", "timestamp": "1769383794790", "hash": "71805c569b7b68be3eb8b0df6312135b75a83cc4", "bids": [{"price": "0.001", "size": "1005.39"}, {"price": "0.002", "size": "19.54"}, {"price": "0.01", "size": "83"}, {"price": "0.011", "size": "17.37"}, {"price": "0.04", "size": "12"}, {"price": "0.05", "size": "20"}, {"price": "0.063", "size": "31"}, {"price": "0.064", "size": "11.94"}, {"price": "0.85", "size": "5"}, {"price": "0.87", "size": "10"}, {"price": "0.92", "size": "200"}, {"price": "0.921", "size": "75.88"}], "asks": [{"price": "0.999", "size": "53.06"}, {"price": "0.998", "size": "14.69"}], "event_type": "book", "last_trade_price": ""}, {"market": "0x6eb8935ea22a7d98b4c503b2243b8882b9a1947c04bed7a978c23890dcbca31c", "asset_id": "26104813970490433382955874668938927127016673305466380034713712668639868066096", "timestamp": "1769383867049", "hash": "469b887148328bef9ef6c3ab745d21f3d239ff8c", "bids": [{"price": "0.001", "size": "2070.07"}, {"price": "0.002", "size": "255.04"}, {"price": "0.003", "size": "166"}, {"price": "0.004", "size": "8.63"}, {"price": "0.006", "size": "83"}, {"price": "0.01", "size": "83"}, {"price": "0.011", "size": "21.19"}, {"price": "0.05", "size": "30"}, {"price": "0.056", "size": "7.41"}, {"price": "0.057", "size": "8.08"}, {"price": "0.06", "size": "59.17"}, {"price": "0.062", "size": "45"}, {"price": "0.063", "size": "31.38"}, {"price": "0.85", "size": "100"}], "asks": [{"price": "0.999", "size": "1260.35"}, {"price": "0.998", "size": "414.31"}], "event_type": "book", "last_trade_price": ""}, {"market": "0xb50b462ad23f8780398c15d23e19103078441a3e1d58e4555708a9035190a50f", "asset_id": "70564191869479891293340369061239626668548508942010558203370100048087793395482", "timestamp": "1769384018000", "hash": "2df9a454be2ca5d1faa649794484255bb96bcb1d", "bids": [{"price": "0.001", "size": "2070.08"}, {"price": "0.002", "size": "255.05"}, {"price": "0.003", "size": "166"}, {"price": "0.004", "size": "8.64"}, {"price": "0.006", "size": "83"}, {"price": "0.01", "size": "83"}, {"price": "0.011", "size": "31.97"}, {"price": "0.05", "size": "30"}, {"price": "0.1", "size": "10"}, {"price": "0.101", "size": "5.92"}, {"price": "0.97", "size": "4.01"}, {"price": "0.989", "size": "24.47"}, {"price": "0.99", "size": "23.64"}], "asks": [{"price": "0.999", "size": "1128.99"}, {"price": "0.998", "size": "200.15"}, {"price": "0.997", "size": "61.87"}, {"price": "0.996", "size": "52.84"}], "event_type": "book", "last_trade_price": ""}, {"market": "0x35c14bfe8617bde47ad851984b8b88162e9e56acaf6cc438e3ec866633323bbb", "asset_id": "61190277916758890449728310553826545709755638006181678978142346200481894006525", "timestamp": "1769383875601", "hash": "a31c7050f2ce53e1c4a7f58a1a9caf99542fdca8", "bids": [{"price": "0.001", "size": "2070.37"}, {"price": "0.002", "size": "23.63"}, {"price": "0.01", "size": "117.18"}, {"price": "0.011", "size": "24.39"}, {"price": "0.05", "size": "30"}, {"price": "0.071", "size": "160.27"}, {"price": "0.072", "size": "9.43"}, {"price": "0.2", "size": "33"}, {"price": "0.61", "size": "50"}, {"price": "0.613", "size": "10"}, {"price": "0.614", "size": "45"}], "asks": [{"price": "0.999", "size": "1597.9"}, {"price": "0.998", "size": "354.2"}, {"price": "0.99", "size": "8"}, {"price": "0.989", "size": "1007.04"}, {"price": "0.988", "size": "12.74"}], "event_type": "book", "last_trade_price": ""}, {"market": "0xf583a373401c0c91f74913cc09c15a800d0bb18d77896ab8c05828d6b11904a4", "asset_id": "44403877695221238336688866956497451579262489899356486228978118701997740497149", "timestamp": "1769381054069", "hash": "d0fe4f0cb5ba66586a42bf31eb8a305f32997941", "bids": [{"price": "0.01", "size": "101.81"}, {"price": "0.02", "size": "25.56"}, {"price": "0.04", "size": "12"}, {"price": "0.05", "size": "36.91"}], "asks": [{"price": "0.99", "size": "101.81"}, {"price": "0.98", "size": "25.56"}, {"price": "0.96", "size": "12"}, {"price": "0.95", "size": "36.51"}], "event_type": "book", "last_trade_price": ""}, {"market": "0x520efead4d9dd80d52cad8dbd2b6ca1a484963bf713048637eefafe0400e1e21", "asset_id": "10344962989437183278725086755533176202677919777644104238975128060548377783793", "timestamp": "1769383596846", "hash": "d15641f269e5487a4c48f8092ec50ac5f16a401a", "bids": [{"price": "0.01", "size": "103.41"}, {"price": "0.02", "size": "18.98"}, {"price": "0.05", "size": "30"}, {"price": "0.06", "size": "33"}, {"price": "0.1", "size": "15"}, {"price": "0.11", "size": "5.14"}, {"price": "0.5", "size": "11.5"}], "asks": [{"price": "0.99", "size": "101.88"}, {"price": "0.98", "size": "25.57"}, {"price": "0.96", "size": "12"}, {"price": "0.95", "size": "41.99"}], "event_type": "book", "last_trade_price": ""}, {"market": "0x48a5e55ac19533da00b4613c7dbc74e5678d329dbbef78cff47ae570cc58ec1f", "asset_id": "72713129247832825976189334829065104076242236714637973444741515775612034037998", "timestamp": "1769381039768", "hash": "5910830abcefc82d5bf31528df270bbb0fbd9564", "bids": [{"price": "0.01", "size": "101.83"}, {"price": "0.02", "size": "17.47"}, {"price": "0.03", "size": "16"}, {"price": "0.04", "size": "11.55"}, {"price": "0.05", "size": "20"}], "asks": [{"price": "0.99", "size": "101.83"}, {"price": "0.98", "size": "25.56"}, {"price": "0.96", "size": "19.4"}, {"price": "0.95", "size": "12"}], "event_type": "book", "last_trade_price": ""}, {"market": "0x46feff4b8898f02d1cf7328b89aadc506b17b3a8e063de0037b0b2146e122606", "asset_id": "52422546947670626034515259995417887753785874184539072027413923763621153150285", "timestamp": "1769383794790", "hash": "d7efdefc0758487dcef781bac3cb5a7972f98526", "bids": [{"price": "0.001", "size": "53.06"}, {"price": "0.002", "size": "14.69"}], "asks": [{"price": "0.999", "size": "1005.39"}, {"price": "0.998", "size": "19.54"}, {"price": "0.99", "size": "83"}, {"price": "0.989", "size": "17.37"}, {"price": "0.96", "size": "12"}, {"price": "0.95", "size": "20"}, {"price": "0.937", "size": "31"}, {"price": "0.936", "size": "11.94"}, {"price": "0.15", "size": "5"}, {"price": "0.13", "size": "10"}, {"price": "0.08", "size": "200"}, {"price": "0.079", "size": "75.88"}], "event_type": "book", "last_trade_price": ""}, {"market": "0x35c14bfe8617bde47ad851984b8b88162e9e56acaf6cc438e3ec866633323bbb", "asset_id": "101247001854214106935730796643806536011571050498493709980778586900833576889754", "timestamp": "1769383875601", "hash": "0cc51a5fb3cc6dc5c3e65627f993040876b16cf4", "bids": [{"price": "0.001", "size": "1597.9"}, {"price": "0.002", "size": "354.2"}, {"price": "0.01", "size": "8"}, {"price": "0.011", "size": "1007.04"}, {"price": "0.012", "size": "12.74"}], "asks": [{"price": "0.999", "size": "2070.37"}, {"price": "0.998", "size": "23.63"}, {"price": "0.99", "size": "117.18"}, {"price": "0.989", "size": "24.39"}, {"price": "0.95", "size": "30"}, {"price": "0.929", "size": "160.27"}, {"price": "0.928", "size": "9.43"}, {"price": "0.8", "size": "33"}, {"price": "0.39", "size": "50"}, {"price": "0.387", "size": "10"}, {"price": "0.386", "size": "45"}], "event_type": "book", "last_trade_price": ""}, {"market": "0xccaa7949a965050da50b742cc2b1a9d0bd26d9f2cd86342b72847d6944664017", "asset_id": "102587321480141566528782023931105937179495775821835324364315207013579305963648", "timestamp": "1769381411242", "hash": "136e276dad364fc154ed035fde9298ba4c96b1d8", "bids": [{"price": "0.01", "size": "97.79"}, {"price": "0.02", "size": "26.15"}, {"price": "0.05", "size": "45.4"}, {"price": "0.06", "size": "13.58"}, {"price": "0.07", "size": "5.48"}], "asks": [{"price": "0.99", "size": "97.79"}, {"price": "0.98", "size": "13.73"}, {"price": "0.97", "size": "16"}, {"price": "0.96", "size": "25"}], "event_type": "book", "last_trade_price": ""}, {"market": "0x2b3c35ed58de30d18ac3d2e48b9c32d509908dc6e745f802aec290187bb0aadc", "asset_id": "32780894581601575183858914057129583363574542318072052235997043437535827267882", "timestamp": "1769383818500", "hash": "9a9a85cb376278ae1d454819af96d0b35d71ee64", "bids": [{"price": "0.001", "size": "2070.07"}, {"price": "0.002", "size": "255.05"}, {"price": "0.003", "size": "166"}, {"price": "0.004", "size": "8.64"}, {"price": "0.006", "size": "83"}, {"price": "0.01", "size": "83"}, {"price": "0.011", "size": "15.99"}, {"price": "0.05", "size": "30"}, {"price": "0.051", "size": "15.18"}, {"price": "0.223", "size": "14"}, {"price": "0.523", "size": "6"}, {"price": "0.723", "size": "32"}, {"price": "0.823", "size": "13"}, {"price": "0.923", "size": "110"}, {"price": "0.924", "size": "167.29"}, {"price": "0.925", "size": "114.14"}, {"price": "0.94", "size": "10"}, {"price": "0.941", "size": "15"}, {"price": "0.942", "size": "11"}], "asks": [{"price": "0.999", "size": "514.79"}, {"price": "0.99", "size": "8"}], "event_type": "book", "last_trade_price": ""}, {"market": "0x48a5e55ac19533da00b4613c7dbc74e5678d329dbbef78cff47ae570cc58ec1f", "asset_id": "43498558457187003433885404844897888138648021644726023520490547673877278991184", "timestamp": "1769381039768", "hash": "a71988c26983c4bf26815d44ddbd4dcb14b02949", "bids": [{"price": "0.01", "size": "101.83"}, {"price": "0.02", "size": "25.56"}, {"price": "0.04", "size": "19.4"}, {"price": "0.05", "size": "12"}], "asks": [{"price": "0.99", "size": "101.83"}, {"price": "0.98", "size": "17.47"}, {"price": "0.97", "size": "16"}, {"price": "0.96", "size": "11.55"}, {"price": "0.95", "size": "20"}], "event_type": "book", "last_trade_price": ""}, {"market": "0xdae200a103f597861b920e85db1dba66ec07f2baf5a28dffb19fc535b3363d8c", "asset_id": "57841215899471258366288259574434299382775786141323398367163401717780958668974", "timestamp": "1769384005092", "hash": "1ff9b6027820af5e9e71fc8d74c7346745b6de1d", "bids": [{"price": "0.001", "size": "1555.17"}, {"price": "0.002", "size": "255.16"}, {"price": "0.003", "size": "166"}, {"price": "0.004", "size": "10.06"}, {"price": "0.006", "size": "83"}, {"price": "0.01", "size": "109.25"}, {"price": "0.011", "size": "45"}, {"price": "0.012", "size": "29.44"}, {"price": "0.05", "size": "30"}, {"price": "0.06", "size": "10"}, {"price": "0.1", "size": "18.75"}, {"price": "0.101", "size": "5.85"}, {"price": "0.5", "size": "5"}, {"price": "0.701", "size": "117.03"}], "asks": [{"price": "0.999", "size": "660.84"}, {"price": "0.998", "size": "383.35"}, {"price": "0.997", "size": "171.25"}, {"price": "0.99", "size": "17.94"}, {"price": "0.989", "size": "15.58"}, {"price": "0.986", "size": "44.99"}], "event_type": "book", "last_trade_price": ""}, {"market": "0xd675d07831fee59a0c8b9a2fc46821085ebb72305ce369ec5f2ca2c4f63a7893", "asset_id": "64381095378846479767500109777485633504004683331681123428739458884978552417098", "timestamp": "1769381738363", "hash": "26a52015310431c9cd0ba10d567ca912fa1d6efb", "bids": [{"price": "0.01", "size": "101.81"}, {"price": "0.02", "size": "40.59"}, {"price": "0.03", "size": "16.66"}, {"price": "0.05", "size": "40"}], "asks": [{"price": "0.99", "size": "101.81"}, {"price": "0.98", "size": "25.56"}, {"price": "0.96", "size": "12"}, {"price": "0.95", "size": "32.17"}], "event_type": "book", "last_trade_price": ""}, {"market": "0x0605a9c45783f82ef8f50dacfc0b6af5bc1e6c190b21b0b5efc2abcc30471b36", "asset_id": "82213300464928875425591808529291774743401577427471991429296905226642066218262", "timestamp": "1769381986430", "hash": "81ad398ca481f2b9f6b30ccf1b1e678049d9fabd", "bids": [{"price": "0.01", "size": "101.81"}, {"price": "0.02", "size": "17.46"}, {"price": "0.03", "size": "16"}, {"price": "0.04", "size": "11.56"}, {"price": "0.05", "size": "28"}], "asks": [{"price": "0.99", "size": "101.81"}, {"price": "0.98", "size": "25.56"}, {"price": "0.96", "size": "12"}, {"price": "0.95", "size": "46.01"}], "event_type": "book", "last_trade_price": ""}, {"market": "0x4b37054c9921ec472c77c43b1f18e571a2438bb669e9e8dbd5255e352b263e44", "asset_id": "82681517012343299704133617588825741129608910460727076629236202252391410040251", "timestamp": "1769383838081", "hash": "1c7429b632510ef634aebbb0fd9c0ebddbd99dcc", "bids": [{"price": "0.01", "size": "108.3"}, {"price": "0.02", "size": "18.42"}, {"price": "0.05", "size": "30"}, {"price": "0.1", "size": "20"}, {"price": "0.11", "size": "23.25"}, {"price": "0.86", "size": "50"}, {"price": "0.87", "size": "25.49"}], "asks": [{"price": "0.99", "size": "33"}], "event_type": "book", "last_trade_price": ""}, {"market": "0xf583a373401c0c91f74913cc09c15a800d0bb18d77896ab8c05828d6b11904a4", "asset_id": "92617995334225114811720492916712594301904206913772558118733578933505718263991", "timestamp": "1769381054069", "hash": "7c2a4c22854b6f43b85371811e513ae97120fc91", "bids": [{"price": "0.01", "size": "101.81"}, {"price": "0.02", "size": "25.56"}, {"price": "0.04", "size": "12"}, {"price": "0.05", "size": "36.51"}], "asks": [{"price": "0.99", "size": "101.81"}, {"price": "0.98", "size": "25.56"}, {"price": "0.96", "size": "12"}, {"price": "0.95", "size": "36.91"}], "event_type": "book", "last_trade_price": ""}, {"market": "0x65084c520a86c10f69770b8fcdbb11b2fca4ab29ec3ca5f804c5a50b7ba23f98", "asset_id": "71789740316108948364288672161471627384961537330658402449982844705164224909940", "timestamp": "1769382468791", "hash": "058bd3613c4b65616ff00b90dfb7ea61fd3da8b4", "bids": [{"price": "0.001", "size": "2148"}, {"price": "0.002", "size": "259.45"}, {"price": "0.003", "size": "49.23"}, {"price": "0.01", "size": "95"}, {"price": "0.011", "size": "74.03"}, {"price": "0.06", "size": "49.9"}], "asks": [{"price": "0.999", "size": "2087.15"}, {"price": "0.998", "size": "261.02"}, {"price": "0.997", "size": "173.31"}, {"price": "0.996", "size": "16.29"}, {"price": "0.994", "size": "83"}, {"price": "0.993", "size": "12.19"}, {"price": "0.99", "size": "83"}, {"price": "0.989", "size": "25.75"}, {"price": "0.98", "size": "25"}, {"price": "0.979", "size": "23.8"}, {"price": "0.95", "size": "20"}], "event_type": "book", "last_trade_price": ""}, {"market": "0xcd7101514e93b291e1494772fcca8f6306f88652eb1ecb08080d55ab269bf6ae", "asset_id": "94924513164848092557544449080183285402816465795959219110743583089877876562764", "timestamp": "1769381406809", "hash": "612ebe45d7daa0ea0f1fa6fac8f25a32893f0d87", "bids": [{"price": "0.01", "size": "101.81"}, {"price": "0.02", "size": "40.59"}, {"price": "0.03", "size": "16.66"}, {"price": "0.05", "size": "35.2"}], "asks": [{"price": "0.99", "size": "101.81"}, {"price": "0.98", "size": "40.59"}, {"price": "0.97", "size": "16.66"}, {"price": "0.95", "size": "20"}], "event_type": "book", "last_trade_price": ""}, {"market": "0xeba6cbff22d3ec08f6b4847065212e3f600fe7ce4ea0adf9170104dc180338a4", "asset_id": "75440895912615995060214064517857120044991727211396575385497851418992943980639", "timestamp": "1769383809588", "hash": "ccb368d1e1588f018d79eaaef1210b0f525ed6fa", "bids": [{"price": "0.001", "size": "2087.02"}, {"price": "0.002", "size": "260.95"}, {"price": "0.003", "size": "173.26"}, {"price": "0.004", "size": "16.16"}, {"price": "0.006", "size": "83"}, {"price": "0.007", "size": "12.08"}, {"price": "0.01", "size": "83"}, {"price": "0.011", "size": "71.37"}, {"price": "0.05", "size": "30"}, {"price": "0.051", "size": "8.23"}, {"price": "0.052", "size": "45"}], "asks": [{"price": "0.999", "size": "1188.19"}, {"price": "0.998", "size": "385.14"}, {"price": "0.997", "size": "166.68"}, {"price": "0.99", "size": "8"}, {"price": "0.989", "size": "7.27"}, {"price": "0.985", "size": "200"}], "event_type": "book", "last_trade_price": "0.027"}, {"market": "0x1a27982049c32342ca0b0638ae6344c464661dc5df700861ae40feaa17709a34", "asset_id": "69524366498132115017549888883062767067922286127023158618917501282707103264437", "timestamp": "1769381052012", "hash": "d1d8a3fb941ee55feb75f912b857ea4e3206bf3b", "bids": [{"price": "0.01", "size": "143.15"}, {"price": "0.02", "size": "26.15"}, {"price": "0.05", "size": "40"}, {"price": "0.06", "size": "16.48"}], "asks": [{"price": "0.99", "size": "67.09"}, {"price": "0.98", "size": "16.5"}, {"price": "0.95", "size": "26.68"}, {"price": "0.94", "size": "14.56"}], "event_type": "book", "last_trade_price": ""}, {"market": "0x720dfec525797cc3f726c729adff2ec72df8d324f8df323bf82a64db1705ae7e", "asset_id": "99463603461238262802925173351756375004119552859192847392441939929466143092076", "timestamp": "1769381041852", "hash": "73a20e6b5832af2092c8accba613d756d41ac7ea", "bids": [{"price": "0.01", "size": "101.81"}, {"price": "0.02", "size": "17.46"}, {"price": "0.03", "size": "16"}, {"price": "0.04", "size": "11.56"}, {"price": "0.05", "size": "40"}], "asks": [{"price": "0.99", "size": "101.81"}, {"price": "0.98", "size": "17.46"}, {"price": "0.97", "size": "16"}, {"price": "0.96", "size": "11.56"}, {"price": "0.95", "size": "26.16"}], "event_type": "book", "last_trade_price": ""}, {"market": "0x28b0f6279546ceb2e845248dbaa8f0af27dc88654614fc1ac49d600e8bd1f610", "asset_id": "81405783261165019654101917770376654772738629516509126929085385953199103491720", "timestamp": "1769381050632", "hash": "b45b4c3489ab0976e5c4cf6715825879b97ae968", "bids": [{"price": "0.01", "size": "101.81"}, {"price": "0.02", "size": "25.56"}, {"price": "0.04", "size": "12"}, {"price": "0.05", "size": "36.51"}], "asks": [{"price": "0.99", "size": "101.81"}, {"price": "0.98", "size": "17.46"}, {"price": "0.97", "size": "16"}, {"price": "0.96", "size": "11.56"}, {"price": "0.95", "size": "28.8"}], "event_type": "book", "last_trade_price": ""}, {"market": "0xf78f40598a208ce191465e156e1dfc46ae323149aa7751d5fd5c6d5d0e5fc8f0", "asset_id": "103904882184951860724404071567648414408529027051469956512991054758705234287539", "timestamp": "1769381053380", "hash": "4a2a134321e9707452344120e279e921f899b537", "bids": [{"price": "0.01", "size": "101.81"}, {"price": "0.02", "size": "25.56"}, {"price": "0.04", "size": "12"}, {"price": "0.05", "size": "26.01"}], "asks": [{"price": "0.99", "size": "101.81"}, {"price": "0.98", "size": "25.56"}, {"price": "0.96", "size": "12"}, {"price": "0.95", "size": "36.51"}], "event_type": "book", "last_trade_price": ""}]}
{"_local_timestamp": "2026-01-25T23:34:04.073885+00:00", "data": {"market": "0xa2a80fb58268033d5f3aedd696cb511273ea14694f77cb5b76a384d333eb94f5", "price_changes": [{"asset_id": "53404090025437523987637510431787318274629772155648852376223145118623867102206", "price": "0.007", "size": "0", "side": "BUY", "hash": "3a5992856b3f1e472f9822707b730073d552b111", "best_bid": "0.052", "best_ask": "0.987"}, {"asset_id": "64549133885886673862722150848657436782005562614364938955073310649808677745650", "price": "0.993", "size": "0", "side": "SELL", "hash": "b6369ca6ed1f63073d4a7399b342c4ee4f140120", "best_bid": "0.013", "best_ask": "0.948"}], "timestamp": "1769384044000", "event_type": "price_change"}}
{"_local_timestamp": "2026-01-25T23:34:04.079584+00:00", "data": {"market": "0xa2a80fb58268033d5f3aedd696cb511273ea14694f77cb5b76a384d333eb94f5", "price_changes": [{"asset_id": "53404090025437523987637510431787318274629772155648852376223145118623867102206", "price": "0.003", "size": "166", "side": "BUY", "hash": "57e7d6a996d41ee2751bd9b340c2128a8bba27b9", "best_bid": "0.052", "best_ask": "0.987"}, {"asset_id": "64549133885886673862722150848657436782005562614364938955073310649808677745650", "price": "0.997", "size": "166", "side": "SELL", "hash": "91816a02f4584a1cbbbcb32188ab849002d03138", "best_bid": "0.013", "best_ask": "0.948"}], "timestamp": "1769384044001", "event_type": "price_change"}}
{"_local_timestamp": "2026-01-25T23:34:04.081340+00:00", "data": {"market": "0xa2a80fb58268033d5f3aedd696cb511273ea14694f77cb5b76a384d333eb94f5", "price_changes": [{"asset_id": "53404090025437523987637510431787318274629772155648852376223145118623867102206", "price": "0.004", "size": "0", "side": "BUY", "hash": "4da2b81c25290d4ff1685bd2e4d1a34688907e60", "best_bid": "0.052", "best_ask": "0.987"}, {"asset_id": "64549133885886673862722150848657436782005562614364938955073310649808677745650", "price": "0.996", "size": "0", "side": "SELL", "hash": "ec4341eed8e02601ba96d3fa3378d67ddc12f412", "best_bid": "0.013", "best_ask": "0.948"}], "timestamp": "1769384044003", "event_type": "price_change"}}
{"_local_timestamp": "2026-01-25T23:34:04.087132+00:00", "data": {"market": "0xa2a80fb58268033d5f3aedd696cb511273ea14694f77cb5b76a384d333eb94f5", "price_changes": [{"asset_id": "53404090025437523987637510431787318274629772155648852376223145118623867102206", "price": "0.002", "size": "250", "side": "BUY", "hash": "f0ef5278ecfaf112a36bda51d1eb7b48d27dc527", "best_bid": "0.052", "best_ask": "0.987"}, {"asset_id": "64549133885886673862722150848657436782005562614364938955073310649808677745650", "price": "0.998", "size": "250", "side": "SELL", "hash": "e2690c914533d9e00270eb16e7a75dbb639621df", "best_bid": "0.013", "best_ask": "0.948"}], "timestamp": "1769384044004", "event_type": "price_change"}}
{"_local_timestamp": "2026-01-25T23:34:04.087475+00:00", "data": {"market": "0xa2a80fb58268033d5f3aedd696cb511273ea14694f77cb5b76a384d333eb94f5", "price_changes": [{"asset_id": "53404090025437523987637510431787318274629772155648852376223145118623867102206", "price": "0.001", "size": "2071.89", "side": "BUY", "hash": "f0ef5278ecfaf112a36bda51d1eb7b48d27dc527", "best_bid": "0.052", "best_ask": "0.987"}, {"asset_id": "64549133885886673862722150848657436782005562614364938955073310649808677745650", "price": "0.999", "size": "2071.89", "side": "SELL", "hash": "e2690c914533d9e00270eb16e7a75dbb639621df", "best_bid": "0.013", "best_ask": "0.948"}], "timestamp": "1769384044004", "event_type": "price_change"}}
{"_local_timestamp": "2026-01-25T23:34:05.142315+00:00", "data": {"market": "0xd99b777aead1e2ca870b8e512659f7538ff6972e44c58e8a7b58c46b3a8fca61", "price_changes": [{"asset_id": "82971981850179046369564424121674170538639383779075325954736013627794958511272", "price": "0.001", "size": "2628.99", "side": "BUY", "hash": "04ee19180480e9f22612d497b26af2dcf4715495", "best_bid": "0.931", "best_ask": "0.99"}, {"asset_id": "108943556860097101277392412726172272994041797550875331254728709720039572165871", "price": "0.999", "size": "2628.99", "side": "SELL", "hash": "c289f26359aca76888da5917247a8d8b02856072", "best_bid": "0.01", "best_ask": "0.069"}], "timestamp": "1769384045003", "event_type": "price_change"}}
{"_local_timestamp": "2026-01-25T23:34:05.145843+00:00", "data": {"market": "0xd99b777aead1e2ca870b8e512659f7538ff6972e44c58e8a7b58c46b3a8fca61", "price_changes": [{"asset_id": "82971981850179046369564424121674170538639383779075325954736013627794958511272", "price": "0.002", "size": "250", "side": "BUY", "hash": "180105fd2aa067d7b494d92c61d6e23d2912ed0d", "best_bid": "0.931", "best_ask": "0.99"}, {"asset_id": "108943556860097101277392412726172272994041797550875331254728709720039572165871", "price": "0.998", "size": "250", "side": "SELL", "hash": "6b986d87cbbf3293c9eb1c25b1101ccf519ba69a", "best_bid": "0.01", "best_ask": "0.069"}], "timestamp": "1769384045004", "event_type": "price_change"}}
{"_local_timestamp": "2026-01-25T23:34:05.149638+00:00", "data": {"market": "0x81560b24129135ae954c23de2482ba96a15b18a365d59b2a053e1bc5c2db1165", "price_changes": [{"asset_id": "7702210779148549634838363146914240364456393346599317896497711525946807036898", "price": "0.01", "size": "83", "side": "BUY", "hash": "06a7d7a02ef616c2037ecdfbd698ac27cb3b9b16", "best_bid": "0.8", "best_ask": "0.98"}, {"asset_id": "81932411978720980659318830815553685410990390363044017841543795251366205748415", "price": "0.99", "size": "83", "side": "SELL", "hash": "548e8f986429486774157c306a1b00bec25ba7c0", "best_bid": "0.02", "best_ask": "0.2"}], "timestamp": "1769384045005", "event_type": "price_change"}}
{"_local_timestamp": "2026-01-25T23:34:05.159524+00:00", "data": {"market": "0x81560b24129135ae954c23de2482ba96a15b18a365d59b2a053e1bc5c2db1165", "price_changes": [{"asset_id": "7702210779148549634838363146914240364456393346599317896497711525946807036898", "price": "0.02", "size": "0", "side": "BUY", "hash": "10b3032216e9c1c0583c36f37fdc8de6cdc07830", "best_bid": "0.8", "best_ask": "0.98"}, {"asset_id": "81932411978720980659318830815553685410990390363044017841543795251366205748415", "price": "0.98", "size": "0", "side": "SELL", "hash": "b2824a8206d470b159b6deb8cc4685759d648914", "best_bid": "0.02", "best_ask": "0.2"}], "timestamp": "1769384045006", "event_type": "price_change"}}
{"_local_timestamp": "2026-01-25T23:34:41.502757+00:00", "data": {"market": "0xa2a80fb58268033d5f3aedd696cb511273ea14694f77cb5b76a384d333eb94f5", "price_changes": [{"asset_id": "53404090025437523987637510431787318274629772155648852376223145118623867102206", "price": "0.052", "size": "0", "side": "BUY", "hash": "f1c382bca6993654e9d01735b0fc25d4f4674b3a", "best_bid": "0.051", "best_ask": "0.987"}, {"asset_id": "64549133885886673862722150848657436782005562614364938955073310649808677745650", "price": "0.948", "size": "0", "side": "SELL", "hash": "51d8a408c52e6829798c123e257a6234b90eedcb", "best_bid": "0.013", "best_ask": "0.949"}], "timestamp": "1769384081418", "event_type": "price_change"}}
{"_local_timestamp": "2026-01-25T23:34:41.506798+00:00", "data": {"market": "0xd99b777aead1e2ca870b8e512659f7538ff6972e44c58e8a7b58c46b3a8fca61", "price_changes": [{"asset_id": "82971981850179046369564424121674170538639383779075325954736013627794958511272", "price": "0.012", "size": "0", "side": "BUY", "hash": "8ece95cd3fa335c898b4cfc291b586e8890a99e1", "best_bid": "0.931", "best_ask": "0.99"}, {"asset_id": "108943556860097101277392412726172272994041797550875331254728709720039572165871", "price": "0.988", "size": "0", "side": "SELL", "hash": "ee469e54f75b5390850f179e26edd72aec287c8c", "best_bid": "0.01", "best_ask": "0.069"}], "timestamp": "1769384081417", "event_type": "price_change"}}
{"_local_timestamp": "2026-01-25T23:34:41.519446+00:00", "data": {"market": "0xdae200a103f597861b920e85db1dba66ec07f2baf5a28dffb19fc535b3363d8c", "price_changes": [{"asset_id": "57841215899471258366288259574434299382775786141323398367163401717780958668974", "price": "0.011", "size": "0", "side": "BUY", "hash": "69141421456519b9e734882647e34727862bd188", "best_bid": "0.701", "best_ask": "0.989"}, {"asset_id": "21091966059054445977862308137624055051212453634521819106218227523155075086158", "price": "0.989", "size": "0", "side": "SELL", "hash": "ed9837eed9aacd7bf583dbe5d7847e5893639f70", "best_bid": "0.011", "best_ask": "0.299"}], "timestamp": "1769384081420", "event_type": "price_change"}}
{"_local_timestamp": "2026-01-25T23:34:41.519869+00:00", "data": {"market": "0xdae200a103f597861b920e85db1dba66ec07f2baf5a28dffb19fc535b3363d8c", "price_changes": [{"asset_id": "57841215899471258366288259574434299382775786141323398367163401717780958668974", "price": "0.986", "size": "0", "side": "SELL", "hash": "69141421456519b9e734882647e34727862bd188", "best_bid": "0.701", "best_ask": "0.989"}, {"asset_id": "21091966059054445977862308137624055051212453634521819106218227523155075086158", "price": "0.014", "size": "0", "side": "BUY", "hash": "ed9837eed9aacd7bf583dbe5d7847e5893639f70", "best_bid": "0.011", "best_ask": "0.299"}], "timestamp": "1769384081420", "event_type": "price_change"}}
{"_local_timestamp": "2026-01-25T23:34:41.538553+00:00", "data": {"market": "0xeba6cbff22d3ec08f6b4847065212e3f600fe7ce4ea0adf9170104dc180338a4", "price_changes": [{"asset_id": "75440895912615995060214064517857120044991727211396575385497851418992943980639", "price": "0.052", "size": "0", "side": "BUY", "hash": "156a142bf9e8076449f6de4160d81a51170b24e5", "best_bid": "0.051", "best_ask": "0.985"}, {"asset_id": "35641901767108632339706555271562824340712571039694747206799339394704193396238", "price": "0.948", "size": "0", "side": "SELL", "hash": "727172a157452e4f54cccec1700022ca0e46dbf4", "best_bid": "0.015", "best_ask": "0.949"}], "timestamp": "1769384081421", "event_type": "price_change"}}
{"_local_timestamp": "2026-01-25T23:34:41.583820+00:00", "data": {"market": "0x35c14bfe8617bde47ad851984b8b88162e9e56acaf6cc438e3ec866633323bbb", "price_changes": [{"asset_id": "61190277916758890449728310553826545709755638006181678978142346200481894006525", "price": "0.614", "size": "0", "side": "BUY", "hash": "4264bc9ace30ff15a99452546b4450321bf91a56", "best_bid": "0.613", "best_ask": "0.988"}, {"asset_id": "101247001854214106935730796643806536011571050498493709980778586900833576889754", "price": "0.386", "size": "0", "side": "SELL", "hash": "74a8920a680136d61e93d445078540d07b14c6d4", "best_bid": "0.012", "best_ask": "0.387"}], "timestamp": "1769384081422", "event_type": "price_change"}}
{"_local_timestamp": "2026-01-25T23:34:41.587427+00:00", "data": {"market": "0x6eb8935ea22a7d98b4c503b2243b8882b9a1947c04bed7a978c23890dcbca31c", "price_changes": [{"asset_id": "26104813970490433382955874668938927127016673305466380034713712668639868066096", "price": "0.062", "size": "0", "side": "BUY", "hash": "9719ae4a200fa37e9887ee7270fe08205b57495e", "best_bid": "0.85", "best_ask": "0.998"}, {"asset_id": "12328053984000735148895671022679341011557022238824384967106284297382812789694", "price": "0.938", "size": "0", "side": "SELL", "hash": "78cce5252d6eb5d5fc9289c2f0b3c492b67c985f", "best_bid": "0.002", "best_ask": "0.15"}], "timestamp": "1769384081423", "event_type": "price_change"}}
{"_local_timestamp": "2026-01-25T23:34:58.514008+00:00", "data": {"market": "0x3b45d4baa10c890a533faf71e556f70f81b4d658dd1ac9064b4f3d2e2ce60844", "price_changes": [{"asset_id": "113374082899135545436056021413917972446434058698230414205647267739492753901379", "price": "0.052", "size": "0", "side": "BUY", "hash": "89fa8aaec368387fb021cbd386be7b143e7b13ae", "best_bid": "0.05", "best_ask": "0.989"}, {"asset_id": "27443889870510071208957331181193092828725054630981398752449485134887240473938", "price": "0.948", "size": "0", "side": "SELL", "hash": "f7ed7bc4652b24d3955ea174b86a70cdf102193e", "best_bid": "0.011", "best_ask": "0.95"}], "timestamp": "1769384098442", "event_type": "price_change"}}
{"_local_timestamp": "2026-01-25T23:34:58.769214+00:00", "data": {"market": "0x3b45d4baa10c890a533faf71e556f70f81b4d658dd1ac9064b4f3d2e2ce60844", "price_changes": [{"asset_id": "113374082899135545436056021413917972446434058698230414205647267739492753901379", "price": "0.051", "size": "5", "side": "BUY", "hash": "3727683cdca7b773dfdc99d0125d9d7e9b6e3311", "best_bid": "0.051", "best_ask": "0.989"}, {"asset_id": "27443889870510071208957331181193092828725054630981398752449485134887240473938", "price": "0.949", "size": "5", "side": "SELL", "hash": "8a399a6701a6eb1c030cf0d97269e15339c66e1c", "best_bid": "0.011", "best_ask": "0.949"}], "timestamp": "1769384098692", "event_type": "price_change"}}
{"_local_timestamp": "2026-01-25T23:35:05.571318+00:00", "data": {"market": "0x46feff4b8898f02d1cf7328b89aadc506b17b3a8e063de0037b0b2146e122606", "price_changes": [{"asset_id": "52422546947670626034515259995417887753785874184539072027413923763621153150285", "price": "0.002", "size": "0", "side": "BUY", "hash": "087590bf7c14774e22580929120fc0160add8dc3", "best_bid": "0.001", "best_ask": "0.079"}, {"asset_id": "97392521602173278207709370731090728248502535111552500586825363393596392500107", "price": "0.998", "size": "0", "side": "SELL", "hash": "2471af59f10d41f6218edb4dc36aa5d8ca8dbe80", "best_bid": "0.921", "best_ask": "0.999"}], "timestamp": "1769384105492", "event_type": "price_change"}}
{"_local_timestamp": "2026-01-25T23:35:05.913268+00:00", "data": {"market": "0x46feff4b8898f02d1cf7328b89aadc506b17b3a8e063de0037b0b2146e122606", "price_changes": [{"asset_id": "52422546947670626034515259995417887753785874184539072027413923763621153150285", "price": "0.002", "size": "14.69", "side": "BUY", "hash": "401f2db45c47eaf6eeba611e7496692455bfbecd", "best_bid": "0.002", "best_ask": "0.079"}, {"asset_id": "97392521602173278207709370731090728248502535111552500586825363393596392500107", "price": "0.998", "size": "14.69", "side": "SELL", "hash": "1f7a2ac5d5f2d3862094730c257cfaefa201ad02", "best_bid": "0.921", "best_ask": "0.998"}], "timestamp": "1769384105845", "event_type": "price_change"}}
{"_local_timestamp": "2026-01-25T23:35:08.605449+00:00", "data": {"market": "0x2b3c35ed58de30d18ac3d2e48b9c32d509908dc6e745f802aec290187bb0aadc", "price_changes": [{"asset_id": "41327091150222417315524120803307619532588169225837653860107328361322339116463", "price": "0.001", "size": "0", "side": "BUY", "hash": "e860cec4646c10129aff1d2fe1906f45c7e450cc", "best_bid": "0.01", "best_ask": "0.058"}, {"asset_id": "32780894581601575183858914057129583363574542318072052235997043437535827267882", "price": "0.999", "size": "0", "side": "SELL", "hash": "daf8000a8a8962593d55e1053651f9c9075c3fc8", "best_bid": "0.942", "best_ask": "0.99"}], "timestamp": "1769384108532", "event_type": "price_change"}}
{"_local_timestamp": "2026-01-25T23:35:08.626337+00:00", "data": {"market": "0x2b3c35ed58de30d18ac3d2e48b9c32d509908dc6e745f802aec290187bb0aadc", "price_changes": [{"asset_id": "41327091150222417315524120803307619532588169225837653860107328361322339116463", "price": "0.058", "size": "0", "side": "SELL", "hash": "5de5ed2de56607e641c3563231e05915da4097a2", "best_bid": "0.01", "best_ask": "0.059"}, {"asset_id": "32780894581601575183858914057129583363574542318072052235997043437535827267882", "price": "0.942", "size": "0", "side": "BUY", "hash": "4ec70e83f7deb38deee390de0805120b37700d96", "best_bid": "0.941", "best_ask": "0.99"}], "timestamp": "1769384108557", "event_type": "price_change"}}
{"_local_timestamp": "2026-01-25T23:35:08.717547+00:00", "data": {"market": "0xdae200a103f597861b920e85db1dba66ec07f2baf5a28dffb19fc535b3363d8c", "price_changes": [{"asset_id": "57841215899471258366288259574434299382775786141323398367163401717780958668974", "price": "0.988", "size": "44.99", "side": "SELL", "hash": "bee8dc34fd3eed997bcc7b6fc421be7f6fcb2d80", "best_bid": "0.701", "best_ask": "0.988"}, {"asset_id": "21091966059054445977862308137624055051212453634521819106218227523155075086158", "price": "0.012", "size": "44.99", "side": "BUY", "hash": "2f6f76972cb9f2e07f331661b2e9626f950dfedf", "best_bid": "0.012", "best_ask": "0.299"}], "timestamp": "1769384108645", "event_type": "price_change"}}
{"_local_timestamp": "2026-01-25T23:35:09.113795+00:00", "data": {"market": "0x2b3c35ed58de30d18ac3d2e48b9c32d509908dc6e745f802aec290187bb0aadc", "price_changes": [{"asset_id": "41327091150222417315524120803307619532588169225837653860107328361322339116463", "price": "0.001", "size": "514.79", "side": "BUY", "hash": "fa87b120b3bec860d48b3750b265f74295fb22f0", "best_bid": "0.01", "best_ask": "0.059"}, {"asset_id": "32780894581601575183858914057129583363574542318072052235997043437535827267882", "price": "0.999", "size": "514.79", "side": "SELL", "hash": "775c9a24d50abd2ee3be5d7e718de2f06ccf3341", "best_bid": "0.941", "best_ask": "0.99"}], "timestamp": "1769384109044", "event_type": "price_change"}}
{"_local_timestamp": "2026-01-25T23:35:09.170684+00:00", "data": {"market": "0x2b3c35ed58de30d18ac3d2e48b9c32d509908dc6e745f802aec290187bb0aadc", "price_changes": [{"asset_id": "41327091150222417315524120803307619532588169225837653860107328361322339116463", "price": "0.058", "size": "11", "side": "SELL", "hash": "3c7c3d4a63086fd57ada396f5a238cccbf09c60b", "best_bid": "0.01", "best_ask": "0.058"}, {"asset_id": "32780894581601575183858914057129583363574542318072052235997043437535827267882", "price": "0.942", "size": "11", "side": "BUY", "hash": "d0199fc5349e355f8322cf3f70f56b7aed929de7", "best_bid": "0.942", "best_ask": "0.99"}], "timestamp": "1769384109087", "event_type": "price_change"}}
{"_local_timestamp": "2026-01-25T23:35:13.347464+00:00", "data": {"market": "0xdae200a103f597861b920e85db1dba66ec07f2baf5a28dffb19fc535b3363d8c", "price_changes": [{"asset_id": "57841215899471258366288259574434299382775786141323398367163401717780958668974", "price": "0.013", "size": "45", "side": "BUY", "hash": "6e1c2c4f5ceb9b59601393c13edc7a3c30cc9e2a", "best_bid": "0.701", "best_ask": "0.988"}, {"asset_id": "21091966059054445977862308137624055051212453634521819106218227523155075086158", "price": "0.987", "size": "45", "side": "SELL", "hash": "2a74558d60cfa69973c022376fe4e083237bf6b7", "best_bid": "0.012", "best_ask": "0.299"}], "timestamp": "1769384113223", "event_type": "price_change"}}
{"_local_timestamp": "2026-01-25T23:35:13.382760+00:00", "data": {"market": "0xa2a80fb58268033d5f3aedd696cb511273ea14694f77cb5b76a384d333eb94f5", "price_changes": [{"asset_id": "53404090025437523987637510431787318274629772155648852376223145118623867102206", "price": "0.052", "size": "45", "side": "BUY", "hash": "2d90bf97b2ab918867cec241293399779d383765", "best_bid": "0.052", "best_ask": "0.987"}, {"asset_id": "64549133885886673862722150848657436782005562614364938955073310649808677745650", "price": "0.948", "size": "45", "side": "SELL", "hash": "adb34efc3cefc50fcb2a8e6f8df5186134b88015", "best_bid": "0.013", "best_ask": "0.948"}], "timestamp": "1769384113237", "event_type": "price_change"}}
{"_local_timestamp": "2026-01-25T23:35:13.407129+00:00", "data": {"market": "0xeba6cbff22d3ec08f6b4847065212e3f600fe7ce4ea0adf9170104dc180338a4", "price_changes": [{"asset_id": "75440895912615995060214064517857120044991727211396575385497851418992943980639", "price": "0.052", "size": "45", "side": "BUY", "hash": "ec0786ea93509fae8f80c621d3cbd4d49e06dce0", "best_bid": "0.052", "best_ask": "0.985"}, {"asset_id": "35641901767108632339706555271562824340712571039694747206799339394704193396238", "price": "0.948", "size": "45", "side": "SELL", "hash": "b3dd1113d446c54d01ed24d2edcc9225977436b0", "best_bid": "0.015", "best_ask": "0.948"}], "timestamp": "1769384113241", "event_type": "price_change"}}
{"_local_timestamp": "2026-01-25T23:35:13.592594+00:00", "data": {"market": "0x35c14bfe8617bde47ad851984b8b88162e9e56acaf6cc438e3ec866633323bbb", "price_changes": [{"asset_id": "61190277916758890449728310553826545709755638006181678978142346200481894006525", "price": "0.614", "size": "45", "side": "BUY", "hash": "1919ea554064e1c8981e3792cacdb1ba82ea9ca5", "best_bid": "0.614", "best_ask": "0.988"}, {"asset_id": "101247001854214106935730796643806536011571050498493709980778586900833576889754", "price": "0.386", "size": "45", "side": "SELL", "hash": "6b81e677ef126af075d61753d1025ac8cece6344", "best_bid": "0.012", "best_ask": "0.386"}], "timestamp": "1769384113457", "event_type": "price_change"}}
{"_local_timestamp": "2026-01-25T23:35:13.994748+00:00", "data": {"market": "0x6eb8935ea22a7d98b4c503b2243b8882b9a1947c04bed7a978c23890dcbca31c", "price_changes": [{"asset_id": "26104813970490433382955874668938927127016673305466380034713712668639868066096", "price": "0.064", "size": "45", "side": "BUY", "hash": "31e452d8a626b1fd0b3279a24f7388ab46dd4cac", "best_bid": "0.85", "best_ask": "0.998"}, {"asset_id": "12328053984000735148895671022679341011557022238824384967106284297382812789694", "price": "0.936", "size": "45", "side": "SELL", "hash": "8868465a5cf2cd027c007482adfd263478ef0c7f", "best_bid": "0.002", "best_ask": "0.15"}], "timestamp": "1769384113927", "event_type": "price_change"}}
{"_local_timestamp": "2026-01-25T23:35:14.061761+00:00", "data": {"market": "0xd99b777aead1e2ca870b8e512659f7538ff6972e44c58e8a7b58c46b3a8fca61", "price_changes": [{"asset_id": "82971981850179046369564424121674170538639383779075325954736013627794958511272", "price": "0.074", "size": "45", "side": "BUY", "hash": "77d00d4e131e1444f04c936d089ae0491a38a0fd", "best_bid": "0.931", "best_ask": "0.99"}, {"asset_id": "108943556860097101277392412726172272994041797550875331254728709720039572165871", "price": "0.926", "size": "45", "side": "SELL", "hash": "342db96e74b7ac4cb649195bb767c058a5735a71", "best_bid": "0.01", "best_ask": "0.069"}], "timestamp": "1769384113994", "event_type": "price_change"}}
{"_local_timestamp": "2026-01-25T23:35:34.543085+00:00", "data": {"market": "0x6eb8935ea22a7d98b4c503b2243b8882b9a1947c04bed7a978c23890dcbca31c", "price_changes": [{"asset_id": "12328053984000735148895671022679341011557022238824384967106284297382812789694", "price": "0.937", "size": "11.38", "side": "SELL", "hash": "168267729caaa8f92a9b3844baae2241be51eada", "best_bid": "0.002", "best_ask": "0.15"}, {"asset_id": "26104813970490433382955874668938927127016673305466380034713712668639868066096", "price": "0.063", "size": "11.38", "side": "BUY", "hash": "7447bada6ec34cafa74e0aabf152a9e128cba92f", "best_bid": "0.85", "best_ask": "0.998"}], "timestamp": "1769384134469", "event_type": "price_change"}}
{"_local_timestamp": "2026-01-25T23:35:34.842363+00:00", "data": {"market": "0x6eb8935ea22a7d98b4c503b2243b8882b9a1947c04bed7a978c23890dcbca31c", "price_changes": [{"asset_id": "12328053984000735148895671022679341011557022238824384967106284297382812789694", "price": "0.935", "size": "20", "side": "SELL", "hash": "cd903c80290f07907260b5f16e2a387d0abe03ae", "best_bid": "0.002", "best_ask": "0.15"}, {"asset_id": "26104813970490433382955874668938927127016673305466380034713712668639868066096", "price": "0.065", "size": "20", "side": "BUY", "hash": "0a1290e5370a3b4332d01b6fe85cf03ce30c7979", "best_bid": "0.85", "best_ask": "0.998"}], "timestamp": "1769384134741", "event_type": "price_change"}}
{"_local_timestamp": "2026-01-25T23:35:34.971718+00:00", "data": {"market": "0x6eb8935ea22a7d98b4c503b2243b8882b9a1947c04bed7a978c23890dcbca31c", "price_changes": [{"asset_id": "12328053984000735148895671022679341011557022238824384967106284297382812789694", "price": "0.001", "size": "1211.05", "side": "BUY", "hash": "43c20a03a63667cf02af1eecf377d9f5e89b4fcd", "best_bid": "0.002", "best_ask": "0.15"}, {"asset_id": "26104813970490433382955874668938927127016673305466380034713712668639868066096", "price": "0.999", "size": "1211.05", "side": "SELL", "hash": "9030575891c6f6667370977cb2b19969c252eed7", "best_bid": "0.85", "best_ask": "0.998"}], "timestamp": "1769384134902", "event_type": "price_change"}}
{"_local_timestamp": "2026-01-25T23:35:34.972165+00:00", "data": {"market": "0x6eb8935ea22a7d98b4c503b2243b8882b9a1947c04bed7a978c23890dcbca31c", "price_changes": [{"asset_id": "12328053984000735148895671022679341011557022238824384967106284297382812789694", "price": "0.002", "size": "279.88", "side": "BUY", "hash": "43c20a03a63667cf02af1eecf377d9f5e89b4fcd", "best_bid": "0.002", "best_ask": "0.15"}, {"asset_id": "26104813970490433382955874668938927127016673305466380034713712668639868066096", "price": "0.998", "size": "279.88", "side": "SELL", "hash": "9030575891c6f6667370977cb2b19969c252eed7", "best_bid": "0.85", "best_ask": "0.998"}], "timestamp": "1769384134902", "event_type": "price_change"}}
{"_local_timestamp": "2026-01-25T23:35:35.271162+00:00", "data": {"market": "0x6eb8935ea22a7d98b4c503b2243b8882b9a1947c04bed7a978c23890dcbca31c", "price_changes": [{"asset_id": "12328053984000735148895671022679341011557022238824384967106284297382812789694", "price": "0.002", "size": "414.31", "side": "BUY", "hash": "ec3c7eaa27d68820a43f9c364a1e5e4179749f5f", "best_bid": "0.002", "best_ask": "0.15"}, {"asset_id": "26104813970490433382955874668938927127016673305466380034713712668639868066096", "price": "0.998", "size": "414.31", "side": "SELL", "hash": "d1e38fc11e87d41ee5399c8d9cd03c54036241ed", "best_bid": "0.85", "best_ask": "0.998"}], "timestamp": "1769384135200", "event_type": "price_change"}}
{"_local_timestamp": "2026-01-25T23:35:35.274938+00:00", "data": {"market": "0x6eb8935ea22a7d98b4c503b2243b8882b9a1947c04bed7a978c23890dcbca31c", "price_changes": [{"asset_id": "12328053984000735148895671022679341011557022238824384967106284297382812789694", "price": "0.001", "size": "1260.35", "side": "BUY", "hash": "158876affa25c0041e018be9f3035be083266690", "best_bid": "0.002", "best_ask": "0.15"}, {"asset_id": "26104813970490433382955874668938927127016673305466380034713712668639868066096", "price": "0.999", "size": "1260.35", "side": "SELL", "hash": "cd0ed4eadc5f61accc9ab8e82a14fa57359d225f", "best_bid": "0.85", "best_ask": "0.998"}], "timestamp": "1769384135207", "event_type": "price_change"}}
{"_local_timestamp": "2026-01-25T23:36:59.552417+00:00", "data": {"market": "0x3b45d4baa10c890a533faf71e556f70f81b4d658dd1ac9064b4f3d2e2ce60844", "price_changes": [{"asset_id": "113374082899135545436056021413917972446434058698230414205647267739492753901379", "price": "0.051", "size": "0", "side": "BUY", "hash": "18a8d666838ec15d835958b00259b5c4410f6d04", "best_bid": "0.05", "best_ask": "0.989"}, {"asset_id": "27443889870510071208957331181193092828725054630981398752449485134887240473938", "price": "0.949", "size": "0", "side": "SELL", "hash": "20115d042399400ce41c6aebfa41f4dad8aa7f52", "best_bid": "0.011", "best_ask": "0.95"}], "timestamp": "1769384219374", "event_type": "price_change"}}
{"_local_timestamp": "2026-01-25T23:37:01.772623+00:00", "data": {"market": "0x3b45d4baa10c890a533faf71e556f70f81b4d658dd1ac9064b4f3d2e2ce60844", "price_changes": [{"asset_id": "113374082899135545436056021413917972446434058698230414205647267739492753901379", "price": "0.051", "size": "5", "side": "BUY", "hash": "e03bd97683a32cc548e5e00703fc982e35f498e0", "best_bid": "0.051", "best_ask": "0.989"}, {"asset_id": "27443889870510071208957331181193092828725054630981398752449485134887240473938", "price": "0.949", "size": "5", "side": "SELL", "hash": "3928df2ce1904dc245b1786725f1ce2d7f34323c", "best_bid": "0.011", "best_ask": "0.949"}], "timestamp": "1769384221541", "event_type": "price_change"}}
{"_local_timestamp": "2026-01-25T23:37:02.511027+00:00", "data": {"market": "0xdae200a103f597861b920e85db1dba66ec07f2baf5a28dffb19fc535b3363d8c", "price_changes": [{"asset_id": "21091966059054445977862308137624055051212453634521819106218227523155075086158", "price": "0.002", "size": "342.35", "side": "BUY", "hash": "cdbf128c04a4552a71076d9290671a9d4b119c7c", "best_bid": "0.012", "best_ask": "0.299"}, {"asset_id": "57841215899471258366288259574434299382775786141323398367163401717780958668974", "price": "0.998", "size": "342.35", "side": "SELL", "hash": "070b9d08959795b57d1780a582580746ee0cfc83", "best_bid": "0.701", "best_ask": "0.988"}], "timestamp": "1769384222331", "event_type": "price_change"}}
{"_local_timestamp": "2026-01-25T23:37:02.511403+00:00", "data": {"market": "0xdae200a103f597861b920e85db1dba66ec07f2baf5a28dffb19fc535b3363d8c", "price_changes": [{"asset_id": "21091966059054445977862308137624055051212453634521819106218227523155075086158", "price": "0.003", "size": "132.46", "side": "BUY", "hash": "cdbf128c04a4552a71076d9290671a9d4b119c7c", "best_bid": "0.012", "best_ask": "0.299"}, {"asset_id": "57841215899471258366288259574434299382775786141323398367163401717780958668974", "price": "0.997", "size": "132.46", "side": "SELL", "hash": "070b9d08959795b57d1780a582580746ee0cfc83", "best_bid": "0.701", "best_ask": "0.988"}], "timestamp": "1769384222331", "event_type": "price_change"}}
{"_local_timestamp": "2026-01-25T23:37:02.925294+00:00", "data": {"market": "0x2b3c35ed58de30d18ac3d2e48b9c32d509908dc6e745f802aec290187bb0aadc", "price_changes": [{"asset_id": "41327091150222417315524120803307619532588169225837653860107328361322339116463", "price": "0.001", "size": "0", "side": "BUY", "hash": "c3c0c88aa392382c9c669857248e8406022cc912", "best_bid": "0.01", "best_ask": "0.058"}, {"asset_id": "32780894581601575183858914057129583363574542318072052235997043437535827267882", "price": "0.999", "size": "0", "side": "SELL", "hash": "c4b440e4c7bb9c90b41759e8948b7df7462fe88d", "best_bid": "0.942", "best_ask": "0.99"}], "timestamp": "1769384222765", "event_type": "price_change"}}
{"_local_timestamp": "2026-01-25T23:37:02.950851+00:00", "data": {"market": "0x2b3c35ed58de30d18ac3d2e48b9c32d509908dc6e745f802aec290187bb0aadc", "price_changes": [{"asset_id": "41327091150222417315524120803307619532588169225837653860107328361322339116463", "price": "0.058", "size": "0", "side": "SELL", "hash": "3e9b269bbacb5e13adfddd01c14c2fb2bbff5891", "best_bid": "0.01", "best_ask": "0.059"}, {"asset_id": "32780894581601575183858914057129583363574542318072052235997043437535827267882", "price": "0.942", "size": "0", "side": "BUY", "hash": "8b6dfbf672be8ff7b5c2005c95f13c56d21451e6", "best_bid": "0.941", "best_ask": "0.99"}], "timestamp": "1769384222791", "event_type": "price_change"}}
{"_local_timestamp": "2026-01-25T23:37:04.445807+00:00", "data": {"market": "0xdae200a103f597861b920e85db1dba66ec07f2baf5a28dffb19fc535b3363d8c", "price_changes": [{"asset_id": "21091966059054445977862308137624055051212453634521819106218227523155075086158", "price": "0.003", "size": "168.69", "side": "BUY", "hash": "c050a580fd9b43e0ff1cfb08d1a9ca4300ef1fc4", "best_bid": "0.012", "best_ask": "0.299"}, {"asset_id": "57841215899471258366288259574434299382775786141323398367163401717780958668974", "price": "0.997", "size": "168.69", "side": "SELL", "hash": "3eff44c35920e30f335f663a175c4333d84aaac9", "best_bid": "0.701", "best_ask": "0.988"}], "timestamp": "1769384224278", "event_type": "price_change"}}
{"_local_timestamp": "2026-01-25T23:37:04.446140+00:00", "data": {"market": "0xdae200a103f597861b920e85db1dba66ec07f2baf5a28dffb19fc535b3363d8c", "price_changes": [{"asset_id": "21091966059054445977862308137624055051212453634521819106218227523155075086158", "price": "0.013", "size": "6.07", "side": "BUY", "hash": "aab56b3311f732f43ce642322fe73e33e2e15095", "best_bid": "0.013", "best_ask": "0.299"}, {"asset_id": "57841215899471258366288259574434299382775786141323398367163401717780958668974", "price": "0.987", "size": "6.07", "side": "SELL", "hash": "54ae4e455c7d0c5489723e04a57c4c3e4da78950", "best_bid": "0.701", "best_ask": "0.987"}], "timestamp": "1769384224279", "event_type": "price_change"}}
{"_local_timestamp": "2026-01-25T23:37:04.446463+00:00", "data": {"market": "0xdae200a103f597861b920e85db1dba66ec07f2baf5a28dffb19fc535b3363d8c", "price_changes": [{"asset_id": "21091966059054445977862308137624055051212453634521819106218227523155075086158", "price": "0.002", "size": "347.72", "side": "BUY", "hash": "3149b4e8ad8fe838ac9f21d72e4c245fc6466e8a", "best_bid": "0.013", "best_ask": "0.299"}, {"asset_id": "57841215899471258366288259574434299382775786141323398367163401717780958668974", "price": "0.998", "size": "347.72", "side": "SELL", "hash": "1667b659d9c35e7f48ec4d0d74883602017e6eb4", "best_bid": "0.701", "best_ask": "0.987"}], "timestamp": "1769384224281", "event_type": "price_change"}}
{"_local_timestamp": "2026-01-25T23:37:04.984184+00:00", "data": {"market": "0x2b3c35ed58de30d18ac3d2e48b9c32d509908dc6e745f802aec290187bb0aadc", "price_changes": [{"asset_id": "41327091150222417315524120803307619532588169225837653860107328361322339116463", "price": "0.001", "size": "514.79", "side": "BUY", "hash": "30bbb055ec43a552f05feaa0c69e5445105cbfc8", "best_bid": "0.01", "best_ask": "0.059"}, {"asset_id": "32780894581601575183858914057129583363574542318072052235997043437535827267882", "price": "0.999", "size": "514.79", "side": "SELL", "hash": "54b1fbd3dab39c41f44b5452ff18a2f704dad6ba", "best_bid": "0.941", "best_ask": "0.99"}], "timestamp": "1769384224829", "event_type": "price_change"}}
{"_local_timestamp": "2026-01-25T23:37:05.024098+00:00", "data": {"market": "0x2b3c35ed58de30d18ac3d2e48b9c32d509908dc6e745f802aec290187bb0aadc", "price_changes": [{"asset_id": "41327091150222417315524120803307619532588169225837653860107328361322339116463", "price": "0.058", "size": "11", "side": "SELL", "hash": "fe8f92000b192db7e3d81a4546a431f2a1b76dcd", "best_bid": "0.01", "best_ask": "0.058"}, {"asset_id": "32780894581601575183858914057129583363574542318072052235997043437535827267882", "price": "0.942", "size": "11", "side": "BUY", "hash": "9128478f14061900462c3a6b9e9b504800d012c8", "best_bid": "0.942", "best_ask": "0.99"}], "timestamp": "1769384224859", "event_type": "price_change"}}
{"_local_timestamp": "2026-01-25T23:37:05.481171+00:00", "data": {"market": "0xd99b777aead1e2ca870b8e512659f7538ff6972e44c58e8a7b58c46b3a8fca61", "price_changes": [{"asset_id": "108943556860097101277392412726172272994041797550875331254728709720039572165871", "price": "0.927", "size": "0", "side": "SELL", "hash": "cce49a61599e0031d7161e0ba3369268c3c21ae7", "best_bid": "0.01", "best_ask": "0.069"}, {"asset_id": "82971981850179046369564424121674170538639383779075325954736013627794958511272", "price": "0.073", "size": "0", "side": "BUY", "hash": "8f05e2293ca7b3ff8e49e682c937597288c6663a", "best_bid": "0.931", "best_ask": "0.99"}], "timestamp": "1769384225305", "event_type": "price_change"}}
{"_local_timestamp": "2026-01-25T23:37:07.468833+00:00", "data": {"market": "0xd99b777aead1e2ca870b8e512659f7538ff6972e44c58e8a7b58c46b3a8fca61", "price_changes": [{"asset_id": "108943556860097101277392412726172272994041797550875331254728709720039572165871", "price": "0.925", "size": "18.57", "side": "SELL", "hash": "572798b29ff20328a82f74ea38e4650198a8d31a", "best_bid": "0.01", "best_ask": "0.069"}, {"asset_id": "82971981850179046369564424121674170538639383779075325954736013627794958511272", "price": "0.075", "size": "18.57", "side": "BUY", "hash": "de6250cb8ca52ee95e3856791c79bedd5e439644", "best_bid": "0.931", "best_ask": "0.99"}], "timestamp": "1769384227227", "event_type": "price_change"}}
{"_local_timestamp": "2026-01-25T23:37:07.973020+00:00", "data": {"market": "0xd99b777aead1e2ca870b8e512659f7538ff6972e44c58e8a7b58c46b3a8fca61", "price_changes": [{"asset_id": "108943556860097101277392412726172272994041797550875331254728709720039572165871", "price": "0.002", "size": "107.56", "side": "BUY", "hash": "749cd0a9718010dfc9bff360597d5b8820b31f3d", "best_bid": "0.01", "best_ask": "0.069"}, {"asset_id": "82971981850179046369564424121674170538639383779075325954736013627794958511272", "price": "0.998", "size": "107.56", "side": "SELL", "hash": "dc18bdb329a626a3f066066063bd62b18ea30d8d", "best_bid": "0.931", "best_ask": "0.99"}], "timestamp": "1769384227713", "event_type": "price_change"}}
{"_local_timestamp": "2026-01-25T23:37:09.741521+00:00", "data": {"market": "0xd99b777aead1e2ca870b8e512659f7538ff6972e44c58e8a7b58c46b3a8fca61", "price_changes": [{"asset_id": "108943556860097101277392412726172272994041797550875331254728709720039572165871", "price": "0.002", "size": "198.25", "side": "BUY", "hash": "9f540f01ae07ed9e1cec01e33a77eff37223f38b", "best_bid": "0.01", "best_ask": "0.069"}, {"asset_id": "82971981850179046369564424121674170538639383779075325954736013627794958511272", "price": "0.998", "size": "198.25", "side": "SELL", "hash": "05b372e2c825be33ed5f070c3bf8449eaf49615d", "best_bid": "0.931", "best_ask": "0.99"}], "timestamp": "1769384229668", "event_type": "price_change"}}
{"_local_timestamp": "2026-01-25T23:37:11.695547+00:00", "data": {"market": "0xb50b462ad23f8780398c15d23e19103078441a3e1d58e4555708a9035190a50f", "price_changes": [{"asset_id": "87581395365572096818361191540074621282407521748126283029848711382678914458505", "price": "0.004", "size": "15.48", "side": "BUY", "hash": "8c71ebfe56b5c4ef37b64f842ba06d1926d1722c", "best_bid": "0.004", "best_ask": "0.01"}, {"asset_id": "70564191869479891293340369061239626668548508942010558203370100048087793395482", "price": "0.996", "size": "15.48", "side": "SELL", "hash": "5933e27f2405fa4f7d9deee6861af1484b4840d4", "best_bid": "0.99", "best_ask": "0.996"}], "timestamp": "1769384231600", "event_type": "price_change"}}
{"_local_timestamp": "2026-01-25T23:37:12.501892+00:00", "data": {"market": "0xb50b462ad23f8780398c15d23e19103078441a3e1d58e4555708a9035190a50f", "price_changes": [{"asset_id": "87581395365572096818361191540074621282407521748126283029848711382678914458505", "price": "0.004", "size": "79.17", "side": "BUY", "hash": "03979d12c31af239a3909348164bd4dc434048e2", "best_bid": "0.004", "best_ask": "0.01"}, {"asset_id": "70564191869479891293340369061239626668548508942010558203370100048087793395482", "price": "0.996", "size": "79.17", "side": "SELL", "hash": "7fa6822471262c6727c96e6ce7f827e6376066ac", "best_bid": "0.99", "best_ask": "0.996"}], "timestamp": "1769384232414", "event_type": "price_change"}}
{"_local_timestamp": "2026-01-25T23:37:12.505169+00:00", "data": {"market": "0xb50b462ad23f8780398c15d23e19103078441a3e1d58e4555708a9035190a50f", "price_changes": [{"asset_id": "87581395365572096818361191540074621282407521748126283029848711382678914458505", "price": "0.002", "size": "222.14", "side": "BUY", "hash": "cd71defed89898edb4ecabc11d4858354c6e351f", "best_bid": "0.004", "best_ask": "0.01"}, {"asset_id": "70564191869479891293340369061239626668548508942010558203370100048087793395482", "price": "0.998", "size": "222.14", "side": "SELL", "hash": "b39cc3b777a18d53fc3c4be03b2c6c9a0236586e", "best_bid": "0.99", "best_ask": "0.996"}], "timestamp": "1769384232415", "event_type": "price_change"}}
{"_local_timestamp": "2026-01-25T23:37:18.310403+00:00", "data": {"market": "0xeba6cbff22d3ec08f6b4847065212e3f600fe7ce4ea0adf9170104dc180338a4", "price_changes": [{"asset_id": "35641901767108632339706555271562824340712571039694747206799339394704193396238", "price": "0.949", "size": "0", "side": "SELL", "hash": "fc10bbabd28e1b05942250850e76d087f49a6c33", "best_bid": "0.015", "best_ask": "0.948"}, {"asset_id": "75440895912615995060214064517857120044991727211396575385497851418992943980639", "price": "0.051", "size": "0", "side": "BUY", "hash": "ef972a3ed73a065898c23aa88339b426c3ae4c89", "best_bid": "0.052", "best_ask": "0.985"}], "timestamp": "1769384238224", "event_type": "price_change"}}
{"_local_timestamp": "2026-01-25T23:37:21.611718+00:00", "data": {"market": "0xeba6cbff22d3ec08f6b4847065212e3f600fe7ce4ea0adf9170104dc180338a4", "price_changes": [{"asset_id": "35641901767108632339706555271562824340712571039694747206799339394704193396238", "price": "0.947", "size": "8.23", "side": "SELL", "hash": "aba054eeeaff84ead9524a95efac89de99c6cb2b", "best_bid": "0.015", "best_ask": "0.947"}, {"asset_id": "75440895912615995060214064517857120044991727211396575385497851418992943980639", "price": "0.053", "size": "8.23", "side": "BUY", "hash": "553f9f035e4f982e7949307d0f82f4684557d9b6", "best_bid": "0.053", "best_ask": "0.985"}], "timestamp": "1769384241542", "event_type": "price_change"}}
{"_local_timestamp": "2026-01-25T23:37:21.806319+00:00", "data": {"market": "0xa2a80fb58268033d5f3aedd696cb511273ea14694f77cb5b76a384d333eb94f5", "price_changes": [{"asset_id": "64549133885886673862722150848657436782005562614364938955073310649808677745650", "price": "0.949", "size": "0", "side": "SELL", "hash": "8cd7276be54b3efc97586ed7c03eaab0368c5f74", "best_bid": "0.013", "best_ask": "0.948"}, {"asset_id": "53404090025437523987637510431787318274629772155648852376223145118623867102206", "price": "0.051", "size": "0", "side": "BUY", "hash": "976f45a408e20b7102770c460b7169d972d98e0e", "best_bid": "0.052", "best_ask": "0.987"}], "timestamp": "1769384241721", "event_type": "price_change"}}
{"_local_timestamp": "2026-01-25T23:37:21.806638+00:00", "data": {"market": "0x46feff4b8898f02d1cf7328b89aadc506b17b3a8e063de0037b0b2146e122606", "price_changes": [{"asset_id": "52422546947670626034515259995417887753785874184539072027413923763621153150285", "price": "0.002", "size": "0", "side": "BUY", "hash": "d50054f4190898f86bc98672cfe1993937232def", "best_bid": "0.001", "best_ask": "0.079"}, {"asset_id": "97392521602173278207709370731090728248502535111552500586825363393596392500107", "price": "0.998", "size": "0", "side": "SELL", "hash": "1b7fb6df0c520565dc1491bc3a9af053149bedc2", "best_bid": "0.921", "best_ask": "0.999"}], "timestamp": "1769384241721", "event_type": "price_change"}}
{"_local_timestamp": "2026-01-25T23:37:23.638440+00:00", "data": {"market": "0xa2a80fb58268033d5f3aedd696cb511273ea14694f77cb5b76a384d333eb94f5", "price_changes": [{"asset_id": "64549133885886673862722150848657436782005562614364938955073310649808677745650", "price": "0.947", "size": "6.78", "side": "SELL", "hash": "0fe919f9c0fc30d0145bd4f8797f2234e3709604", "best_bid": "0.013", "best_ask": "0.947"}, {"asset_id": "53404090025437523987637510431787318274629772155648852376223145118623867102206", "price": "0.053", "size": "6.78", "side": "BUY", "hash": "c76c6bf15958bc95881c4d259787a434131689b2", "best_bid": "0.053", "best_ask": "0.987"}], "timestamp": "1769384243563", "event_type": "price_change"}}
{"_local_timestamp": "2026-01-25T23:37:23.638813+00:00", "data": {"market": "0x46feff4b8898f02d1cf7328b89aadc506b17b3a8e063de0037b0b2146e122606", "price_changes": [{"asset_id": "52422546947670626034515259995417887753785874184539072027413923763621153150285", "price": "0.002", "size": "14.69", "side": "BUY", "hash": "9280b80b310c7c41645da99704fdd3d21c6ec38b", "best_bid": "0.002", "best_ask": "0.079"}, {"asset_id": "97392521602173278207709370731090728248502535111552500586825363393596392500107", "price": "0.998", "size": "14.69", "side": "SELL", "hash": "7c2ea5d2889d594f312d9ada275e7e4f7f9b0b64", "best_bid": "0.921", "best_ask": "0.998"}], "timestamp": "1769384243564", "event_type": "price_change"}}
{"_local_timestamp": "2026-01-25T23:37:26.785472+00:00", "data": {"market": "0x6eb8935ea22a7d98b4c503b2243b8882b9a1947c04bed7a978c23890dcbca31c", "price_changes": [{"asset_id": "12328053984000735148895671022679341011557022238824384967106284297382812789694", "price": "0.001", "size": "1211.05", "side": "BUY", "hash": "c7dd8e983875e58a198572c8179d5ea4bebbf107", "best_bid": "0.002", "best_ask": "0.15"}, {"asset_id": "26104813970490433382955874668938927127016673305466380034713712668639868066096", "price": "0.999", "size": "1211.05", "side": "SELL", "hash": "45eed139d09c8e11504716da8b4fd9be4423c9fe", "best_bid": "0.85", "best_ask": "0.998"}], "timestamp": "1769384246713", "event_type": "price_change"}}
{"_local_timestamp": "2026-01-25T23:37:26.785885+00:00", "data": {"market": "0x6eb8935ea22a7d98b4c503b2243b8882b9a1947c04bed7a978c23890dcbca31c", "price_changes": [{"asset_id": "12328053984000735148895671022679341011557022238824384967106284297382812789694", "price": "0.002", "size": "279.88", "side": "BUY", "hash": "c7dd8e983875e58a198572c8179d5ea4bebbf107", "best_bid": "0.002", "best_ask": "0.15"}, {"asset_id": "26104813970490433382955874668938927127016673305466380034713712668639868066096", "price": "0.998", "size": "279.88", "side": "SELL", "hash": "45eed139d09c8e11504716da8b4fd9be4423c9fe", "best_bid": "0.85", "best_ask": "0.998"}], "timestamp": "1769384246713", "event_type": "price_change"}}
{"_local_timestamp": "2026-01-25T23:37:28.067126+00:00", "data": {"market": "0x6eb8935ea22a7d98b4c503b2243b8882b9a1947c04bed7a978c23890dcbca31c", "price_changes": [{"asset_id": "12328053984000735148895671022679341011557022238824384967106284297382812789694", "price": "0.003", "size": "100.66", "side": "BUY", "hash": "33e0cc7d16ced99786501907794cf89412041cdd", "best_bid": "0.003", "best_ask": "0.15"}, {"asset_id": "26104813970490433382955874668938927127016673305466380034713712668639868066096", "price": "0.997", "size": "100.66", "side": "SELL", "hash": "7a02c7826953aa8ba2cf297404cb36e1c24c4058", "best_bid": "0.85", "best_ask": "0.997"}], "timestamp": "1769384247996", "event_type": "price_change"}}
{"_local_timestamp": "2026-01-25T23:37:28.067532+00:00", "data": {"market": "0x6eb8935ea22a7d98b4c503b2243b8882b9a1947c04bed7a978c23890dcbca31c", "price_changes": [{"asset_id": "12328053984000735148895671022679341011557022238824384967106284297382812789694", "price": "0.001", "size": "1227.24", "side": "BUY", "hash": "a1516a1650a8d37f9fdf9277209515f0f81f02f4", "best_bid": "0.003", "best_ask": "0.15"}, {"asset_id": "26104813970490433382955874668938927127016673305466380034713712668639868066096", "price": "0.999", "size": "1227.24", "side": "SELL", "hash": "d75d39216f442162fbf32bc5210c77f865fce2fe", "best_bid": "0.85", "best_ask": "0.997"}], "timestamp": "1769384247997", "event_type": "price_change"}}
{"_local_timestamp": "2026-01-25T23:37:43.486557+00:00", "data": {"market": "0xdae200a103f597861b920e85db1dba66ec07f2baf5a28dffb19fc535b3363d8c", "price_changes": [{"asset_id": "57841215899471258366288259574434299382775786141323398367163401717780958668974", "price": "0.012", "size": "0", "side": "BUY", "hash": "0c93fabfe0ea48f51c400c8365cf5cd2996b3bfc", "best_bid": "0.701", "best_ask": "0.987"}, {"asset_id": "21091966059054445977862308137624055051212453634521819106218227523155075086158", "price": "0.988", "size": "0", "side": "SELL", "hash": "9e84306905f098aae48469145ca45441264d4982", "best_bid": "0.013", "best_ask": "0.299"}], "timestamp": "1769384263414", "event_type": "price_change"}}
{"_local_timestamp": "2026-01-25T23:37:45.597095+00:00", "data": {"market": "0xdae200a103f597861b920e85db1dba66ec07f2baf5a28dffb19fc535b3363d8c", "price_changes": [{"asset_id": "57841215899471258366288259574434299382775786141323398367163401717780958668974", "price": "0.014", "size": "25.24", "side": "BUY", "hash": "c75b49c094936f9e286e93be1044fec7ec52ea1f", "best_bid": "0.701", "best_ask": "0.987"}, {"asset_id": "21091966059054445977862308137624055051212453634521819106218227523155075086158", "price": "0.986", "size": "25.24", "side": "SELL", "hash": "fd206d8a5d5029fff510a64b30bd12a0da46a678", "best_bid": "0.013", "best_ask": "0.299"}], "timestamp": "1769384265523", "event_type": "price_change"}}
{"_local_timestamp": "2026-01-25T23:37:50.144526+00:00", "data": {"market": "0x6eb8935ea22a7d98b4c503b2243b8882b9a1947c04bed7a978c23890dcbca31c", "price_changes": [{"asset_id": "26104813970490433382955874668938927127016673305466380034713712668639868066096", "price": "0.063", "size": "0", "side": "BUY", "hash": "f02d4e91e41c75505f7a13bcbbfac4fcd8ce9f0c", "best_bid": "0.85", "best_ask": "0.997"}, {"asset_id": "12328053984000735148895671022679341011557022238824384967106284297382812789694", "price": "0.937", "size": "0", "side": "SELL", "hash": "48179e5a746c72a085e0a0d92be39e45b80586be", "best_bid": "0.003", "best_ask": "0.15"}], "timestamp": "1769384270041", "event_type": "price_change"}}
{"_local_timestamp": "2026-01-25T23:37:52.166385+00:00", "data": {"market": "0x6eb8935ea22a7d98b4c503b2243b8882b9a1947c04bed7a978c23890dcbca31c", "price_changes": [{"asset_id": "26104813970490433382955874668938927127016673305466380034713712668639868066096", "price": "0.065", "size": "31.03", "side": "BUY", "hash": "b6d9efbbfb0b82bfc25730d76f854458ac459157", "best_bid": "0.85", "best_ask": "0.997"}, {"asset_id": "12328053984000735148895671022679341011557022238824384967106284297382812789694", "price": "0.935", "size": "31.03", "side": "SELL", "hash": "fbdb270f3e37a38b63a6e149abfc923e6614db1a", "best_bid": "0.003", "best_ask": "0.15"}], "timestamp": "1769384272093", "event_type": "price_change"}}
{"_local_timestamp": "2026-01-25T23:37:52.835772+00:00", "data": {"market": "0x81560b24129135ae954c23de2482ba96a15b18a365d59b2a053e1bc5c2db1165", "price_changes": [{"asset_id": "81932411978720980659318830815553685410990390363044017841543795251366205748415", "price": "0.02", "size": "19.08", "side": "BUY", "hash": "31d80dfbe60fec972b134ab7bbfea13ee1b1eb96", "best_bid": "0.02", "best_ask": "0.2"}, {"asset_id": "7702210779148549634838363146914240364456393346599317896497711525946807036898", "price": "0.98", "size": "19.08", "side": "SELL", "hash": "54bb62df2354b33dce1244bb4e38a62641b62cc7", "best_bid": "0.8", "best_ask": "0.98"}], "timestamp": "1769384272730", "event_type": "price_change"}}
{"_local_timestamp": "2026-01-25T23:37:52.836101+00:00", "data": {"market": "0x35c14bfe8617bde47ad851984b8b88162e9e56acaf6cc438e3ec866633323bbb", "price_changes": [{"asset_id": "101247001854214106935730796643806536011571050498493709980778586900833576889754", "price": "0.002", "size": "116.97", "side": "BUY", "hash": "3fa127b67a79914b604a9183ec3df4747ef6302f", "best_bid": "0.012", "best_ask": "0.386"}, {"asset_id": "61190277916758890449728310553826545709755638006181678978142346200481894006525", "price": "0.998", "size": "116.97", "side": "SELL", "hash": "131bdfb678c541be71dc53702e225f4d1e76fec3", "best_bid": "0.614", "best_ask": "0.988"}], "timestamp": "1769384272730", "event_type": "price_change"}}
{"_local_timestamp": "2026-01-25T23:37:53.298094+00:00", "data": {"market": "0x81560b24129135ae954c23de2482ba96a15b18a365d59b2a053e1bc5c2db1165", "price_changes": [{"asset_id": "7702210779148549634838363146914240364456393346599317896497711525946807036898", "price": "0.02", "size": "13.32", "side": "BUY", "hash": "b8e53ae6429abf9839a549c377a2abd58a918380", "best_bid": "0.8", "best_ask": "0.98"}, {"asset_id": "81932411978720980659318830815553685410990390363044017841543795251366205748415", "price": "0.98", "size": "13.32", "side": "SELL", "hash": "3ba2b4c8bb540e7c15d68a38b773cbb76e55e55f", "best_bid": "0.02", "best_ask": "0.2"}], "timestamp": "1769384273229", "event_type": "price_change"}}
{"_local_timestamp": "2026-01-25T23:37:54.003729+00:00", "data": {"market": "0x35c14bfe8617bde47ad851984b8b88162e9e56acaf6cc438e3ec866633323bbb", "price_changes": [{"asset_id": "101247001854214106935730796643806536011571050498493709980778586900833576889754", "price": "0.002", "size": "354.2", "side": "BUY", "hash": "1554eba660bca5d02b5fbb80827dc97777459ff2", "best_bid": "0.012", "best_ask": "0.386"}, {"asset_id": "61190277916758890449728310553826545709755638006181678978142346200481894006525", "price": "0.998", "size": "354.2", "side": "SELL", "hash": "29e47d04cc25641748caa4435bffc2aea98e0d5b", "best_bid": "0.614", "best_ask": "0.988"}], "timestamp": "1769384273934", "event_type": "price_change"}}
{"_local_timestamp": "2026-01-25T23:37:54.004067+00:00", "data": {"market": "0x81560b24129135ae954c23de2482ba96a15b18a365d59b2a053e1bc5c2db1165", "price_changes": [{"asset_id": "81932411978720980659318830815553685410990390363044017841543795251366205748415", "price": "0.02", "size": "44.23", "side": "BUY", "hash": "60842192366cc8f6cc12499bec309498ef7b49e8", "best_bid": "0.02", "best_ask": "0.2"}, {"asset_id": "7702210779148549634838363146914240364456393346599317896497711525946807036898", "price": "0.98", "size": "44.23", "side": "SELL", "hash": "85db2e55e64c53be1b3858ec628c927f8c917bbd", "best_bid": "0.8", "best_ask": "0.98"}], "timestamp": "1769384273934", "event_type": "price_change"}}
{"_local_timestamp": "2026-01-25T23:37:54.193133+00:00", "data": {"market": "0xd99b777aead1e2ca870b8e512659f7538ff6972e44c58e8a7b58c46b3a8fca61", "price_changes": [{"asset_id": "82971981850179046369564424121674170538639383779075325954736013627794958511272", "price": "0.002", "size": "255.04", "side": "BUY", "hash": "e91a45efefc636ef310387abd1939d3e53399bbb", "best_bid": "0.931", "best_ask": "0.99"}, {"asset_id": "108943556860097101277392412726172272994041797550875331254728709720039572165871", "price": "0.998", "size": "255.04", "side": "SELL", "hash": "c43dffcc97e576028425e38692c359fad4076451", "best_bid": "0.01", "best_ask": "0.069"}], "timestamp": "1769384274117", "event_type": "price_change"}}
{"_local_timestamp": "2026-01-25T23:37:54.195719+00:00", "data": {"market": "0xd99b777aead1e2ca870b8e512659f7538ff6972e44c58e8a7b58c46b3a8fca61", "price_changes": [{"asset_id": "82971981850179046369564424121674170538639383779075325954736013627794958511272", "price": "0.075", "size": "27.7", "side": "BUY", "hash": "cc39335d381658c67f212a4f1932ed78bf865923", "best_bid": "0.931", "best_ask": "0.99"}, {"asset_id": "108943556860097101277392412726172272994041797550875331254728709720039572165871", "price": "0.925", "size": "27.7", "side": "SELL", "hash": "0ca2876f9437ba23ad749335b65c614b6a590ff9", "best_bid": "0.01", "best_ask": "0.069"}], "timestamp": "1769384274118", "event_type": "price_change"}}
{"_local_timestamp": "2026-01-25T23:37:54.196071+00:00", "data": {"market": "0xd99b777aead1e2ca870b8e512659f7538ff6972e44c58e8a7b58c46b3a8fca61", "price_changes": [{"asset_id": "82971981850179046369564424121674170538639383779075325954736013627794958511272", "price": "0.001", "size": "2634.07", "side": "BUY", "hash": "6bdf143d278870b80bd8851c03f0f21791bbf44e", "best_bid": "0.931", "best_ask": "0.99"}, {"asset_id": "108943556860097101277392412726172272994041797550875331254728709720039572165871", "price": "0.999", "size": "2634.07", "side": "SELL", "hash": "59037c946b3327c5736f3b25a73f248f0c2da80d", "best_bid": "0.01", "best_ask": "0.069"}], "timestamp": "1769384274119", "event_type": "price_change"}}
