{"_local_timestamp": "2026-01-25T23:34:02.338910+00:00", "data": [{"market": "0xbf399bc9894b502586ad0ed7383fffcadb07c21c507fb2a84a991741763a8efc", "asset_id": "35923522612276750394651557626496020946647566899591212994355411047671496757110", "timestamp": "1769384003888", "hash": "c8ecd428acfdbed06a9cf968fe4d76c067b45f1f", "bids": [{"price": "0.01", "size": "16085.29"}, {"price": "0.02", "size": "2450"}, {"price": "0.03", "size": "8"}, {"price": "0.07", "size": "2000"}, {"price": "0.09", "size": "7.35"}, {"price": "0.12", "size": "1102"}, {"price": "0.14", "size": "50"}, {"price": "0.2", "size": "400"}, {"price": "0.21", "size": "200"}, {"price": "0.27", "size": "200"}, {"price": "0.34", "size": "100"}, {"price": "0.47", "size": "300"}, {"price": "0.48", "size": "833"}, {"price": "0.5", "size": "100"}, {"price": "0.52", "size": "200"}, {"price": "0.55", "size": "125"}, {"price": "0.57", "size": "1000"}, {"price": "0.58", "size": "575"}, {"price": "0.61", "size": "20"}, {"price": "0.62", "size": "68.93"}, {"price": "0.63", "size": "5"}, {"price": "0.64", "size": "3997.22"}, {"price": "0.65", "size": "542.25"}, {"price": "0.66", "size": "200"}, {"price": "0.67", "size": "19.4"}, {"price": "0.68", "size": "16.17"}, {"price": "0.73", "size": "200"}, {"price": "0.74", "size": "50"}, {"price": "0.75", "size": "4780.75"}], "asks": [{"price": "0.99", "size": "14375.55"}, {"price": "0.98", "size": "160.71"}, {"price": "0.96", "size": "250"}, {"price": "0.95", "size": "15.71"}, {"price": "0.88", "size": "300"}, {"price": "0.87", "size": "200"}, {"price": "0.86", "size": "417.85"}, {"price": "0.85", "size": "448.33"}, {"price": "0.84", "size": "833"}, {"price": "0.82", "size": "300"}, {"price": "0.79", "size": "202.69"}, {"price": "0.78", "size": "3164.71"}], "event_type": "book", "last_trade_price": "0.750"}, {"market": "0xbf399bc9894b502586ad0ed7383fffcadb07c21c507fb2a84a991741763a8efc", "asset_id": "40986921723588267848676101433376799333907417374545282698061659126817933836681", "timestamp": "1769384003888", "hash": "34469e138faa8af82574a2522868455f903500a3", "bids": [{"price": "0.01", "size": "14375.55"}, {"price": "0.02", "size": "160.71"}, {"price": "0.04", "size": "250"}, {"price": "0.05", "size": "15.71"}, {"price": "0.12", "size": "300"}, {"price": "0.13", "size": "200"}, {"price": "0.14", "size": "417.85"}, {"price": "0.15", "size": "448.33"}, {"price": "0.16", "size": "833"}, {"price": "0.18", "size": "300"}, {"price": "0.21", "size": "202.69"}, {"price": "0.22", "size": "3164.71"}], "asks": [{"price": "0.99", "size": "16085.29"}, {"price": "0.98", "size": "2450"}, {"price": "0.97", "size": "8"}, {"price": "0.93", "size": "2000"}, {"price": "0.91", "size": "7.35"}, {"price": "0.88", "size": "1102"}, {"price": "0.86", "size": "50"}, {"price": "0.8", "size": "400"}, {"price": "0.79", "size": "200"}, {"price": "0.73", "size": "200"}, {"price": "0.66", "size": "100"}, {"price": "0.53", "size": "300"}, {"price": "0.52", "size": "833"}, {"price": "0.5", "size": "100"}, {"price": "0.48", "size": "200"}, {"price": "0.45", "size": "125"}, {"price": "0.43", "size": "1000"}, {"price": "0.42", "size": "575"}, {"price": "0.39", "size": "20"}, {"price": "0.38", "size": "68.93"}, {"price": "0.37", "size": "5"}, {"price": "0.36", "size": "3997.22"}, {"price": "0.35", "size": "542.25"}, {"price": "0.34", "size": "200"}, {"price": "0.33", "size": "19.4"}, {"price": "0.32", "size": "16.17"}, {"price": "0.27", "size": "200"}, {"price": "0.26", "size": "50"}, {"price": "0.25", "size": "4780.75"}], "event_type": "book", "last_trade_price": "0.750"}]}
{"_local_timestamp": "2026-01-25T23:34:03.463504+00:00", "data": {"market": "0xbf399bc9894b502586ad0ed7383fffcadb07c21c507fb2a84a991741763a8efc", "price_changes": [{"asset_id": "35923522612276750394651557626496020946647566899591212994355411047671496757110", "price": "0.09", "size": "0", "side": "BUY", "hash": "a601eacdb4fa401fd7e79bb077239783ee41e374", "best_bid": "0.75", "best_ask": "0.78"}, {"asset_id": "40986921723588267848676101433376799333907417374545282698061659126817933836681", "price": "0.91", "size": "0", "side": "SELL", "hash": "538b8256dd4e11b978b7b6db6e256e463d7203bb", "best_bid": "0.22", "best_ask": "0.25"}], "timestamp": "1769384043394", "event_type": "price_change"}}
{"_local_timestamp": "2026-01-25T23:34:03.507583+00:00", "data": {"market": "0xbf399bc9894b502586ad0ed7383fffcadb07c21c507fb2a84a991741763a8efc", "price_changes": [{"asset_id": "35923522612276750394651557626496020946647566899591212994355411047671496757110", "price": "0.01", "size": "14086.18", "side": "BUY", "hash": "42feb721ca2fdd039e50c69681414e95ab87cdf3", "best_bid": "0.75", "best_ask": "0.78"}, {"asset_id": "40986921723588267848676101433376799333907417374545282698061659126817933836681", "price": "0.99", "size": "14086.18", "side": "SELL", "hash": "83a8de3de51484c2dda5052b1e0e3db0c5fe4fc9", "best_bid": "0.22", "best_ask": "0.25"}], "timestamp": "1769384043441", "event_type": "price_change"}}
{"_local_timestamp": "2026-01-25T23:34:03.526629+00:00", "data": {"market": "0xbf399bc9894b502586ad0ed7383fffcadb07c21c507fb2a84a991741763a8efc", "price_changes": [{"asset_id": "35923522612276750394651557626496020946647566899591212994355411047671496757110", "price": "0.65", "size": "2541.36", "side": "BUY", "hash": "a403c6986f4f567112c1a77cf5111f486d77c387", "best_bid": "0.75", "best_ask": "0.78"}, {"asset_id": "40986921723588267848676101433376799333907417374545282698061659126817933836681", "price": "0.35", "size": "2541.36", "side": "SELL", "hash": "8a6ff99e51de56dd06d4af55cdd93c7d87544f02", "best_bid": "0.22", "best_ask": "0.25"}], "timestamp": "1769384043462", "event_type": "price_change"}}
{"_local_timestamp": "2026-01-25T23:34:03.532809+00:00", "data": {"market": "0xbf399bc9894b502586ad0ed7383fffcadb07c21c507fb2a84a991741763a8efc", "price_changes": [{"asset_id": "35923522612276750394651557626496020946647566899591212994355411047671496757110", "price": "0.64", "size": "5996.33", "side": "BUY", "hash": "0bb5da7940f9eba3cf6e634de4fa02aeb93aedf0", "best_bid": "0.75", "best_ask": "0.78"}, {"asset_id": "40986921723588267848676101433376799333907417374545282698061659126817933836681", "price": "0.36", "size": "5996.33", "side": "SELL", "hash": "1425c17626e6739458483910cf141611e4e46bb5", "best_bid": "0.22", "best_ask": "0.25"}], "timestamp": "1769384043462", "event_type": "price_change"}}
{"_local_timestamp": "2026-01-25T23:34:03.758875+00:00", "data": {"market": "0xbf399bc9894b502586ad0ed7383fffcadb07c21c507fb2a84a991741763a8efc", "price_changes": [{"asset_id": "35923522612276750394651557626496020946647566899591212994355411047671496757110", "price": "0.65", "size": "4540.47", "side": "BUY", "hash": "b431b07c97b38e3b8a81a624297b10b8a3c5e9ae", "best_bid": "0.75", "best_ask": "0.78"}, {"asset_id": "40986921723588267848676101433376799333907417374545282698061659126817933836681", "price": "0.35", "size": "4540.47", "side": "SELL", "hash": "7a9f82d2db3549dd48855587bf71e0184bc0c73d", "best_bid": "0.22", "best_ask": "0.25"}], "timestamp": "1769384043689", "event_type": "price_change"}}
{"_local_timestamp": "2026-01-25T23:34:04.782079+00:00", "data": {"market": "0xbf399bc9894b502586ad0ed7383fffcadb07c21c507fb2a84a991741763a8efc", "price_changes": [{"asset_id": "35923522612276750394651557626496020946647566899591212994355411047671496757110", "price": "0.1", "size": "6.62", "side": "BUY", "hash": "e87be6bfe28e05df4a3ec0b9d5533326b299ade0", "best_bid": "0.75", "best_ask": "0.78"}, {"asset_id": "40986921723588267848676101433376799333907417374545282698061659126817933836681", "price": "0.9", "size": "6.62", "side": "SELL", "hash": "6b8d354f1b1f5ba34ca22f579b4579b0481596db", "best_bid": "0.22", "best_ask": "0.25"}], "timestamp": "1769384044715", "event_type": "price_change"}}
