{"_local_timestamp": "2026-01-25T23:41:07.445072+00:00", "data": [{"market": "0xfa2de983f8642c0f61c6c9f6890144c00569720c7ac4966fa14ae61887805119", "asset_id": "111430850586280057072383206477547388489809466081864228712689433849450823637864", "timestamp": "1769384466939", "hash": "054b16448731ef9872bc6fae3b3452a0924aec31", "bids": [{"price": "0.01", "size": "100888.92"}, {"price": "0.02", "size": "21.5"}, {"price": "0.04", "size": "1250"}, {"price": "0.05", "size": "16.61"}, {"price": "0.13", "size": "822"}, {"price": "0.14", "size": "1500"}, {"price": "0.15", "size": "150"}, {"price": "0.17", "size": "500"}, {"price": "0.18", "size": "400"}, {"price": "0.19", "size": "80"}, {"price": "0.21", "size": "61.9"}, {"price": "0.23", "size": "47.82"}, {"price": "0.25", "size": "213.83"}, {"price": "0.26", "size": "209"}, {"price": "0.27", "size": "220.52"}, {"price": "0.28", "size": "205"}, {"price": "0.31", "size": "193"}, {"price": "0.35", "size": "200"}, {"price": "0.36", "size": "31"}], "asks": [{"price": "0.99", "size": "102288.18"}, {"price": "0.98", "size": "1400"}, {"price": "0.97", "size": "9.97"}, {"price": "0.94", "size": "1200"}, {"price": "0.9", "size": "6.49"}, {"price": "0.88", "size": "600"}, {"price": "0.85", "size": "425"}, {"price": "0.7", "size": "100"}, {"price": "0.65", "size": "50"}, {"price": "0.61", "size": "10"}, {"price": "0.6", "size": "205.83"}, {"price": "0.57", "size": "188"}, {"price": "0.55", "size": "44"}, {"price": "0.53", "size": "788.84"}, {"price": "0.52", "size": "116"}, {"price": "0.51", "size": "12"}, {"price": "0.49", "size": "58"}, {"price": "0.48", "size": "16"}, {"price": "0.47", "size": "20"}, {"price": "0.46", "size": "20"}, {"price": "0.4", "size": "29.2"}], "event_type": "book", "last_trade_price": "0.400"}, {"market": "0xfa2de983f8642c0f61c6c9f6890144c00569720c7ac4966fa14ae61887805119", "asset_id": "100867343898929430052757546050745655715685585456696690891892865600379098158025", "timestamp": "1769384466939", "hash": "8d099e0d82a69029db15902572cf684507c31b6f", "bids": [{"price": "0.01", "size": "102288.18"}, {"price": "0.02", "size": "1400"}, {"price": "0.03", "size": "9.97"}, {"price": "0.06", "size": "1200"}, {"price": "0.1", "size": "6.49"}, {"price": "0.12", "size": "600"}, {"price": "0.15", "size": "425"}, {"price": "0.3", "size": "100"}, {"price": "0.35", "size": "50"}, {"price": "0.39", "size": "10"}, {"price": "0.4", "size": "205.83"}, {"price": "0.43", "size": "188"}, {"price": "0.45", "size": "44"}, {"price": "0.47", "size": "788.84"}, {"price": "0.48", "size": "116"}, {"price": "0.49", "size": "12"}, {"price": "0.51", "size": "58"}, {"price": "0.52", "size": "16"}, {"price": "0.53", "size": "20"}, {"price": "0.54", "size": "20"}, {"price": "0.6", "size": "29.2"}], "asks": [{"price": "0.99", "size": "100888.92"}, {"price": "0.98", "size": "21.5"}, {"price": "0.96", "size": "1250"}, {"price": "0.95", "size": "16.61"}, {"price": "0.87", "size": "822"}, {"price": "0.86", "size": "1500"}, {"price": "0.85", "size": "150"}, {"price": "0.83", "size": "500"}, {"price": "0.82", "size": "400"}, {"price": "0.81", "size": "80"}, {"price": "0.79", "size": "61.9"}, {"price": "0.77", "size": "47.82"}, {"price": "0.75", "size": "213.83"}, {"price": "0.74", "size": "209"}, {"price": "0.73", "size": "220.52"}, {"price": "0.72", "size": "205"}, {"price": "0.69", "size": "193"}, {"price": "0.65", "size": "200"}, {"price": "0.64", "size": "31"}], "event_type": "book", "last_trade_price": "0.400"}]}
{"_local_timestamp": "2026-01-25T23:41:08.714440+00:00", "data": {"market": "0xfa2de983f8642c0f61c6c9f6890144c00569720c7ac4966fa14ae61887805119", "price_changes": [{"asset_id": "111430850586280057072383206477547388489809466081864228712689433849450823637864", "price": "0.4", "size": "22.2", "side": "SELL", "hash": "8c89451085b9b390e4fd9111a2ebdc4f56ba59eb", "best_bid": "0.36", "best_ask": "0.4"}, {"asset_id": "100867343898929430052757546050745655715685585456696690891892865600379098158025", "price": "0.6", "size": "22.2", "side": "BUY", "hash": "bb59a8766839edba942c1fe3f0a5e7daed5e07ab", "best_bid": "0.6", "best_ask": "0.64"}], "timestamp": "1769384468647", "event_type": "price_change"}}
{"_local_timestamp": "2026-01-25T23:41:08.715213+00:00", "data": {"market": "0xfa2de983f8642c0f61c6c9f6890144c00569720c7ac4966fa14ae61887805119", "asset_id": "111430850586280057072383206477547388489809466081864228712689433849450823637864", "bids": [{"price": "0.01", "size": "100888.92"}, {"price": "0.02", "size": "21.5"}, {"price": "0.04", "size": "1250"}, {"price": "0.05", "size": "16.61"}, {"price": "0.13", "size": "822"}, {"price": "0.14", "size": "1500"}, {"price": "0.15", "size": "150"}, {"price": "0.17", "size": "500"}, {"price": "0.18", "size": "400"}, {"price": "0.19", "size": "80"}, {"price": "0.21", "size": "61.9"}, {"price": "0.23", "size": "47.82"}, {"price": "0.25", "size": "213.83"}, {"price": "0.26", "size": "209"}, {"price": "0.27", "size": "220.52"}, {"price": "0.28", "size": "205"}, {"price": "0.31", "size": "193"}, {"price": "0.35", "size": "200"}, {"price": "0.36", "size": "31"}], "asks": [{"price": "0.99", "size": "102288.18"}, {"price": "0.98", "size": "1400"}, {"price": "0.97", "size": "9.97"}, {"price": "0.94", "size": "1200"}, {"price": "0.9", "size": "6.49"}, {"price": "0.88", "size": "600"}, {"price": "0.85", "size": "425"}, {"price": "0.7", "size": "100"}, {"price": "0.65", "size": "50"}, {"price": "0.61", "size": "10"}, {"price": "0.6", "size": "205.83"}, {"price": "0.57", "size": "188"}, {"price": "0.55", "size": "44"}, {"price": "0.53", "size": "788.84"}, {"price": "0.52", "size": "116"}, {"price": "0.51", "size": "12"}, {"price": "0.49", "size": "58"}, {"price": "0.48", "size": "16"}, {"price": "0.47", "size": "20"}, {"price": "0.46", "size": "20"}, {"price": "0.4", "size": "22.2"}], "hash": "8c89451085b9b390e4fd9111a2ebdc4f56ba59eb", "timestamp": "1769384468647", "event_type": "book"}}
{"_local_timestamp": "2026-01-25T23:41:08.715642+00:00", "data": {"market": "0xfa2de983f8642c0f61c6c9f6890144c00569720c7ac4966fa14ae61887805119", "asset_id": "100867343898929430052757546050745655715685585456696690891892865600379098158025", "bids": [{"price": "0.01", "size": "102288.18"}, {"price": "0.02", "size": "1400"}, {"price": "0.03", "size": "9.97"}, {"price": "0.06", "size": "1200"}, {"price": "0.1", "size": "6.49"}, {"price": "0.12", "size": "600"}, {"price": "0.15", "size": "425"}, {"price": "0.3", "size": "100"}, {"price": "0.35", "size": "50"}, {"price": "0.39", "size": "10"}, {"price": "0.4", "size": "205.83"}, {"price": "0.43", "size": "188"}, {"price": "0.45", "size": "44"}, {"price": "0.47", "size": "788.84"}, {"price": "0.48", "size": "116"}, {"price": "0.49", "size": "12"}, {"price": "0.51", "size": "58"}, {"price": "0.52", "size": "16"}, {"price": "0.53", "size": "20"}, {"price": "0.54", "size": "20"}, {"price": "0.6", "size": "22.2"}], "asks": [{"price": "0.99", "size": "100888.92"}, {"price": "0.98", "size": "21.5"}, {"price": "0.96", "size": "1250"}, {"price": "0.95", "size": "16.61"}, {"price": "0.87", "size": "822"}, {"price": "0.86", "size": "1500"}, {"price": "0.85", "size": "150"}, {"price": "0.83", "size": "500"}, {"price": "0.82", "size": "400"}, {"price": "0.81", "size": "80"}, {"price": "0.79", "size": "61.9"}, {"price": "0.77", "size": "47.82"}, {"price": "0.75", "size": "213.83"}, {"price": "0.74", "size": "209"}, {"price": "0.73", "size": "220.52"}, {"price": "0.72", "size": "205"}, {"price": "0.69", "size": "193"}, {"price": "0.65", "size": "200"}, {"price": "0.64", "size": "31"}], "hash": "bb59a8766839edba942c1fe3f0a5e7daed5e07ab", "timestamp": "1769384468647", "event_type": "book"}}
{"_local_timestamp": "2026-01-25T23:41:08.739663+00:00", "data": {"market": "0xfa2de983f8642c0f61c6c9f6890144c00569720c7ac4966fa14ae61887805119", "asset_id": "111430850586280057072383206477547388489809466081864228712689433849450823637864", "price": "0.4", "size": "7", "fee_rate_bps": "0", "side": "BUY", "timestamp": "1769384468675", "event_type": "last_trade_price", "transaction_hash": "0x225be29be959817cb7d1b088f8aac9eb9629958328a6da1b8269d31ef19a9ac2"}}
{"_local_timestamp": "2026-01-25T23:41:09.326561+00:00", "data": {"market": "0xfa2de983f8642c0f61c6c9f6890144c00569720c7ac4966fa14ae61887805119", "price_changes": [{"asset_id": "111430850586280057072383206477547388489809466081864228712689433849450823637864", "price": "0.13", "size": "0", "side": "BUY", "hash": "bcb5b87742c3c02ff047590c78279aeaf29b4522", "best_bid": "0.36", "best_ask": "0.4"}, {"asset_id": "100867343898929430052757546050745655715685585456696690891892865600379098158025", "price": "0.87", "size": "0", "side": "SELL", "hash": "eefc16d0190caed10f3fae8265f97415f47e5e05", "best_bid": "0.6", "best_ask": "0.64"}], "timestamp": "1769384469265", "event_type": "price_change"}}
{"_local_timestamp": "2026-01-25T23:41:10.668623+00:00", "data": {"market": "0xfa2de983f8642c0f61c6c9f6890144c00569720c7ac4966fa14ae61887805119", "price_changes": [{"asset_id": "111430850586280057072383206477547388489809466081864228712689433849450823637864", "price": "0.31", "size": "0", "side": "BUY", "hash": "c819c937b60d00d23aa3ed0479056ab7cf6540a1", "best_bid": "0.36", "best_ask": "0.4"}, {"asset_id": "100867343898929430052757546050745655715685585456696690891892865600379098158025", "price": "0.69", "size": "0", "side": "SELL", "hash": "3f84389be8da69eeb2577417258d8c69fd5f1093", "best_bid": "0.6", "best_ask": "0.64"}], "timestamp": "1769384470604", "event_type": "price_change"}}
{"_local_timestamp": "2026-01-25T23:41:10.676294+00:00", "data": {"market": "0xfa2de983f8642c0f61c6c9f6890144c00569720c7ac4966fa14ae61887805119", "price_changes": [{"asset_id": "111430850586280057072383206477547388489809466081864228712689433849450823637864", "price": "0.33", "size": "189", "side": "BUY", "hash": "15c5ce0c5cc094cf60069af631c4a06de12544da", "best_bid": "0.36", "best_ask": "0.4"}, {"asset_id": "100867343898929430052757546050745655715685585456696690891892865600379098158025", "price": "0.67", "size": "189", "side": "SELL", "hash": "4b5dff1f16a018f41e7efede13bc97e030bce145", "best_bid": "0.6", "best_ask": "0.64"}], "timestamp": "1769384470606", "event_type": "price_change"}}
{"_local_timestamp": "2026-01-25T23:41:12.673000+00:00", "data": {"market": "0xfa2de983f8642c0f61c6c9f6890144c00569720c7ac4966fa14ae61887805119", "price_changes": [{"asset_id": "111430850586280057072383206477547388489809466081864228712689433849450823637864", "price": "0.33", "size": "0", "side": "BUY", "hash": "07d2abbb9f8f9efbb63315e495635c27b4ccd372", "best_bid": "0.36", "best_ask": "0.4"}, {"asset_id": "100867343898929430052757546050745655715685585456696690891892865600379098158025", "price": "0.67", "size": "0", "side": "SELL", "hash": "47f284e2ca7c3ca66a32fd92c558a6d3909dddb6", "best_bid": "0.6", "best_ask": "0.64"}], "timestamp": "1769384472609", "event_type": "price_change"}}
{"_local_timestamp": "2026-01-25T23:41:12.768379+00:00", "data": {"market": "0xfa2de983f8642c0f61c6c9f6890144c00569720c7ac4966fa14ae61887805119", "price_changes": [{"asset_id": "111430850586280057072383206477547388489809466081864228712689433849450823637864", "price": "0.31", "size": "190", "side": "BUY", "hash": "a26eafaf16752e92b894358d43fb928a6e6365bd", "best_bid": "0.36", "best_ask": "0.4"}, {"asset_id": "100867343898929430052757546050745655715685585456696690891892865600379098158025", "price": "0.69", "size": "190", "side": "SELL", "hash": "0e787d61552b3dd4f619e25c24f7ca12a56627ea", "best_bid": "0.6", "best_ask": "0.64"}], "timestamp": "1769384472688", "event_type": "price_change"}}
{"_local_timestamp": "2026-01-25T23:41:14.261943+00:00", "data": {"market": "0xfa2de983f8642c0f61c6c9f6890144c00569720c7ac4966fa14ae61887805119", "price_changes": [{"asset_id": "111430850586280057072383206477547388489809466081864228712689433849450823637864", "price": "0.51", "size": "39.22", "side": "SELL", "hash": "5dc36b85eb72e3357bf3466433de783dd7f64d2d", "best_bid": "0.36", "best_ask": "0.4"}, {"asset_id": "100867343898929430052757546050745655715685585456696690891892865600379098158025", "price": "0.49", "size": "39.22", "side": "BUY", "hash": "cd22f3c52c632cb4a8b5602f8f30f3596d78cd5d", "best_bid": "0.6", "best_ask": "0.64"}], "timestamp": "1769384474183", "event_type": "price_change"}}
{"_local_timestamp": "2026-01-25T23:41:14.262733+00:00", "data": {"market": "0xfa2de983f8642c0f61c6c9f6890144c00569720c7ac4966fa14ae61887805119", "price_changes": [{"asset_id": "111430850586280057072383206477547388489809466081864228712689433849450823637864", "price": "0.51", "size": "66.44", "side": "SELL", "hash": "73b4ba921b56c20f296e88cb6861ebc18c07aba0", "best_bid": "0.36", "best_ask": "0.4"}, {"asset_id": "100867343898929430052757546050745655715685585456696690891892865600379098158025", "price": "0.49", "size": "66.44", "side": "BUY", "hash": "dc353ea542048591d17a2f8b0cbde92b92cd96e3", "best_bid": "0.6", "best_ask": "0.64"}], "timestamp": "1769384474183", "event_type": "price_change"}}
{"_local_timestamp": "2026-01-25T23:41:14.268911+00:00", "data": {"market": "0xfa2de983f8642c0f61c6c9f6890144c00569720c7ac4966fa14ae61887805119", "price_changes": [{"asset_id": "111430850586280057072383206477547388489809466081864228712689433849450823637864", "price": "0.51", "size": "93.66", "side": "SELL", "hash": "c2a59941351b9006848e043684641fb684df1c1e", "best_bid": "0.36", "best_ask": "0.4"}, {"asset_id": "100867343898929430052757546050745655715685585456696690891892865600379098158025", "price": "0.49", "size": "93.66", "side": "BUY", "hash": "91a7117c61d4de6e25fb9aa0d2deccfc797c3813", "best_bid": "0.6", "best_ask": "0.64"}], "timestamp": "1769384474184", "event_type": "price_change"}}
{"_local_timestamp": "2026-01-25T23:41:14.320844+00:00", "data": {"market": "0xfa2de983f8642c0f61c6c9f6890144c00569720c7ac4966fa14ae61887805119", "price_changes": [{"asset_id": "111430850586280057072383206477547388489809466081864228712689433849450823637864", "price": "0.51", "size": "104.72", "side": "SELL", "hash": "37a8d2ae4ad452f48586834633cfd569b59f13be", "best_bid": "0.36", "best_ask": "0.4"}, {"asset_id": "100867343898929430052757546050745655715685585456696690891892865600379098158025", "price": "0.49", "size": "104.72", "side": "BUY", "hash": "d438b025638a18b6bab87ab0913d1b1ae8a056ba", "best_bid": "0.6", "best_ask": "0.64"}], "timestamp": "1769384474223", "event_type": "price_change"}}
{"_local_timestamp": "2026-01-25T23:41:17.261804+00:00", "data": {"market": "0xfa2de983f8642c0f61c6c9f6890144c00569720c7ac4966fa14ae61887805119", "price_changes": [{"asset_id": "111430850586280057072383206477547388489809466081864228712689433849450823637864", "price": "0.31", "size": "0", "side": "BUY", "hash": "4733291250a3a73f36f08068505020d5b623d54c", "best_bid": "0.36", "best_ask": "0.4"}, {"asset_id": "100867343898929430052757546050745655715685585456696690891892865600379098158025", "price": "0.69", "size": "0", "side": "SELL", "hash": "f8d739331fca1b9da525f52d790c02be8099c6bd", "best_bid": "0.6", "best_ask": "0.64"}], "timestamp": "1769384477182", "event_type": "price_change"}}
{"_local_timestamp": "2026-01-25T23:41:17.264573+00:00", "data": {"market": "0xfa2de983f8642c0f61c6c9f6890144c00569720c7ac4966fa14ae61887805119", "price_changes": [{"asset_id": "111430850586280057072383206477547388489809466081864228712689433849450823637864", "price": "0.29", "size": "190", "side": "BUY", "hash": "4bc267294f5bd09d1232ba7ec23f292448b6983c", "best_bid": "0.36", "best_ask": "0.4"}, {"asset_id": "100867343898929430052757546050745655715685585456696690891892865600379098158025", "price": "0.71", "size": "190", "side": "SELL", "hash": "7cb8f18fe9a19ba4da294b61b2efa248ba5659f6", "best_bid": "0.6", "best_ask": "0.64"}], "timestamp": "1769384477183", "event_type": "price_change"}}
{"_local_timestamp": "2026-01-25T23:41:17.265039+00:00", "data": {"market": "0xfa2de983f8642c0f61c6c9f6890144c00569720c7ac4966fa14ae61887805119", "price_changes": [{"asset_id": "111430850586280057072383206477547388489809466081864228712689433849450823637864", "price": "0.4", "size": "10.2", "side": "SELL", "hash": "243b1d21d3db44b883f58e4f2613ab5317b1a89a", "best_bid": "0.36", "best_ask": "0.4"}, {"asset_id": "100867343898929430052757546050745655715685585456696690891892865600379098158025", "price": "0.6", "size": "10.2", "side": "BUY", "hash": "d7bb8dd6bb6a19fd08303c2c9dfcef7e19bc4dd8", "best_bid": "0.6", "best_ask": "0.64"}], "timestamp": "1769384477188", "event_type": "price_change"}}
{"_local_timestamp": "2026-01-25T23:41:17.265511+00:00", "data": {"market": "0xfa2de983f8642c0f61c6c9f6890144c00569720c7ac4966fa14ae61887805119", "asset_id": "111430850586280057072383206477547388489809466081864228712689433849450823637864", "bids": [{"price": "0.01", "size": "100888.92"}, {"price": "0.02", "size": "21.5"}, {"price": "0.04", "size": "1250"}, {"price": "0.05", "size": "16.61"}, {"price": "0.14", "size": "1500"}, {"price": "0.15", "size": "150"}, {"price": "0.17", "size": "500"}, {"price": "0.18", "size": "400"}, {"price": "0.19", "size": "80"}, {"price": "0.21", "size": "61.9"}, {"price": "0.23", "size": "47.82"}, {"price": "0.25", "size": "213.83"}, {"price": "0.26", "size": "209"}, {"price": "0.27", "size": "220.52"}, {"price": "0.28", "size": "205"}, {"price": "0.29", "size": "190"}, {"price": "0.35", "size": "200"}, {"price": "0.36", "size": "31"}], "asks": [{"price": "0.99", "size": "102288.18"}, {"price": "0.98", "size": "1400"}, {"price": "0.97", "size": "9.97"}, {"price": "0.94", "size": "1200"}, {"price": "0.9", "size": "6.49"}, {"price": "0.88", "size": "600"}, {"price": "0.85", "size": "425"}, {"price": "0.7", "size": "100"}, {"price": "0.65", "size": "50"}, {"price": "0.61", "size": "10"}, {"price": "0.6", "size": "205.83"}, {"price": "0.57", "size": "188"}, {"price": "0.55", "size": "44"}, {"price": "0.53", "size": "788.84"}, {"price": "0.52", "size": "116"}, {"price": "0.51", "size": "104.72"}, {"price": "0.49", "size": "58"}, {"price": "0.48", "size": "16"}, {"price": "0.47", "size": "20"}, {"price": "0.46", "size": "20"}, {"price": "0.4", "size": "10.2"}], "hash": "243b1d21d3db44b883f58e4f2613ab5317b1a89a", "timestamp": "1769384477188", "event_type": "book"}}
{"_local_timestamp": "2026-01-25T23:41:17.265942+00:00", "data": {"market": "0xfa2de983f8642c0f61c6c9f6890144c00569720c7ac4966fa14ae61887805119", "asset_id": "100867343898929430052757546050745655715685585456696690891892865600379098158025", "bids": [{"price": "0.01", "size": "102288.18"}, {"price": "0.02", "size": "1400"}, {"price": "0.03", "size": "9.97"}, {"price": "0.06", "size": "1200"}, {"price": "0.1", "size": "6.49"}, {"price": "0.12", "size": "600"}, {"price": "0.15", "size": "425"}, {"price": "0.3", "size": "100"}, {"price": "0.35", "size": "50"}, {"price": "0.39", "size": "10"}, {"price": "0.4", "size": "205.83"}, {"price": "0.43", "size": "188"}, {"price": "0.45", "size": "44"}, {"price": "0.47", "size": "788.84"}, {"price": "0.48", "size": "116"}, {"price": "0.49", "size": "104.72"}, {"price": "0.51", "size": "58"}, {"price": "0.52", "size": "16"}, {"price": "0.53", "size": "20"}, {"price": "0.54", "size": "20"}, {"price": "0.6", "size": "10.2"}], "asks": [{"price": "0.99", "size": "100888.92"}, {"price": "0.98", "size": "21.5"}, {"price": "0.96", "size": "1250"}, {"price": "0.95", "size": "16.61"}, {"price": "0.86", "size": "1500"}, {"price": "0.85", "size": "150"}, {"price": "0.83", "size": "500"}, {"price": "0.82", "size": "400"}, {"price": "0.81", "size": "80"}, {"price": "0.79", "size": "61.9"}, {"price": "0.77", "size": "47.82"}, {"price": "0.75", "size": "213.83"}, {"price": "0.74", "size": "209"}, {"price": "0.73", "size": "220.52"}, {"price": "0.72", "size": "205"}, {"price": "0.71", "size": "190"}, {"price": "0.65", "size": "200"}, {"price": "0.64", "size": "31"}], "hash": "d7bb8dd6bb6a19fd08303c2c9dfcef7e19bc4dd8", "timestamp": "1769384477188", "event_type": "book"}}
{"_local_timestamp": "2026-01-25T23:41:17.293715+00:00", "data": {"market": "0xfa2de983f8642c0f61c6c9f6890144c00569720c7ac4966fa14ae61887805119", "asset_id": "111430850586280057072383206477547388489809466081864228712689433849450823637864", "price": "0.4", "size": "12", "fee_rate_bps": "0", "side": "BUY", "timestamp": "1769384477216", "event_type": "last_trade_price", "transaction_hash": "0x7cc1f346120263f9842c3f06f4aa97f67f1a47808a0eb1049efbb057e63ceb5a"}}
{"_local_timestamp": "2026-01-25T23:41:19.298410+00:00", "data": {"market": "0xfa2de983f8642c0f61c6c9f6890144c00569720c7ac4966fa14ae61887805119", "price_changes": [{"asset_id": "111430850586280057072383206477547388489809466081864228712689433849450823637864", "price": "0.31", "size": "190", "side": "BUY", "hash": "1fbcf1556de0164fabb1abf0bf82424094a364e1", "best_bid": "0.36", "best_ask": "0.4"}, {"asset_id": "100867343898929430052757546050745655715685585456696690891892865600379098158025", "price": "0.69", "size": "190", "side": "SELL", "hash": "7157c51b56d567f689f47994286a765f5a092693", "best_bid": "0.6", "best_ask": "0.64"}], "timestamp": "1769384479185", "event_type": "price_change"}}
{"_local_timestamp": "2026-01-25T23:41:19.330912+00:00", "data": {"market": "0xfa2de983f8642c0f61c6c9f6890144c00569720c7ac4966fa14ae61887805119", "price_changes": [{"asset_id": "111430850586280057072383206477547388489809466081864228712689433849450823637864", "price": "0.29", "size": "0", "side": "BUY", "hash": "88de90f38edf34b0de70c2ba653876c9eeab6ea7", "best_bid": "0.36", "best_ask": "0.4"}, {"asset_id": "100867343898929430052757546050745655715685585456696690891892865600379098158025", "price": "0.71", "size": "0", "side": "SELL", "hash": "309abc0d3a4bb9482857b05f52afeed451cc7334", "best_bid": "0.6", "best_ask": "0.64"}], "timestamp": "1769384479185", "event_type": "price_change"}}
{"_local_timestamp": "2026-01-25T23:41:23.134549+00:00", "data": {"market": "0xfa2de983f8642c0f61c6c9f6890144c00569720c7ac4966fa14ae61887805119", "asset_id": "111430850586280057072383206477547388489809466081864228712689433849450823637864", "price": "0.43", "size": "21", "fee_rate_bps": "0", "side": "BUY", "timestamp": "1769384483061", "event_type": "last_trade_price", "transaction_hash": "0x8d86b3745f6171fa19ebc83f990d535f844aeb54e642ad4785cc72dc69c7fc73"}}
{"_local_timestamp": "2026-01-25T23:41:23.142235+00:00", "data": {"market": "0xfa2de983f8642c0f61c6c9f6890144c00569720c7ac4966fa14ae61887805119", "price_changes": [{"asset_id": "111430850586280057072383206477547388489809466081864228712689433849450823637864", "price": "0.46", "size": "9.2", "side": "SELL", "hash": "d2df43180a55c7fe38bbf9201257636ce9e0e703", "best_bid": "0.36", "best_ask": "0.46"}, {"asset_id": "100867343898929430052757546050745655715685585456696690891892865600379098158025", "price": "0.54", "size": "9.2", "side": "BUY", "hash": "2ed5b0ad4805119c31e20972f93b8406427e7a1d", "best_bid": "0.54", "best_ask": "0.64"}], "timestamp": "1769384483032", "event_type": "price_change"}}
{"_local_timestamp": "2026-01-25T23:41:23.142728+00:00", "data": {"market": "0xfa2de983f8642c0f61c6c9f6890144c00569720c7ac4966fa14ae61887805119", "price_changes": [{"asset_id": "111430850586280057072383206477547388489809466081864228712689433849450823637864", "price": "0.4", "size": "0", "side": "SELL", "hash": "d2df43180a55c7fe38bbf9201257636ce9e0e703", "best_bid": "0.36", "best_ask": "0.46"}, {"asset_id": "100867343898929430052757546050745655715685585456696690891892865600379098158025", "price": "0.6", "size": "0", "side": "BUY", "hash": "2ed5b0ad4805119c31e20972f93b8406427e7a1d", "best_bid": "0.54", "best_ask": "0.64"}], "timestamp": "1769384483032", "event_type": "price_change"}}
{"_local_timestamp": "2026-01-25T23:41:23.144669+00:00", "data": {"market": "0xfa2de983f8642c0f61c6c9f6890144c00569720c7ac4966fa14ae61887805119", "asset_id": "111430850586280057072383206477547388489809466081864228712689433849450823637864", "bids": [{"price": "0.01", "size": "100888.92"}, {"price": "0.02", "size": "21.5"}, {"price": "0.04", "size": "1250"}, {"price": "0.05", "size": "16.61"}, {"price": "0.14", "size": "1500"}, {"price": "0.15", "size": "150"}, {"price": "0.17", "size": "500"}, {"price": "0.18", "size": "400"}, {"price": "0.19", "size": "80"}, {"price": "0.21", "size": "61.9"}, {"price": "0.23", "size": "47.82"}, {"price": "0.25", "size": "213.83"}, {"price": "0.26", "size": "209"}, {"price": "0.27", "size": "220.52"}, {"price": "0.28", "size": "205"}, {"price": "0.31", "size": "190"}, {"price": "0.35", "size": "200"}, {"price": "0.36", "size": "31"}], "asks": [{"price": "0.99", "size": "102288.18"}, {"price": "0.98", "size": "1400"}, {"price": "0.97", "size": "9.97"}, {"price": "0.94", "size": "1200"}, {"price": "0.9", "size": "6.49"}, {"price": "0.88", "size": "600"}, {"price": "0.85", "size": "425"}, {"price": "0.7", "size": "100"}, {"price": "0.65", "size": "50"}, {"price": "0.61", "size": "10"}, {"price": "0.6", "size": "205.83"}, {"price": "0.57", "size": "188"}, {"price": "0.55", "size": "44"}, {"price": "0.53", "size": "788.84"}, {"price": "0.52", "size": "116"}, {"price": "0.51", "size": "104.72"}, {"price": "0.49", "size": "58"}, {"price": "0.48", "size": "16"}, {"price": "0.47", "size": "20"}, {"price": "0.46", "size": "9.2"}], "hash": "d2df43180a55c7fe38bbf9201257636ce9e0e703", "timestamp": "1769384483032", "event_type": "book"}}
{"_local_timestamp": "2026-01-25T23:41:23.146416+00:00", "data": {"market": "0xfa2de983f8642c0f61c6c9f6890144c00569720c7ac4966fa14ae61887805119", "asset_id": "100867343898929430052757546050745655715685585456696690891892865600379098158025", "bids": [{"price": "0.01", "size": "102288.18"}, {"price": "0.02", "size": "1400"}, {"price": "0.03", "size": "9.97"}, {"price": "0.06", "size": "1200"}, {"price": "0.1", "size": "6.49"}, {"price": "0.12", "size": "600"}, {"price": "0.15", "size": "425"}, {"price": "0.3", "size": "100"}, {"price": "0.35", "size": "50"}, {"price": "0.39", "size": "10"}, {"price": "0.4", "size": "205.83"}, {"price": "0.43", "size": "188"}, {"price": "0.45", "size": "44"}, {"price": "0.47", "size": "788.84"}, {"price": "0.48", "size": "116"}, {"price": "0.49", "size": "104.72"}, {"price": "0.51", "size": "58"}, {"price": "0.52", "size": "16"}, {"price": "0.53", "size": "20"}, {"price": "0.54", "size": "9.2"}], "asks": [{"price": "0.99", "size": "100888.92"}, {"price": "0.98", "size": "21.5"}, {"price": "0.96", "size": "1250"}, {"price": "0.95", "size": "16.61"}, {"price": "0.86", "size": "1500"}, {"price": "0.85", "size": "150"}, {"price": "0.83", "size": "500"}, {"price": "0.82", "size": "400"}, {"price": "0.81", "size": "80"}, {"price": "0.79", "size": "61.9"}, {"price": "0.77", "size": "47.82"}, {"price": "0.75", "size": "213.83"}, {"price": "0.74", "size": "209"}, {"price": "0.73", "size": "220.52"}, {"price": "0.72", "size": "205"}, {"price": "0.69", "size": "190"}, {"price": "0.65", "size": "200"}, {"price": "0.64", "size": "31"}], "hash": "2ed5b0ad4805119c31e20972f93b8406427e7a1d", "timestamp": "1769384483032", "event_type": "book"}}
{"_local_timestamp": "2026-01-25T23:41:23.196496+00:00", "data": {"market": "0xfa2de983f8642c0f61c6c9f6890144c00569720c7ac4966fa14ae61887805119", "price_changes": [{"asset_id": "100867343898929430052757546050745655715685585456696690891892865600379098158025", "price": "0.12", "size": "400", "side": "BUY", "hash": "78527d8fadb4342e1145b18eea73f14cd701c67f", "best_bid": "0.54", "best_ask": "0.64"}, {"asset_id": "111430850586280057072383206477547388489809466081864228712689433849450823637864", "price": "0.88", "size": "400", "side": "SELL", "hash": "49da6ae56d4a009cc9df56ef5b8b58607007f88c", "best_bid": "0.36", "best_ask": "0.46"}], "timestamp": "1769384483113", "event_type": "price_change"}}
{"_local_timestamp": "2026-01-25T23:41:23.205681+00:00", "data": {"market": "0xfa2de983f8642c0f61c6c9f6890144c00569720c7ac4966fa14ae61887805119", "price_changes": [{"asset_id": "100867343898929430052757546050745655715685585456696690891892865600379098158025", "price": "0.07", "size": "200", "side": "BUY", "hash": "368f0cc0ba0107561cb968b196a9cf2f08d28ed8", "best_bid": "0.54", "best_ask": "0.64"}, {"asset_id": "111430850586280057072383206477547388489809466081864228712689433849450823637864", "price": "0.93", "size": "200", "side": "SELL", "hash": "647e2eff08893200ca4c301e2db53dc6032a58af", "best_bid": "0.36", "best_ask": "0.46"}], "timestamp": "1769384483122", "event_type": "price_change"}}
{"_local_timestamp": "2026-01-25T23:41:23.303068+00:00", "data": {"market": "0xfa2de983f8642c0f61c6c9f6890144c00569720c7ac4966fa14ae61887805119", "price_changes": [{"asset_id": "100867343898929430052757546050745655715685585456696690891892865600379098158025", "price": "0.51", "size": "88", "side": "BUY", "hash": "e5f64c5b9658c46fb2ce1615754576eccb099be1", "best_bid": "0.54", "best_ask": "0.64"}, {"asset_id": "111430850586280057072383206477547388489809466081864228712689433849450823637864", "price": "0.49", "size": "88", "side": "SELL", "hash": "e4c89c3c28a494e41fd471ef205a2f28a0474aa2", "best_bid": "0.36", "best_ask": "0.46"}], "timestamp": "1769384483239", "event_type": "price_change"}}
