{"_local_timestamp": "2026-01-25T23:33:38.425307+00:00", "data": [{"market": "0x8ea089b2f427a03bddfe18a56e5700d51e9859b9d996190541fddc0e7cd65eba", "asset_id": "24943194647808695809485867320798993312476069979878404857223518148158000700643", "timestamp": "1769384012752", "hash": "de4ced5e5d6232c9ee5e1de849203acec6a32083", "bids": [], "asks": [{"price": "0.99", "size": "8"}, {"price": "0.002", "size": "15"}, {"price": "0.001", "size": "113298"}], "event_type": "book", "last_trade_price": ""}, {"market": "0x8ea089b2f427a03bddfe18a56e5700d51e9859b9d996190541fddc0e7cd65eba", "asset_id": "54310702913570103428126473201459330940122597170373986103761594324159028129113", "timestamp": "1769384012752", "hash": "babae4f4cb2b7183a128f348f1728677c29eb051", "bids": [{"price": "0.01", "size": "8"}, {"price": "0.998", "size": "15"}, {"price": "0.999", "size": "113298"}], "asks": [], "event_type": "book", "last_trade_price": ""}]}
{"_local_timestamp": "2026-01-25T23:33:45.877858+00:00", "data": {"market": "0x8ea089b2f427a03bddfe18a56e5700d51e9859b9d996190541fddc0e7cd65eba", "price_changes": [{"asset_id": "54310702913570103428126473201459330940122597170373986103761594324159028129113", "price": "0.999", "size": "100000", "side": "BUY", "hash": "646ddf285c85d6bc5a46e50684b87ffe7c238b07", "best_bid": "0.999", "best_ask": "1"}, {"asset_id": "24943194647808695809485867320798993312476069979878404857223518148158000700643", "price": "0.001", "size": "100000", "side": "SELL", "hash": "7263eaa5a5b6b3329ca9e1fb25a6cfc74ee7de20", "best_bid": "0", "best_ask": "0.001"}], "timestamp": "1769384025808", "event_type": "price_change"}}
{"_local_timestamp": "2026-01-25T23:33:47.619899+00:00", "data": {"market": "0x8ea089b2f427a03bddfe18a56e5700d51e9859b9d996190541fddc0e7cd65eba", "price_changes": [{"asset_id": "54310702913570103428126473201459330940122597170373986103761594324159028129113", "price": "0.999", "size": "102497", "side": "BUY", "hash": "e77232ec442386102afd4002392c633d0e8ba72e", "best_bid": "0.999", "best_ask": "1"}, {"asset_id": "24943194647808695809485867320798993312476069979878404857223518148158000700643", "price": "0.001", "size": "102497", "side": "SELL", "hash": "3d8dc7e3c5d612632c4dbb4fe0fe1ba9f940a043", "best_bid": "0", "best_ask": "0.001"}], "timestamp": "1769384027527", "event_type": "price_change"}}
{"_local_timestamp": "2026-01-25T23:33:48.001527+00:00", "data": {"market": "0x8ea089b2f427a03bddfe18a56e5700d51e9859b9d996190541fddc0e7cd65eba", "price_changes": [{"asset_id": "54310702913570103428126473201459330940122597170373986103761594324159028129113", "price": "0.999", "size": "104993", "side": "BUY", "hash": "c64144ec2e4bad5b630ce11eb7010bcd833b58d0", "best_bid": "0.999", "best_ask": "1"}, {"asset_id": "24943194647808695809485867320798993312476069979878404857223518148158000700643", "price": "0.001", "size": "104993", "side": "SELL", "hash": "a48ca11318e6e61dec41f041484bdb2563f57eed", "best_bid": "0", "best_ask": "0.001"}], "timestamp": "1769384027917", "event_type": "price_change"}}
{"_local_timestamp": "2026-01-25T23:33:48.524087+00:00", "data": {"market": "0x8ea089b2f427a03bddfe18a56e5700d51e9859b9d996190541fddc0e7cd65eba", "price_changes": [{"asset_id": "54310702913570103428126473201459330940122597170373986103761594324159028129113", "price": "0.999", "size": "107488", "side": "BUY", "hash": "1b80a846921c9802076ba9bb6726883c7a5a131c", "best_bid": "0.999", "best_ask": "1"}, {"asset_id": "24943194647808695809485867320798993312476069979878404857223518148158000700643", "price": "0.001", "size": "107488", "side": "SELL", "hash": "46c595ed171dcab3e571d7f9a95f012039250689", "best_bid": "0", "best_ask": "0.001"}], "timestamp": "1769384028433", "event_type": "price_change"}}
{"_local_timestamp": "2026-01-25T23:33:49.293642+00:00", "data": {"market": "0x8ea089b2f427a03bddfe18a56e5700d51e9859b9d996190541fddc0e7cd65eba", "price_changes": [{"asset_id": "54310702913570103428126473201459330940122597170373986103761594324159028129113", "price": "0.999", "size": "108111", "side": "BUY", "hash": "351e6f21f1505fa4a5645d7bced63f2948dcd836", "best_bid": "0.999", "best_ask": "1"}, {"asset_id": "24943194647808695809485867320798993312476069979878404857223518148158000700643", "price": "0.001", "size": "108111", "side": "SELL", "hash": "f0f0f7954454231bb392080801fc4c8391177d1d", "best_bid": "0", "best_ask": "0.001"}], "timestamp": "1769384029230", "event_type": "price_change"}}
{"_local_timestamp": "2026-01-25T23:33:49.805380+00:00", "data": {"market": "0x8ea089b2f427a03bddfe18a56e5700d51e9859b9d996190541fddc0e7cd65eba", "price_changes": [{"asset_id": "54310702913570103428126473201459330940122597170373986103761594324159028129113", "price": "0.999", "size": "108733", "side": "BUY", "hash": "1ef809cc9cfec05a71202a1916f76febce095c8f", "best_bid": "0.999", "best_ask": "1"}, {"asset_id": "24943194647808695809485867320798993312476069979878404857223518148158000700643", "price": "0.001", "size": "108733", "side": "SELL", "hash": "7d4f75261250ce6e8b4846ed057f38379e209fb3", "best_bid": "0", "best_ask": "0.001"}], "timestamp": "1769384029728", "event_type": "price_change"}}
{"_local_timestamp": "2026-01-25T23:33:51.655981+00:00", "data": {"market": "0x8ea089b2f427a03bddfe18a56e5700d51e9859b9d996190541fddc0e7cd65eba", "price_changes": [{"asset_id": "54310702913570103428126473201459330940122597170373986103761594324159028129113", "price": "0.999", "size": "108888", "side": "BUY", "hash": "39f87af355c39f8f99bf742669f380810f73fe6d", "best_bid": "0.999", "best_ask": "1"}, {"asset_id": "24943194647808695809485867320798993312476069979878404857223518148158000700643", "price": "0.001", "size": "108888", "side": "SELL", "hash": "f451691250eaf9d48065be2d7fe5401ceda3dd53", "best_bid": "0", "best_ask": "0.001"}], "timestamp": "1769384031561", "event_type": "price_change"}}
{"_local_timestamp": "2026-01-25T23:33:52.595261+00:00", "data": {"market": "0x8ea089b2f427a03bddfe18a56e5700d51e9859b9d996190541fddc0e7cd65eba", "price_changes": [{"asset_id": "54310702913570103428126473201459330940122597170373986103761594324159028129113", "price": "0.999", "size": "109042", "side": "BUY", "hash": "c6e11693bba58f727d5714b1990da02134d7f508", "best_bid": "0.999", "best_ask": "1"}, {"asset_id": "24943194647808695809485867320798993312476069979878404857223518148158000700643", "price": "0.001", "size": "109042", "side": "SELL", "hash": "7fe5ba6db85492c42da8ccdb690898ae0aad5e6b", "best_bid": "0", "best_ask": "0.001"}], "timestamp": "1769384032526", "event_type": "price_change"}}
{"_local_timestamp": "2026-01-25T23:33:53.004401+00:00", "data": {"market": "0x8ea089b2f427a03bddfe18a56e5700d51e9859b9d996190541fddc0e7cd65eba", "price_changes": [{"asset_id": "54310702913570103428126473201459330940122597170373986103761594324159028129113", "price": "0.999", "size": "109195", "side": "BUY", "hash": "1b61891ae0433edf11da1a12282ad963ff9dc9f6", "best_bid": "0.999", "best_ask": "1"}, {"asset_id": "24943194647808695809485867320798993312476069979878404857223518148158000700643", "price": "0.001", "size": "109195", "side": "SELL", "hash": "2f070c62803205ddffebde3c266076df4c35f177", "best_bid": "0", "best_ask": "0.001"}], "timestamp": "1769384032919", "event_type": "price_change"}}
{"_local_timestamp": "2026-01-25T23:33:54.555742+00:00", "data": {"market": "0x8ea089b2f427a03bddfe18a56e5700d51e9859b9d996190541fddc0e7cd65eba", "price_changes": [{"asset_id": "54310702913570103428126473201459330940122597170373986103761594324159028129113", "price": "0.999", "size": "109232", "side": "BUY", "hash": "0f0fb0fb9380f48be14aac9aeeb493806c4d344b", "best_bid": "0.999", "best_ask": "1"}, {"asset_id": "24943194647808695809485867320798993312476069979878404857223518148158000700643", "price": "0.001", "size": "109232", "side": "SELL", "hash": "430088df0fa1da7467ac6a1931b4996d904f63d1", "best_bid": "0", "best_ask": "0.001"}], "timestamp": "1769384034486", "event_type": "price_change"}}
{"_local_timestamp": "2026-01-25T23:33:55.244482+00:00", "data": {"market": "0x8ea089b2f427a03bddfe18a56e5700d51e9859b9d996190541fddc0e7cd65eba", "price_changes": [{"asset_id": "54310702913570103428126473201459330940122597170373986103761594324159028129113", "price": "0.999", "size": "109268", "side": "BUY", "hash": "bd42181cef5caed5d8252a92fc81f556e86db40f", "best_bid": "0.999", "best_ask": "1"}, {"asset_id": "24943194647808695809485867320798993312476069979878404857223518148158000700643", "price": "0.001", "size": "109268", "side": "SELL", "hash": "aeab79d5a4eadbefdadda7506190d5e689e66515", "best_bid": "0", "best_ask": "0.001"}], "timestamp": "1769384035141", "event_type": "price_change"}}
{"_local_timestamp": "2026-01-25T23:33:55.634892+00:00", "data": {"market": "0x8ea089b2f427a03bddfe18a56e5700d51e9859b9d996190541fddc0e7cd65eba", "price_changes": [{"asset_id": "54310702913570103428126473201459330940122597170373986103761594324159028129113", "price": "0.999", "size": "109303", "side": "BUY", "hash": "1df603d60ba0c4f9cebcd944a393befb7e02eb7d", "best_bid": "0.999", "best_ask": "1"}, {"asset_id": "24943194647808695809485867320798993312476069979878404857223518148158000700643", "price": "0.001", "size": "109303", "side": "SELL", "hash": "f00ee891d3dfb42a0fd2e59edd4906c01efd4e62", "best_bid": "0", "best_ask": "0.001"}], "timestamp": "1769384035547", "event_type": "price_change"}}
{"_local_timestamp": "2026-01-25T23:34:07.971968+00:00", "data": {"market": "0x8ea089b2f427a03bddfe18a56e5700d51e9859b9d996190541fddc0e7cd65eba", "price_changes": [{"asset_id": "54310702913570103428126473201459330940122597170373986103761594324159028129113", "price": "0.999", "size": "104993", "side": "BUY", "hash": "5216fea923ff7ebeb489ca04fe10ce144a407bcf", "best_bid": "0.999", "best_ask": "1"}, {"asset_id": "24943194647808695809485867320798993312476069979878404857223518148158000700643", "price": "0.001", "size": "104993", "side": "SELL", "hash": "ad749940c01f8083efc389ad5299d396d66b8df6", "best_bid": "0", "best_ask": "0.001"}], "timestamp": "1769384047891", "event_type": "price_change"}}
{"_local_timestamp": "2026-01-25T23:34:08.646424+00:00", "data": {"market": "0x8ea089b2f427a03bddfe18a56e5700d51e9859b9d996190541fddc0e7cd65eba", "price_changes": [{"asset_id": "54310702913570103428126473201459330940122597170373986103761594324159028129113", "price": "0.999", "size": "100000", "side": "BUY", "hash": "e88105e5178fd413d08d63d3fea96c381015d25b", "best_bid": "0.999", "best_ask": "1"}, {"asset_id": "24943194647808695809485867320798993312476069979878404857223518148158000700643", "price": "0.001", "size": "100000", "side": "SELL", "hash": "bc3d661a52d4064b23fd37078db5461238a7cd6d", "best_bid": "0", "best_ask": "0.001"}], "timestamp": "1769384048564", "event_type": "price_change"}}
{"_local_timestamp": "2026-01-25T23:34:09.304372+00:00", "data": {"market": "0x8ea089b2f427a03bddfe18a56e5700d51e9859b9d996190541fddc0e7cd65eba", "price_changes": [{"asset_id": "54310702913570103428126473201459330940122597170373986103761594324159028129113", "price": "0.999", "size": "90000", "side": "BUY", "hash": "1fa395d183ad44bd96e70d6191b3d4195019cd7c", "best_bid": "0.999", "best_ask": "1"}, {"asset_id": "24943194647808695809485867320798993312476069979878404857223518148158000700643", "price": "0.001", "size": "90000", "side": "SELL", "hash": "d2649630cf39986afe2a322f8489f6d482ee939c", "best_bid": "0", "best_ask": "0.001"}], "timestamp": "1769384049211", "event_type": "price_change"}}
{"_local_timestamp": "2026-01-25T23:34:11.477086+00:00", "data": {"market": "0x8ea089b2f427a03bddfe18a56e5700d51e9859b9d996190541fddc0e7cd65eba", "price_changes": [{"asset_id": "54310702913570103428126473201459330940122597170373986103761594324159028129113", "price": "0.999", "size": "92500", "side": "BUY", "hash": "f3bf14c4eb86f299db90b6888e036e60cba772ed", "best_bid": "0.999", "best_ask": "1"}, {"asset_id": "24943194647808695809485867320798993312476069979878404857223518148158000700643", "price": "0.001", "size": "92500", "side": "SELL", "hash": "f10e39d7b4629dd9e6a0fd74ea8719692672e835", "best_bid": "0", "best_ask": "0.001"}], "timestamp": "1769384051396", "event_type": "price_change"}}
{"_local_timestamp": "2026-01-25T23:34:12.432472+00:00", "data": {"market": "0x8ea089b2f427a03bddfe18a56e5700d51e9859b9d996190541fddc0e7cd65eba", "price_changes": [{"asset_id": "54310702913570103428126473201459330940122597170373986103761594324159028129113", "price": "0.999", "size": "93124", "side": "BUY", "hash": "f4653f6f96a432daff9e6d5ddddb4ed4024c49fb", "best_bid": "0.999", "best_ask": "1"}, {"asset_id": "24943194647808695809485867320798993312476069979878404857223518148158000700643", "price": "0.001", "size": "93124", "side": "SELL", "hash": "ae3344faffed93c4ff67caffccfc76a66b1ad208", "best_bid": "0", "best_ask": "0.001"}], "timestamp": "1769384052360", "event_type": "price_change"}}
{"_local_timestamp": "2026-01-25T23:34:13.606059+00:00", "data": {"market": "0x8ea089b2f427a03bddfe18a56e5700d51e9859b9d996190541fddc0e7cd65eba", "price_changes": [{"asset_id": "54310702913570103428126473201459330940122597170373986103761594324159028129113", "price": "0.999", "size": "93279", "side": "BUY", "hash": "f5762c1eb7d4d90b9e9c4c481072d45f0c54e58f", "best_bid": "0.999", "best_ask": "1"}, {"asset_id": "24943194647808695809485867320798993312476069979878404857223518148158000700643", "price": "0.001", "size": "93279", "side": "SELL", "hash": "a635c03008f1ff2b55597cc39c6a73dc20614997", "best_bid": "0", "best_ask": "0.001"}], "timestamp": "1769384053442", "event_type": "price_change"}}
{"_local_timestamp": "2026-01-25T23:34:25.447105+00:00", "data": {"market": "0x8ea089b2f427a03bddfe18a56e5700d51e9859b9d996190541fddc0e7cd65eba", "price_changes": [{"asset_id": "54310702913570103428126473201459330940122597170373986103761594324159028129113", "price": "0.999", "size": "80000", "side": "BUY", "hash": "22507a25e8237c5540a486ac87279caded63ec6f", "best_bid": "0.999", "best_ask": "1"}, {"asset_id": "24943194647808695809485867320798993312476069979878404857223518148158000700643", "price": "0.001", "size": "80000", "side": "SELL", "hash": "bf95a3596fad41e91003805febf9d78258062fb3", "best_bid": "0", "best_ask": "0.001"}], "timestamp": "1769384065337", "event_type": "price_change"}}
{"_local_timestamp": "2026-01-25T23:34:26.313180+00:00", "data": {"market": "0x8ea089b2f427a03bddfe18a56e5700d51e9859b9d996190541fddc0e7cd65eba", "price_changes": [{"asset_id": "54310702913570103428126473201459330940122597170373986103761594324159028129113", "price": "0.999", "size": "80625", "side": "BUY", "hash": "8868554e3533c992b52eab8ca5276f914277f123", "best_bid": "0.999", "best_ask": "1"}, {"asset_id": "24943194647808695809485867320798993312476069979878404857223518148158000700643", "price": "0.001", "size": "80625", "side": "SELL", "hash": "1b72a71cdca597158ac88fedd867a0b3b80726a1", "best_bid": "0", "best_ask": "0.001"}], "timestamp": "1769384066211", "event_type": "price_change"}}
{"_local_timestamp": "2026-01-25T23:34:26.660090+00:00", "data": {"market": "0x8ea089b2f427a03bddfe18a56e5700d51e9859b9d996190541fddc0e7cd65eba", "price_changes": [{"asset_id": "54310702913570103428126473201459330940122597170373986103761594324159028129113", "price": "0.999", "size": "81249", "side": "BUY", "hash": "503444de6ee0cb2d25b7ca0f10d4921aa8071530", "best_bid": "0.999", "best_ask": "1"}, {"asset_id": "24943194647808695809485867320798993312476069979878404857223518148158000700643", "price": "0.001", "size": "81249", "side": "SELL", "hash": "4fe89de52cbb4668d44ac971c7879d78f667cca8", "best_bid": "0", "best_ask": "0.001"}], "timestamp": "1769384066572", "event_type": "price_change"}}
{"_local_timestamp": "2026-01-25T23:34:27.934735+00:00", "data": {"market": "0x8ea089b2f427a03bddfe18a56e5700d51e9859b9d996190541fddc0e7cd65eba", "price_changes": [{"asset_id": "54310702913570103428126473201459330940122597170373986103761594324159028129113", "price": "0.999", "size": "81404", "side": "BUY", "hash": "afa0301c1921ee0415a049c8070d83b675cc6df4", "best_bid": "0.999", "best_ask": "1"}, {"asset_id": "24943194647808695809485867320798993312476069979878404857223518148158000700643", "price": "0.001", "size": "81404", "side": "SELL", "hash": "176ee6498a9159f51a52edb14b3cf841a3f22dff", "best_bid": "0", "best_ask": "0.001"}], "timestamp": "1769384067734", "event_type": "price_change"}}
{"_local_timestamp": "2026-01-25T23:34:28.293738+00:00", "data": {"market": "0x8ea089b2f427a03bddfe18a56e5700d51e9859b9d996190541fddc0e7cd65eba", "price_changes": [{"asset_id": "54310702913570103428126473201459330940122597170373986103761594324159028129113", "price": "0.999", "size": "81558", "side": "BUY", "hash": "e6a797b5c529d969661faa47c76b20c78bdc73d6", "best_bid": "0.999", "best_ask": "1"}, {"asset_id": "24943194647808695809485867320798993312476069979878404857223518148158000700643", "price": "0.001", "size": "81558", "side": "SELL", "hash": "7f91d16ffaaddb6492acb8e3ead9fa8839660bfc", "best_bid": "0", "best_ask": "0.001"}], "timestamp": "1769384068178", "event_type": "price_change"}}
{"_local_timestamp": "2026-01-25T23:34:29.344713+00:00", "data": {"market": "0x8ea089b2f427a03bddfe18a56e5700d51e9859b9d996190541fddc0e7cd65eba", "price_changes": [{"asset_id": "54310702913570103428126473201459330940122597170373986103761594324159028129113", "price": "0.999", "size": "81711", "side": "BUY", "hash": "fbe063e2a03e0ac9f1d1f0c1fa0c988010f949ab", "best_bid": "0.999", "best_ask": "1"}, {"asset_id": "24943194647808695809485867320798993312476069979878404857223518148158000700643", "price": "0.001", "size": "81711", "side": "SELL", "hash": "2db29dafb4645846fdb04b9e9cd1614a3b4a6792", "best_bid": "0", "best_ask": "0.001"}], "timestamp": "1769384069273", "event_type": "price_change"}}
{"_local_timestamp": "2026-01-25T23:34:29.815348+00:00", "data": {"market": "0x8ea089b2f427a03bddfe18a56e5700d51e9859b9d996190541fddc0e7cd65eba", "price_changes": [{"asset_id": "54310702913570103428126473201459330940122597170373986103761594324159028129113", "price": "0.999", "size": "81863", "side": "BUY", "hash": "608ca6c7a366d6b2a687af99307ecff261552db8", "best_bid": "0.999", "best_ask": "1"}, {"asset_id": "24943194647808695809485867320798993312476069979878404857223518148158000700643", "price": "0.001", "size": "81863", "side": "SELL", "hash": "9a75611798a5bfb30535f568bf63a8351064db2b", "best_bid": "0", "best_ask": "0.001"}], "timestamp": "1769384069660", "event_type": "price_change"}}
{"_local_timestamp": "2026-01-25T23:34:30.395542+00:00", "data": {"market": "0x8ea089b2f427a03bddfe18a56e5700d51e9859b9d996190541fddc0e7cd65eba", "price_changes": [{"asset_id": "54310702913570103428126473201459330940122597170373986103761594324159028129113", "price": "0.999", "size": "82014", "side": "BUY", "hash": "97dc995a99265cef1ebf3c66c04e964f302e6edd", "best_bid": "0.999", "best_ask": "1"}, {"asset_id": "24943194647808695809485867320798993312476069979878404857223518148158000700643", "price": "0.001", "size": "82014", "side": "SELL", "hash": "252141b7e949b526da7f48e720166c232351d468", "best_bid": "0", "best_ask": "0.001"}], "timestamp": "1769384070211", "event_type": "price_change"}}
{"_local_timestamp": "2026-01-25T23:34:30.694313+00:00", "data": {"market": "0x8ea089b2f427a03bddfe18a56e5700d51e9859b9d996190541fddc0e7cd65eba", "price_changes": [{"asset_id": "54310702913570103428126473201459330940122597170373986103761594324159028129113", "price": "0.999", "size": "82051", "side": "BUY", "hash": "36e5b69c0888cddbb0f33b2da2dc062f73f74aa0", "best_bid": "0.999", "best_ask": "1"}, {"asset_id": "24943194647808695809485867320798993312476069979878404857223518148158000700643", "price": "0.001", "size": "82051", "side": "SELL", "hash": "e400524a117536e61fa01dc6e846015637f37fa5", "best_bid": "0", "best_ask": "0.001"}], "timestamp": "1769384070580", "event_type": "price_change"}}
{"_local_timestamp": "2026-01-25T23:34:31.015171+00:00", "data": {"market": "0x8ea089b2f427a03bddfe18a56e5700d51e9859b9d996190541fddc0e7cd65eba", "price_changes": [{"asset_id": "54310702913570103428126473201459330940122597170373986103761594324159028129113", "price": "0.999", "size": "82087", "side": "BUY", "hash": "ef99f377b640eb4507e4452676787b4a10038cb0", "best_bid": "0.999", "best_ask": "1"}, {"asset_id": "24943194647808695809485867320798993312476069979878404857223518148158000700643", "price": "0.001", "size": "82087", "side": "SELL", "hash": "cf73c10b4ee091dc06936951b4e0b31c39818850", "best_bid": "0", "best_ask": "0.001"}], "timestamp": "1769384070928", "event_type": "price_change"}}
