{"_local_timestamp": "2026-01-25T23:33:35.677027+00:00", "data": [{"market": "0xc45d00626e8634a6dccbb1fe66d72f94aaee05bacf4b7cf9951adf00558005b5", "asset_id": "24479213121681888202470340307702176146354336776996424816220090812716451983115", "timestamp": "1769384012752", "hash": "2cd95226941b85b64b37227f90e26a898b24c83e", "bids": [], "asks": [{"price": "0.999", "size": "64"}, {"price": "0.998", "size": "50000"}, {"price": "0.992", "size": "100"}, {"price": "0.99", "size": "27008"}, {"price": "0.989", "size": "100"}, {"price": "0.92", "size": "155"}, {"price": "0.903", "size": "100"}, {"price": "0.901", "size": "100"}, {"price": "0.9", "size": "3500"}, {"price": "0.53", "size": "100"}, {"price": "0.51", "size": "100"}, {"price": "0.503", "size": "200"}, {"price": "0.501", "size": "100"}, {"price": "0.25", "size": "60"}, {"price": "0.233", "size": "60"}, {"price": "0.231", "size": "60"}, {"price": "0.23", "size": "60"}, {"price": "0.229", "size": "5"}, {"price": "0.001", "size": "113598.1"}], "event_type": "book", "last_trade_price": ""}, {"market": "0xc45d00626e8634a6dccbb1fe66d72f94aaee05bacf4b7cf9951adf00558005b5", "asset_id": "94115343031503528702856499496575587099116674251150699535152735576297602551868", "timestamp": "1769384012752", "hash": "279ca18aee55582334725c068f07cd352401510d", "bids": [{"price": "0.001", "size": "64"}, {"price": "0.002", "size": "50000"}, {"price": "0.008", "size": "100"}, {"price": "0.01", "size": "27008"}, {"price": "0.011", "size": "100"}, {"price": "0.08", "size": "155"}, {"price": "0.097", "size": "100"}, {"price": "0.099", "size": "100"}, {"price": "0.1", "size": "3500"}, {"price": "0.47", "size": "100"}, {"price": "0.49", "size": "100"}, {"price": "0.497", "size": "200"}, {"price": "0.499", "size": "100"}, {"price": "0.75", "size": "60"}, {"price": "0.767", "size": "60"}, {"price": "0.769", "size": "60"}, {"price": "0.77", "size": "60"}, {"price": "0.771", "size": "5"}, {"price": "0.999", "size": "113598.1"}], "asks": [], "event_type": "book", "last_trade_price": ""}, {"market": "0xe090adc9be44e1b6c5ab9d85e8810b5c477bfd3165826a03457b80dc175f683e", "asset_id": "26146298211066652597804302003580272279840893529245860437948216406101249638481", "timestamp": "1769384012752", "hash": "c166caafda98c9e29d04a57aded3fcbd54b57e75", "bids": [], "asks": [{"price": "0.999", "size": "55"}, {"price": "0.998", "size": "55000"}, {"price": "0.992", "size": "155"}, {"price": "0.99", "size": "27058"}, {"price": "0.989", "size": "155"}, {"price": "0.97", "size": "16"}, {"price": "0.92", "size": "155"}, {"price": "0.903", "size": "100"}, {"price": "0.901", "size": "100"}, {"price": "0.9", "size": "3500"}, {"price": "0.53", "size": "100"}, {"price": "0.51", "size": "100"}, {"price": "0.503", "size": "200"}, {"price": "0.501", "size": "100"}, {"price": "0.25", "size": "60"}, {"price": "0.233", "size": "60"}, {"price": "0.231", "size": "60"}, {"price": "0.23", "size": "60"}, {"price": "0.009", "size": "500"}, {"price": "0.008", "size": "5"}, {"price": "0.001", "size": "113430.67"}], "event_type": "book", "last_trade_price": ""}, {"market": "0xe090adc9be44e1b6c5ab9d85e8810b5c477bfd3165826a03457b80dc175f683e", "asset_id": "89182673693493325367811543003409507596829356585637049953733680846689866041065", "timestamp": "1769384012752", "hash": "6e92a67e3817a8268434641655192afe88788bbb", "bids": [{"price": "0.001", "size": "55"}, {"price": "0.002", "size": "55000"}, {"price": "0.008", "size": "155"}, {"price": "0.01", "size": "27058"}, {"price": "0.011", "size": "155"}, {"price": "0.03", "size": "16"}, {"price": "0.08", "size": "155"}, {"price": "0.097", "size": "100"}, {"price": "0.099", "size": "100"}, {"price": "0.1", "size": "3500"}, {"price": "0.47", "size": "100"}, {"price": "0.49", "size": "100"}, {"price": "0.497", "size": "200"}, {"price": "0.499", "size": "100"}, {"price": "0.75", "size": "60"}, {"price": "0.767", "size": "60"}, {"price": "0.769", "size": "60"}, {"price": "0.77", "size": "60"}, {"price": "0.991", "size": "500"}, {"price": "0.992", "size": "5"}, {"price": "0.999", "size": "113430.67"}], "asks": [], "event_type": "book", "last_trade_price": ""}]}
{"_local_timestamp": "2026-01-25T23:33:45.891658+00:00", "data": {"market": "0xe090adc9be44e1b6c5ab9d85e8810b5c477bfd3165826a03457b80dc175f683e", "price_changes": [{"asset_id": "89182673693493325367811543003409507596829356585637049953733680846689866041065", "price": "0.999", "size": "100132.67", "side": "BUY", "hash": "19cf225a9c32cef7a9ced8c5d55add8520c9ccf3", "best_bid": "0.999", "best_ask": "1"}, {"asset_id": "26146298211066652597804302003580272279840893529245860437948216406101249638481", "price": "0.001", "size": "100132.67", "side": "SELL", "hash": "c7d9752b4ca092ab3487a7d9c5e3ad22a9bd1570", "best_bid": "0", "best_ask": "0.001"}], "timestamp": "1769384025809", "event_type": "price_change"}}
{"_local_timestamp": "2026-01-25T23:33:45.899412+00:00", "data": {"market": "0xc45d00626e8634a6dccbb1fe66d72f94aaee05bacf4b7cf9951adf00558005b5", "price_changes": [{"asset_id": "94115343031503528702856499496575587099116674251150699535152735576297602551868", "price": "0.999", "size": "100300.1", "side": "BUY", "hash": "4c1202ed973759a033a1ff02a30c82bcdc7556ec", "best_bid": "0.999", "best_ask": "1"}, {"asset_id": "24479213121681888202470340307702176146354336776996424816220090812716451983115", "price": "0.001", "size": "100300.1", "side": "SELL", "hash": "6a25143d5ff3c5e4f1b8ddd94f94b1ec148464f3", "best_bid": "0", "best_ask": "0.001"}], "timestamp": "1769384025808", "event_type": "price_change"}}
{"_local_timestamp": "2026-01-25T23:33:47.623445+00:00", "data": {"market": "0xe090adc9be44e1b6c5ab9d85e8810b5c477bfd3165826a03457b80dc175f683e", "price_changes": [{"asset_id": "89182673693493325367811543003409507596829356585637049953733680846689866041065", "price": "0.999", "size": "102629.67", "side": "BUY", "hash": "600c4491f18304269462155b42ade267359c0f77", "best_bid": "0.999", "best_ask": "1"}, {"asset_id": "26146298211066652597804302003580272279840893529245860437948216406101249638481", "price": "0.001", "size": "102629.67", "side": "SELL", "hash": "bc11764784695e1c63c838c611448ae0568e150d", "best_bid": "0", "best_ask": "0.001"}], "timestamp": "1769384027526", "event_type": "price_change"}}
{"_local_timestamp": "2026-01-25T23:33:47.626945+00:00", "data": {"market": "0xc45d00626e8634a6dccbb1fe66d72f94aaee05bacf4b7cf9951adf00558005b5", "price_changes": [{"asset_id": "94115343031503528702856499496575587099116674251150699535152735576297602551868", "price": "0.999", "size": "102797.1", "side": "BUY", "hash": "77544a7f539cc2ea19df9c1a0c10968967495579", "best_bid": "0.999", "best_ask": "1"}, {"asset_id": "24479213121681888202470340307702176146354336776996424816220090812716451983115", "price": "0.001", "size": "102797.1", "side": "SELL", "hash": "24cc6ee0a8f0dc4f69e0996c70b787b051d4a9fe", "best_bid": "0", "best_ask": "0.001"}], "timestamp": "1769384027527", "event_type": "price_change"}}
{"_local_timestamp": "2026-01-25T23:33:48.008050+00:00", "data": {"market": "0xe090adc9be44e1b6c5ab9d85e8810b5c477bfd3165826a03457b80dc175f683e", "price_changes": [{"asset_id": "89182673693493325367811543003409507596829356585637049953733680846689866041065", "price": "0.999", "size": "105125.67", "side": "BUY", "hash": "d52c6bf72407685a37b5e2748d6a30b1f4a9f0e5", "best_bid": "0.999", "best_ask": "1"}, {"asset_id": "26146298211066652597804302003580272279840893529245860437948216406101249638481", "price": "0.001", "size": "105125.67", "side": "SELL", "hash": "cf58b06e2d8a70f0d4620e47787d46672f2fa1ca", "best_bid": "0", "best_ask": "0.001"}], "timestamp": "1769384027917", "event_type": "price_change"}}
{"_local_timestamp": "2026-01-25T23:33:48.014922+00:00", "data": {"market": "0xc45d00626e8634a6dccbb1fe66d72f94aaee05bacf4b7cf9951adf00558005b5", "price_changes": [{"asset_id": "94115343031503528702856499496575587099116674251150699535152735576297602551868", "price": "0.999", "size": "105293.1", "side": "BUY", "hash": "503967cbda83bd8c6738c6a6a620fb2479db330e", "best_bid": "0.999", "best_ask": "1"}, {"asset_id": "24479213121681888202470340307702176146354336776996424816220090812716451983115", "price": "0.001", "size": "105293.1", "side": "SELL", "hash": "6e30a9d45064be12e73776da72f3b905834372bc", "best_bid": "0", "best_ask": "0.001"}], "timestamp": "1769384027917", "event_type": "price_change"}}
{"_local_timestamp": "2026-01-25T23:33:48.528732+00:00", "data": {"market": "0xe090adc9be44e1b6c5ab9d85e8810b5c477bfd3165826a03457b80dc175f683e", "price_changes": [{"asset_id": "89182673693493325367811543003409507596829356585637049953733680846689866041065", "price": "0.999", "size": "107620.67", "side": "BUY", "hash": "96ebf98b726d504bcf3fc1938db420c6e84d2f59", "best_bid": "0.999", "best_ask": "1"}, {"asset_id": "26146298211066652597804302003580272279840893529245860437948216406101249638481", "price": "0.001", "size": "107620.67", "side": "SELL", "hash": "deee38f5f71c1cc5e91389e124aafc75ea13f426", "best_bid": "0", "best_ask": "0.001"}], "timestamp": "1769384028433", "event_type": "price_change"}}
{"_local_timestamp": "2026-01-25T23:33:48.533908+00:00", "data": {"market": "0xc45d00626e8634a6dccbb1fe66d72f94aaee05bacf4b7cf9951adf00558005b5", "price_changes": [{"asset_id": "94115343031503528702856499496575587099116674251150699535152735576297602551868", "price": "0.999", "size": "107788.1", "side": "BUY", "hash": "a7c222a1fc0f40157e178062557e663b436a4eb1", "best_bid": "0.999", "best_ask": "1"}, {"asset_id": "24479213121681888202470340307702176146354336776996424816220090812716451983115", "price": "0.001", "size": "107788.1", "side": "SELL", "hash": "5fed2b3b2ce95c4f375220f46c9ac7cf5d184591", "best_bid": "0", "best_ask": "0.001"}], "timestamp": "1769384028433", "event_type": "price_change"}}
{"_local_timestamp": "2026-01-25T23:33:49.307858+00:00", "data": {"market": "0xc45d00626e8634a6dccbb1fe66d72f94aaee05bacf4b7cf9951adf00558005b5", "price_changes": [{"asset_id": "94115343031503528702856499496575587099116674251150699535152735576297602551868", "price": "0.999", "size": "108411.1", "side": "BUY", "hash": "abb73c25e4aaf170f2c2039ea8f9703b9c5a3ad2", "best_bid": "0.999", "best_ask": "1"}, {"asset_id": "24479213121681888202470340307702176146354336776996424816220090812716451983115", "price": "0.001", "size": "108411.1", "side": "SELL", "hash": "34f32fcbf6b7a79492976e473c2d57e0130bdac0", "best_bid": "0", "best_ask": "0.001"}], "timestamp": "1769384029230", "event_type": "price_change"}}
{"_local_timestamp": "2026-01-25T23:33:49.308288+00:00", "data": {"market": "0xe090adc9be44e1b6c5ab9d85e8810b5c477bfd3165826a03457b80dc175f683e", "price_changes": [{"asset_id": "89182673693493325367811543003409507596829356585637049953733680846689866041065", "price": "0.999", "size": "108243.67", "side": "BUY", "hash": "a31d162f9a35d43f64215beb2b00aee16ad90a1a", "best_bid": "0.999", "best_ask": "1"}, {"asset_id": "26146298211066652597804302003580272279840893529245860437948216406101249638481", "price": "0.001", "size": "108243.67", "side": "SELL", "hash": "4979302656e83b07033288577b80c5057a097280", "best_bid": "0", "best_ask": "0.001"}], "timestamp": "1769384029230", "event_type": "price_change"}}
{"_local_timestamp": "2026-01-25T23:33:49.805413+00:00", "data": {"market": "0xc45d00626e8634a6dccbb1fe66d72f94aaee05bacf4b7cf9951adf00558005b5", "price_changes": [{"asset_id": "94115343031503528702856499496575587099116674251150699535152735576297602551868", "price": "0.999", "size": "109033.1", "side": "BUY", "hash": "b3817a0c34bd471d4b1819ea813ab8e2156f3d64", "best_bid": "0.999", "best_ask": "1"}, {"asset_id": "24479213121681888202470340307702176146354336776996424816220090812716451983115", "price": "0.001", "size": "109033.1", "side": "SELL", "hash": "ce6a67a02c836c8cbe05cf3edfcc9da53d0387cc", "best_bid": "0", "best_ask": "0.001"}], "timestamp": "1769384029725", "event_type": "price_change"}}
{"_local_timestamp": "2026-01-25T23:33:49.810155+00:00", "data": {"market": "0xe090adc9be44e1b6c5ab9d85e8810b5c477bfd3165826a03457b80dc175f683e", "price_changes": [{"asset_id": "89182673693493325367811543003409507596829356585637049953733680846689866041065", "price": "0.999", "size": "108865.67", "side": "BUY", "hash": "b77cf2cb16daa2187f26725d2f31317b4b27c429", "best_bid": "0.999", "best_ask": "1"}, {"asset_id": "26146298211066652597804302003580272279840893529245860437948216406101249638481", "price": "0.001", "size": "108865.67", "side": "SELL", "hash": "1150875e42e231520e6a5f6df44e844f3154d261", "best_bid": "0", "best_ask": "0.001"}], "timestamp": "1769384029726", "event_type": "price_change"}}
{"_local_timestamp": "2026-01-25T23:33:51.663908+00:00", "data": {"market": "0xe090adc9be44e1b6c5ab9d85e8810b5c477bfd3165826a03457b80dc175f683e", "price_changes": [{"asset_id": "89182673693493325367811543003409507596829356585637049953733680846689866041065", "price": "0.999", "size": "109020.67", "side": "BUY", "hash": "39997a1d1109d30d076689556ec084eac86ea594", "best_bid": "0.999", "best_ask": "1"}, {"asset_id": "26146298211066652597804302003580272279840893529245860437948216406101249638481", "price": "0.001", "size": "109020.67", "side": "SELL", "hash": "39edf5a4c078165865f9d1ee06a4b9037d147b99", "best_bid": "0", "best_ask": "0.001"}], "timestamp": "1769384031562", "event_type": "price_change"}}
{"_local_timestamp": "2026-01-25T23:33:51.665940+00:00", "data": {"market": "0xc45d00626e8634a6dccbb1fe66d72f94aaee05bacf4b7cf9951adf00558005b5", "price_changes": [{"asset_id": "94115343031503528702856499496575587099116674251150699535152735576297602551868", "price": "0.999", "size": "109188.1", "side": "BUY", "hash": "b054a1e50fee976f336539ced20ceaefd3249363", "best_bid": "0.999", "best_ask": "1"}, {"asset_id": "24479213121681888202470340307702176146354336776996424816220090812716451983115", "price": "0.001", "size": "109188.1", "side": "SELL", "hash": "9b837cb612b91c1362045689e42aa7c2257515e0", "best_bid": "0", "best_ask": "0.001"}], "timestamp": "1769384031562", "event_type": "price_change"}}
{"_local_timestamp": "2026-01-25T23:33:52.595921+00:00", "data": {"market": "0xe090adc9be44e1b6c5ab9d85e8810b5c477bfd3165826a03457b80dc175f683e", "price_changes": [{"asset_id": "89182673693493325367811543003409507596829356585637049953733680846689866041065", "price": "0.999", "size": "109174.67", "side": "BUY", "hash": "c45695b91342802f13d34970c86dc13062632dbd", "best_bid": "0.999", "best_ask": "1"}, {"asset_id": "26146298211066652597804302003580272279840893529245860437948216406101249638481", "price": "0.001", "size": "109174.67", "side": "SELL", "hash": "fa4186f31cb1ac4b6479a44bb3feea6852170219", "best_bid": "0", "best_ask": "0.001"}], "timestamp": "1769384032526", "event_type": "price_change"}}
{"_local_timestamp": "2026-01-25T23:33:52.597043+00:00", "data": {"market": "0xc45d00626e8634a6dccbb1fe66d72f94aaee05bacf4b7cf9951adf00558005b5", "price_changes": [{"asset_id": "94115343031503528702856499496575587099116674251150699535152735576297602551868", "price": "0.999", "size": "109342.1", "side": "BUY", "hash": "eedfce32f1217539d6f156ae7d96f4e9fd474a55", "best_bid": "0.999", "best_ask": "1"}, {"asset_id": "24479213121681888202470340307702176146354336776996424816220090812716451983115", "price": "0.001", "size": "109342.1", "side": "SELL", "hash": "ff1a1095bbe417fea0c0d193fdfd241f5cfd055f", "best_bid": "0", "best_ask": "0.001"}], "timestamp": "1769384032527", "event_type": "price_change"}}
{"_local_timestamp": "2026-01-25T23:33:53.007937+00:00", "data": {"market": "0xc45d00626e8634a6dccbb1fe66d72f94aaee05bacf4b7cf9951adf00558005b5", "price_changes": [{"asset_id": "94115343031503528702856499496575587099116674251150699535152735576297602551868", "price": "0.999", "size": "109495.1", "side": "BUY", "hash": "c23076b2a2b6c827b9a1864bbc29b27b5c29c5fb", "best_bid": "0.999", "best_ask": "1"}, {"asset_id": "24479213121681888202470340307702176146354336776996424816220090812716451983115", "price": "0.001", "size": "109495.1", "side": "SELL", "hash": "9b3da524da15bb4130604e3c717596d5c54c33ef", "best_bid": "0", "best_ask": "0.001"}], "timestamp": "1769384032919", "event_type": "price_change"}}
{"_local_timestamp": "2026-01-25T23:33:53.008405+00:00", "data": {"market": "0xe090adc9be44e1b6c5ab9d85e8810b5c477bfd3165826a03457b80dc175f683e", "price_changes": [{"asset_id": "89182673693493325367811543003409507596829356585637049953733680846689866041065", "price": "0.999", "size": "109327.67", "side": "BUY", "hash": "7cbef7aebe25a6a64ce933b177c4650a0cb5e870", "best_bid": "0.999", "best_ask": "1"}, {"asset_id": "26146298211066652597804302003580272279840893529245860437948216406101249638481", "price": "0.001", "size": "109327.67", "side": "SELL", "hash": "52434b387a8963cc181fd40d68c62e8b6cb6edd7", "best_bid": "0", "best_ask": "0.001"}], "timestamp": "1769384032919", "event_type": "price_change"}}
{"_local_timestamp": "2026-01-25T23:33:54.562739+00:00", "data": {"market": "0xe090adc9be44e1b6c5ab9d85e8810b5c477bfd3165826a03457b80dc175f683e", "price_changes": [{"asset_id": "89182673693493325367811543003409507596829356585637049953733680846689866041065", "price": "0.999", "size": "109364.67", "side": "BUY", "hash": "7c63f2b39d824929a50d8f1c273b8a8e29477a28", "best_bid": "0.999", "best_ask": "1"}, {"asset_id": "26146298211066652597804302003580272279840893529245860437948216406101249638481", "price": "0.001", "size": "109364.67", "side": "SELL", "hash": "71a25c6bc9ac2d65589f475d233028bb6d198204", "best_bid": "0", "best_ask": "0.001"}], "timestamp": "1769384034486", "event_type": "price_change"}}
{"_local_timestamp": "2026-01-25T23:33:54.578308+00:00", "data": {"market": "0xc45d00626e8634a6dccbb1fe66d72f94aaee05bacf4b7cf9951adf00558005b5", "price_changes": [{"asset_id": "94115343031503528702856499496575587099116674251150699535152735576297602551868", "price": "0.999", "size": "109532.1", "side": "BUY", "hash": "a1d51c2b58f368684643ef89365c25965dd21855", "best_bid": "0.999", "best_ask": "1"}, {"asset_id": "24479213121681888202470340307702176146354336776996424816220090812716451983115", "price": "0.001", "size": "109532.1", "side": "SELL", "hash": "3c094279dd51db9794bd3899ddb6f43ff109a62a", "best_bid": "0", "best_ask": "0.001"}], "timestamp": "1769384034486", "event_type": "price_change"}}
{"_local_timestamp": "2026-01-25T23:33:55.251059+00:00", "data": {"market": "0xc45d00626e8634a6dccbb1fe66d72f94aaee05bacf4b7cf9951adf00558005b5", "price_changes": [{"asset_id": "94115343031503528702856499496575587099116674251150699535152735576297602551868", "price": "0.999", "size": "109568.1", "side": "BUY", "hash": "cb3c341ecf85fa60aa547ad07a740f14fad47c73", "best_bid": "0.999", "best_ask": "1"}, {"asset_id": "24479213121681888202470340307702176146354336776996424816220090812716451983115", "price": "0.001", "size": "109568.1", "side": "SELL", "hash": "0fa496e0c4749b70ca91fc3f952bdc81b0cddac3", "best_bid": "0", "best_ask": "0.001"}], "timestamp": "1769384035142", "event_type": "price_change"}}
{"_local_timestamp": "2026-01-25T23:33:55.255413+00:00", "data": {"market": "0xe090adc9be44e1b6c5ab9d85e8810b5c477bfd3165826a03457b80dc175f683e", "price_changes": [{"asset_id": "89182673693493325367811543003409507596829356585637049953733680846689866041065", "price": "0.999", "size": "109400.67", "side": "BUY", "hash": "fb476297aa5de39c4b9e0f8f1459cd842ed6f3a7", "best_bid": "0.999", "best_ask": "1"}, {"asset_id": "26146298211066652597804302003580272279840893529245860437948216406101249638481", "price": "0.001", "size": "109400.67", "side": "SELL", "hash": "8accdd7d5763119a2ef4d5d232773f6dd08d75d1", "best_bid": "0", "best_ask": "0.001"}], "timestamp": "1769384035137", "event_type": "price_change"}}
{"_local_timestamp": "2026-01-25T23:33:55.631510+00:00", "data": {"market": "0xc45d00626e8634a6dccbb1fe66d72f94aaee05bacf4b7cf9951adf00558005b5", "price_changes": [{"asset_id": "94115343031503528702856499496575587099116674251150699535152735576297602551868", "price": "0.999", "size": "109603.1", "side": "BUY", "hash": "15b485cdda1d6689446e3d1fa393be4fd8db1706", "best_bid": "0.999", "best_ask": "1"}, {"asset_id": "24479213121681888202470340307702176146354336776996424816220090812716451983115", "price": "0.001", "size": "109603.1", "side": "SELL", "hash": "b9b72b95656a5538dd8b3331757024a2f1db7643", "best_bid": "0", "best_ask": "0.001"}], "timestamp": "1769384035547", "event_type": "price_change"}}
{"_local_timestamp": "2026-01-25T23:33:55.633890+00:00", "data": {"market": "0xe090adc9be44e1b6c5ab9d85e8810b5c477bfd3165826a03457b80dc175f683e", "price_changes": [{"asset_id": "89182673693493325367811543003409507596829356585637049953733680846689866041065", "price": "0.999", "size": "109435.67", "side": "BUY", "hash": "66411a0814daad3ad4c41a71e2c4fc91da0388a4", "best_bid": "0.999", "best_ask": "1"}, {"asset_id": "26146298211066652597804302003580272279840893529245860437948216406101249638481", "price": "0.001", "size": "109435.67", "side": "SELL", "hash": "050015cd3608fa65d2a88da1ee99fc96eb9e9ca2", "best_bid": "0", "best_ask": "0.001"}], "timestamp": "1769384035547", "event_type": "price_change"}}
{"_local_timestamp": "2026-01-25T23:34:08.155858+00:00", "data": {"market": "0xc45d00626e8634a6dccbb1fe66d72f94aaee05bacf4b7cf9951adf00558005b5", "price_changes": [{"asset_id": "94115343031503528702856499496575587099116674251150699535152735576297602551868", "price": "0.999", "size": "105293.1", "side": "BUY", "hash": "38bfe9cfac0d9f2c07bf8b7c6c87ae29f87d05e4", "best_bid": "0.999", "best_ask": "1"}, {"asset_id": "24479213121681888202470340307702176146354336776996424816220090812716451983115", "price": "0.001", "size": "105293.1", "side": "SELL", "hash": "9389b3fd3fd59ce06b49f7650c1eb20b6dd76634", "best_bid": "0", "best_ask": "0.001"}], "timestamp": "1769384047891", "event_type": "price_change"}}
{"_local_timestamp": "2026-01-25T23:34:08.165334+00:00", "data": {"market": "0xe090adc9be44e1b6c5ab9d85e8810b5c477bfd3165826a03457b80dc175f683e", "price_changes": [{"asset_id": "89182673693493325367811543003409507596829356585637049953733680846689866041065", "price": "0.999", "size": "105125.67", "side": "BUY", "hash": "5d12aeb3ecb896a592930071f938ce6e552e7536", "best_bid": "0.999", "best_ask": "1"}, {"asset_id": "26146298211066652597804302003580272279840893529245860437948216406101249638481", "price": "0.001", "size": "105125.67", "side": "SELL", "hash": "e572c2ae5cb6f9ccfbd1a837191e208d3a322a41", "best_bid": "0", "best_ask": "0.001"}], "timestamp": "1769384047891", "event_type": "price_change"}}
{"_local_timestamp": "2026-01-25T23:34:08.805231+00:00", "data": {"market": "0xc45d00626e8634a6dccbb1fe66d72f94aaee05bacf4b7cf9951adf00558005b5", "price_changes": [{"asset_id": "94115343031503528702856499496575587099116674251150699535152735576297602551868", "price": "0.999", "size": "100300.1", "side": "BUY", "hash": "27cd899021eecc31a42b8f9fda99727e01486a49", "best_bid": "0.999", "best_ask": "1"}, {"asset_id": "24479213121681888202470340307702176146354336776996424816220090812716451983115", "price": "0.001", "size": "100300.1", "side": "SELL", "hash": "3e5e5ec02265b404c137b39c3d49a24479b91a0c", "best_bid": "0", "best_ask": "0.001"}], "timestamp": "1769384048562", "event_type": "price_change"}}
{"_local_timestamp": "2026-01-25T23:34:08.836341+00:00", "data": {"market": "0xe090adc9be44e1b6c5ab9d85e8810b5c477bfd3165826a03457b80dc175f683e", "price_changes": [{"asset_id": "89182673693493325367811543003409507596829356585637049953733680846689866041065", "price": "0.999", "size": "100132.67", "side": "BUY", "hash": "a083841c326a9bdc6e7ebc648f6fbdb329d3c25d", "best_bid": "0.999", "best_ask": "1"}, {"asset_id": "26146298211066652597804302003580272279840893529245860437948216406101249638481", "price": "0.001", "size": "100132.67", "side": "SELL", "hash": "36262a1c0dff5681fe2cc8db004ed1224a35dfa1", "best_bid": "0", "best_ask": "0.001"}], "timestamp": "1769384048563", "event_type": "price_change"}}
{"_local_timestamp": "2026-01-25T23:34:09.446826+00:00", "data": {"market": "0xe090adc9be44e1b6c5ab9d85e8810b5c477bfd3165826a03457b80dc175f683e", "price_changes": [{"asset_id": "89182673693493325367811543003409507596829356585637049953733680846689866041065", "price": "0.999", "size": "90132.67", "side": "BUY", "hash": "cf8d158372ec2231f90a5aeba73bd254950c3a14", "best_bid": "0.999", "best_ask": "1"}, {"asset_id": "26146298211066652597804302003580272279840893529245860437948216406101249638481", "price": "0.001", "size": "90132.67", "side": "SELL", "hash": "82ce77f955b286cc9b82abb94321688a721dfdf5", "best_bid": "0", "best_ask": "0.001"}], "timestamp": "1769384049208", "event_type": "price_change"}}
{"_local_timestamp": "2026-01-25T23:34:09.474712+00:00", "data": {"market": "0xc45d00626e8634a6dccbb1fe66d72f94aaee05bacf4b7cf9951adf00558005b5", "price_changes": [{"asset_id": "94115343031503528702856499496575587099116674251150699535152735576297602551868", "price": "0.999", "size": "90300.1", "side": "BUY", "hash": "2f6f84d9a5a257255ea08ac4109e47400168f163", "best_bid": "0.999", "best_ask": "1"}, {"asset_id": "24479213121681888202470340307702176146354336776996424816220090812716451983115", "price": "0.001", "size": "90300.1", "side": "SELL", "hash": "6eb85fe2c9b75ac589d87cd770d46a968da0f891", "best_bid": "0", "best_ask": "0.001"}], "timestamp": "1769384049210", "event_type": "price_change"}}
{"_local_timestamp": "2026-01-25T23:34:11.601680+00:00", "data": {"market": "0xc45d00626e8634a6dccbb1fe66d72f94aaee05bacf4b7cf9951adf00558005b5", "price_changes": [{"asset_id": "94115343031503528702856499496575587099116674251150699535152735576297602551868", "price": "0.999", "size": "92800.1", "side": "BUY", "hash": "ef51dcd458dddcd0d1ece291fdff4a01dbbb7420", "best_bid": "0.999", "best_ask": "1"}, {"asset_id": "24479213121681888202470340307702176146354336776996424816220090812716451983115", "price": "0.001", "size": "92800.1", "side": "SELL", "hash": "f0bb8387122a0fc7bdcebe01a766229d5e143d3c", "best_bid": "0", "best_ask": "0.001"}], "timestamp": "1769384051396", "event_type": "price_change"}}
{"_local_timestamp": "2026-01-25T23:34:11.609836+00:00", "data": {"market": "0xe090adc9be44e1b6c5ab9d85e8810b5c477bfd3165826a03457b80dc175f683e", "price_changes": [{"asset_id": "89182673693493325367811543003409507596829356585637049953733680846689866041065", "price": "0.999", "size": "92632.67", "side": "BUY", "hash": "c9c9a6a1fff1f1e43b9fdb95d20327ead3c19262", "best_bid": "0.999", "best_ask": "1"}, {"asset_id": "26146298211066652597804302003580272279840893529245860437948216406101249638481", "price": "0.001", "size": "92632.67", "side": "SELL", "hash": "0c59f3cd9f2f54c4e4e8d2e0cee24bcfe468a281", "best_bid": "0", "best_ask": "0.001"}], "timestamp": "1769384051396", "event_type": "price_change"}}
{"_local_timestamp": "2026-01-25T23:34:12.603984+00:00", "data": {"market": "0xe090adc9be44e1b6c5ab9d85e8810b5c477bfd3165826a03457b80dc175f683e", "price_changes": [{"asset_id": "89182673693493325367811543003409507596829356585637049953733680846689866041065", "price": "0.999", "size": "93256.67", "side": "BUY", "hash": "98c2fe1cf9970850e9e7b97b61f32ac37dbc8202", "best_bid": "0.999", "best_ask": "1"}, {"asset_id": "26146298211066652597804302003580272279840893529245860437948216406101249638481", "price": "0.001", "size": "93256.67", "side": "SELL", "hash": "55c85641a59fba6dcdb1c197bb83da98f1810c61", "best_bid": "0", "best_ask": "0.001"}], "timestamp": "1769384052360", "event_type": "price_change"}}
{"_local_timestamp": "2026-01-25T23:34:12.610678+00:00", "data": {"market": "0xc45d00626e8634a6dccbb1fe66d72f94aaee05bacf4b7cf9951adf00558005b5", "price_changes": [{"asset_id": "94115343031503528702856499496575587099116674251150699535152735576297602551868", "price": "0.999", "size": "93424.1", "side": "BUY", "hash": "1f88b881ba593a46814b19f1519011838904bcb5", "best_bid": "0.999", "best_ask": "1"}, {"asset_id": "24479213121681888202470340307702176146354336776996424816220090812716451983115", "price": "0.001", "size": "93424.1", "side": "SELL", "hash": "8837a578e73280ff943bd4b53226356c5ab9e006", "best_bid": "0", "best_ask": "0.001"}], "timestamp": "1769384052360", "event_type": "price_change"}}
{"_local_timestamp": "2026-01-25T23:34:13.764988+00:00", "data": {"market": "0xe090adc9be44e1b6c5ab9d85e8810b5c477bfd3165826a03457b80dc175f683e", "price_changes": [{"asset_id": "89182673693493325367811543003409507596829356585637049953733680846689866041065", "price": "0.999", "size": "93411.67", "side": "BUY", "hash": "a3ce4ae9b01e3a98ee020a56bdac1af6a5d017b6", "best_bid": "0.999", "best_ask": "1"}, {"asset_id": "26146298211066652597804302003580272279840893529245860437948216406101249638481", "price": "0.001", "size": "93411.67", "side": "SELL", "hash": "d1a42ce467336c2e30ad7d95d767b6cd86833c72", "best_bid": "0", "best_ask": "0.001"}], "timestamp": "1769384053442", "event_type": "price_change"}}
{"_local_timestamp": "2026-01-25T23:34:13.765459+00:00", "data": {"market": "0xc45d00626e8634a6dccbb1fe66d72f94aaee05bacf4b7cf9951adf00558005b5", "price_changes": [{"asset_id": "94115343031503528702856499496575587099116674251150699535152735576297602551868", "price": "0.999", "size": "93579.1", "side": "BUY", "hash": "c2ea7ba20334ddc75b1e9b6564eaafcf68b5a103", "best_bid": "0.999", "best_ask": "1"}, {"asset_id": "24479213121681888202470340307702176146354336776996424816220090812716451983115", "price": "0.001", "size": "93579.1", "side": "SELL", "hash": "05d849bb7ce169fdde3a99e0fb82663b242b3583", "best_bid": "0", "best_ask": "0.001"}], "timestamp": "1769384053442", "event_type": "price_change"}}
{"_local_timestamp": "2026-01-25T23:34:25.615346+00:00", "data": {"market": "0xc45d00626e8634a6dccbb1fe66d72f94aaee05bacf4b7cf9951adf00558005b5", "price_changes": [{"asset_id": "94115343031503528702856499496575587099116674251150699535152735576297602551868", "price": "0.999", "size": "80300.1", "side": "BUY", "hash": "cfa9de75e1f5646c360b73ae1c2b26a99351c767", "best_bid": "0.999", "best_ask": "1"}, {"asset_id": "24479213121681888202470340307702176146354336776996424816220090812716451983115", "price": "0.001", "size": "80300.1", "side": "SELL", "hash": "86d9d1d225f766cff669af64c619e71c5c2728ae", "best_bid": "0", "best_ask": "0.001"}], "timestamp": "1769384065336", "event_type": "price_change"}}
{"_local_timestamp": "2026-01-25T23:34:25.628097+00:00", "data": {"market": "0xe090adc9be44e1b6c5ab9d85e8810b5c477bfd3165826a03457b80dc175f683e", "price_changes": [{"asset_id": "89182673693493325367811543003409507596829356585637049953733680846689866041065", "price": "0.999", "size": "80132.67", "side": "BUY", "hash": "d2286359004a25ee397e774116a44e1ff91ced10", "best_bid": "0.999", "best_ask": "1"}, {"asset_id": "26146298211066652597804302003580272279840893529245860437948216406101249638481", "price": "0.001", "size": "80132.67", "side": "SELL", "hash": "77dbda77e044ac24b8f68194bd046dc368a497d7", "best_bid": "0", "best_ask": "0.001"}], "timestamp": "1769384065338", "event_type": "price_change"}}
{"_local_timestamp": "2026-01-25T23:34:26.489282+00:00", "data": {"market": "0xc45d00626e8634a6dccbb1fe66d72f94aaee05bacf4b7cf9951adf00558005b5", "price_changes": [{"asset_id": "94115343031503528702856499496575587099116674251150699535152735576297602551868", "price": "0.999", "size": "80925.1", "side": "BUY", "hash": "49f2ab993f7232d2e710ed43655b774af762fa9e", "best_bid": "0.999", "best_ask": "1"}, {"asset_id": "24479213121681888202470340307702176146354336776996424816220090812716451983115", "price": "0.001", "size": "80925.1", "side": "SELL", "hash": "4d8ef791fd6411293618f2180efbf2c78dff304c", "best_bid": "0", "best_ask": "0.001"}], "timestamp": "1769384066211", "event_type": "price_change"}}
{"_local_timestamp": "2026-01-25T23:34:27.135146+00:00", "data": {"market": "0xe090adc9be44e1b6c5ab9d85e8810b5c477bfd3165826a03457b80dc175f683e", "price_changes": [{"asset_id": "89182673693493325367811543003409507596829356585637049953733680846689866041065", "price": "0.999", "size": "80757.67", "side": "BUY", "hash": "4f9c0dec9d70d0d0273e638042881360676734a2", "best_bid": "0.999", "best_ask": "1"}, {"asset_id": "26146298211066652597804302003580272279840893529245860437948216406101249638481", "price": "0.001", "size": "80757.67", "side": "SELL", "hash": "9456336df44ff4c63758bac3e9995be3cc77a837", "best_bid": "0", "best_ask": "0.001"}], "timestamp": "1769384066212", "event_type": "price_change"}}
{"_local_timestamp": "2026-01-25T23:34:27.135597+00:00", "data": {"market": "0xe090adc9be44e1b6c5ab9d85e8810b5c477bfd3165826a03457b80dc175f683e", "price_changes": [{"asset_id": "89182673693493325367811543003409507596829356585637049953733680846689866041065", "price": "0.999", "size": "81381.67", "side": "BUY", "hash": "648f2bdec71bd4e7e080691cd1a4348b3b9a2cab", "best_bid": "0.999", "best_ask": "1"}, {"asset_id": "26146298211066652597804302003580272279840893529245860437948216406101249638481", "price": "0.001", "size": "81381.67", "side": "SELL", "hash": "05440027a327747b233a161ec2042a4d024d70b2", "best_bid": "0", "best_ask": "0.001"}], "timestamp": "1769384066572", "event_type": "price_change"}}
{"_local_timestamp": "2026-01-25T23:34:27.135919+00:00", "data": {"market": "0xc45d00626e8634a6dccbb1fe66d72f94aaee05bacf4b7cf9951adf00558005b5", "price_changes": [{"asset_id": "94115343031503528702856499496575587099116674251150699535152735576297602551868", "price": "0.999", "size": "81549.1", "side": "BUY", "hash": "17e542f3e1262912c4f1adc3411be19ef0b7b0e1", "best_bid": "0.999", "best_ask": "1"}, {"asset_id": "24479213121681888202470340307702176146354336776996424816220090812716451983115", "price": "0.001", "size": "81549.1", "side": "SELL", "hash": "9a03926853159dee1c5a2c15a3d19d1bb9fc30df", "best_bid": "0", "best_ask": "0.001"}], "timestamp": "1769384066572", "event_type": "price_change"}}
{"_local_timestamp": "2026-01-25T23:34:28.075627+00:00", "data": {"market": "0xc45d00626e8634a6dccbb1fe66d72f94aaee05bacf4b7cf9951adf00558005b5", "price_changes": [{"asset_id": "94115343031503528702856499496575587099116674251150699535152735576297602551868", "price": "0.999", "size": "81704.1", "side": "BUY", "hash": "0058905273cce8d8fca42d995eeb0d48d55b1b82", "best_bid": "0.999", "best_ask": "1"}, {"asset_id": "24479213121681888202470340307702176146354336776996424816220090812716451983115", "price": "0.001", "size": "81704.1", "side": "SELL", "hash": "51ade7fb002ddb1fe0e04bb7eec27088463a8598", "best_bid": "0", "best_ask": "0.001"}], "timestamp": "1769384067735", "event_type": "price_change"}}
{"_local_timestamp": "2026-01-25T23:34:28.078400+00:00", "data": {"market": "0xe090adc9be44e1b6c5ab9d85e8810b5c477bfd3165826a03457b80dc175f683e", "price_changes": [{"asset_id": "89182673693493325367811543003409507596829356585637049953733680846689866041065", "price": "0.999", "size": "81536.67", "side": "BUY", "hash": "7a4eee6a5ffe920bc2658aa786172ef5e9a8aaea", "best_bid": "0.999", "best_ask": "1"}, {"asset_id": "26146298211066652597804302003580272279840893529245860437948216406101249638481", "price": "0.001", "size": "81536.67", "side": "SELL", "hash": "c9b5bb6c0db47b92554f56e8be912f9dc3ac8b2d", "best_bid": "0", "best_ask": "0.001"}], "timestamp": "1769384067734", "event_type": "price_change"}}
{"_local_timestamp": "2026-01-25T23:34:28.471337+00:00", "data": {"market": "0xe090adc9be44e1b6c5ab9d85e8810b5c477bfd3165826a03457b80dc175f683e", "price_changes": [{"asset_id": "89182673693493325367811543003409507596829356585637049953733680846689866041065", "price": "0.999", "size": "81690.67", "side": "BUY", "hash": "b379391dd86f543062cb16388d03684a62a53f8e", "best_bid": "0.999", "best_ask": "1"}, {"asset_id": "26146298211066652597804302003580272279840893529245860437948216406101249638481", "price": "0.001", "size": "81690.67", "side": "SELL", "hash": "2b3c1bf805c87610732897894969cb4b3f8e782c", "best_bid": "0", "best_ask": "0.001"}], "timestamp": "1769384068179", "event_type": "price_change"}}
{"_local_timestamp": "2026-01-25T23:34:28.472423+00:00", "data": {"market": "0xc45d00626e8634a6dccbb1fe66d72f94aaee05bacf4b7cf9951adf00558005b5", "price_changes": [{"asset_id": "94115343031503528702856499496575587099116674251150699535152735576297602551868", "price": "0.999", "size": "81858.1", "side": "BUY", "hash": "d8856f53022c4778ad300b3145f80590ad3762af", "best_bid": "0.999", "best_ask": "1"}, {"asset_id": "24479213121681888202470340307702176146354336776996424816220090812716451983115", "price": "0.001", "size": "81858.1", "side": "SELL", "hash": "9e0bb3890a9d0fce0b8e4e088803076cb9332991", "best_bid": "0", "best_ask": "0.001"}], "timestamp": "1769384068178", "event_type": "price_change"}}
{"_local_timestamp": "2026-01-25T23:34:30.255202+00:00", "data": {"market": "0xe090adc9be44e1b6c5ab9d85e8810b5c477bfd3165826a03457b80dc175f683e", "price_changes": [{"asset_id": "89182673693493325367811543003409507596829356585637049953733680846689866041065", "price": "0.999", "size": "81843.67", "side": "BUY", "hash": "65832d658a93d1d9effb563f1577902c3dcd1abc", "best_bid": "0.999", "best_ask": "1"}, {"asset_id": "26146298211066652597804302003580272279840893529245860437948216406101249638481", "price": "0.001", "size": "81843.67", "side": "SELL", "hash": "6eba2ab44819a5c6d46cfc60182744bfb9e1d697", "best_bid": "0", "best_ask": "0.001"}], "timestamp": "1769384069273", "event_type": "price_change"}}
{"_local_timestamp": "2026-01-25T23:34:30.255897+00:00", "data": {"market": "0xc45d00626e8634a6dccbb1fe66d72f94aaee05bacf4b7cf9951adf00558005b5", "price_changes": [{"asset_id": "94115343031503528702856499496575587099116674251150699535152735576297602551868", "price": "0.999", "size": "82011.1", "side": "BUY", "hash": "73ec6fafa10be0e5b69e1ba73f0493fc5f5ca5ee", "best_bid": "0.999", "best_ask": "1"}, {"asset_id": "24479213121681888202470340307702176146354336776996424816220090812716451983115", "price": "0.001", "size": "82011.1", "side": "SELL", "hash": "fb7b5dfe663b29aced238bee1ccf0c775d9de30a", "best_bid": "0", "best_ask": "0.001"}], "timestamp": "1769384069274", "event_type": "price_change"}}
{"_local_timestamp": "2026-01-25T23:34:30.256229+00:00", "data": {"market": "0xe090adc9be44e1b6c5ab9d85e8810b5c477bfd3165826a03457b80dc175f683e", "price_changes": [{"asset_id": "89182673693493325367811543003409507596829356585637049953733680846689866041065", "price": "0.999", "size": "81995.67", "side": "BUY", "hash": "e427f41d1165778a8ff27608cc879337de68c7e8", "best_bid": "0.999", "best_ask": "1"}, {"asset_id": "26146298211066652597804302003580272279840893529245860437948216406101249638481", "price": "0.001", "size": "81995.67", "side": "SELL", "hash": "1ff07f96816d59c74dd3c289e5f20fc2e162f533", "best_bid": "0", "best_ask": "0.001"}], "timestamp": "1769384069659", "event_type": "price_change"}}
{"_local_timestamp": "2026-01-25T23:34:30.256529+00:00", "data": {"market": "0xc45d00626e8634a6dccbb1fe66d72f94aaee05bacf4b7cf9951adf00558005b5", "price_changes": [{"asset_id": "94115343031503528702856499496575587099116674251150699535152735576297602551868", "price": "0.999", "size": "82163.1", "side": "BUY", "hash": "5691511742f9ca0d55632d2a50bcadd549847a7c", "best_bid": "0.999", "best_ask": "1"}, {"asset_id": "24479213121681888202470340307702176146354336776996424816220090812716451983115", "price": "0.001", "size": "82163.1", "side": "SELL", "hash": "4b817fd4483512be43a2c198ebc1b12345551212", "best_bid": "0", "best_ask": "0.001"}], "timestamp": "1769384069659", "event_type": "price_change"}}
{"_local_timestamp": "2026-01-25T23:34:30.553901+00:00", "data": {"market": "0xc45d00626e8634a6dccbb1fe66d72f94aaee05bacf4b7cf9951adf00558005b5", "price_changes": [{"asset_id": "94115343031503528702856499496575587099116674251150699535152735576297602551868", "price": "0.999", "size": "82314.1", "side": "BUY", "hash": "5a139bc01f63b465f6f04fd7201f7749c1de9b86", "best_bid": "0.999", "best_ask": "1"}, {"asset_id": "24479213121681888202470340307702176146354336776996424816220090812716451983115", "price": "0.001", "size": "82314.1", "side": "SELL", "hash": "05dd92ba42622a720b452228088cffdef4246ed7", "best_bid": "0", "best_ask": "0.001"}], "timestamp": "1769384070209", "event_type": "price_change"}}
{"_local_timestamp": "2026-01-25T23:34:30.555078+00:00", "data": {"market": "0xe090adc9be44e1b6c5ab9d85e8810b5c477bfd3165826a03457b80dc175f683e", "price_changes": [{"asset_id": "89182673693493325367811543003409507596829356585637049953733680846689866041065", "price": "0.999", "size": "82146.67", "side": "BUY", "hash": "9f45d667d0c177e7176fb95fe19be618cf9e8c70", "best_bid": "0.999", "best_ask": "1"}, {"asset_id": "26146298211066652597804302003580272279840893529245860437948216406101249638481", "price": "0.001", "size": "82146.67", "side": "SELL", "hash": "e39d0538537518ac84256b40e32e9869d161c63a", "best_bid": "0", "best_ask": "0.001"}], "timestamp": "1769384070209", "event_type": "price_change"}}
{"_local_timestamp": "2026-01-25T23:34:30.862420+00:00", "data": {"market": "0xc45d00626e8634a6dccbb1fe66d72f94aaee05bacf4b7cf9951adf00558005b5", "price_changes": [{"asset_id": "94115343031503528702856499496575587099116674251150699535152735576297602551868", "price": "0.999", "size": "82351.1", "side": "BUY", "hash": "6f50eb9d7a7bd84d6f680bb6138e6cdebabb6bb6", "best_bid": "0.999", "best_ask": "1"}, {"asset_id": "24479213121681888202470340307702176146354336776996424816220090812716451983115", "price": "0.001", "size": "82351.1", "side": "SELL", "hash": "3b16a5c5cf86aef6c4e6dfb4de2d44a78401a6fb", "best_bid": "0", "best_ask": "0.001"}], "timestamp": "1769384070580", "event_type": "price_change"}}
{"_local_timestamp": "2026-01-25T23:34:30.864772+00:00", "data": {"market": "0xe090adc9be44e1b6c5ab9d85e8810b5c477bfd3165826a03457b80dc175f683e", "price_changes": [{"asset_id": "89182673693493325367811543003409507596829356585637049953733680846689866041065", "price": "0.999", "size": "82183.67", "side": "BUY", "hash": "3b7f4b2fe3b331f316ff34ca150adf949e058e3a", "best_bid": "0.999", "best_ask": "1"}, {"asset_id": "26146298211066652597804302003580272279840893529245860437948216406101249638481", "price": "0.001", "size": "82183.67", "side": "SELL", "hash": "88eb0efce8079a47a8b0c6efc75bc22356af7052", "best_bid": "0", "best_ask": "0.001"}], "timestamp": "1769384070580", "event_type": "price_change"}}
{"_local_timestamp": "2026-01-25T23:34:31.165349+00:00", "data": {"market": "0xe090adc9be44e1b6c5ab9d85e8810b5c477bfd3165826a03457b80dc175f683e", "price_changes": [{"asset_id": "89182673693493325367811543003409507596829356585637049953733680846689866041065", "price": "0.999", "size": "82219.67", "side": "BUY", "hash": "888fd24d9852e4da028270ad8bbd842df9ea6d84", "best_bid": "0.999", "best_ask": "1"}, {"asset_id": "26146298211066652597804302003580272279840893529245860437948216406101249638481", "price": "0.001", "size": "82219.67", "side": "SELL", "hash": "4fbaecd4d540a24c822f7d43c58f45bfdf4f81b2", "best_bid": "0", "best_ask": "0.001"}], "timestamp": "1769384070928", "event_type": "price_change"}}
{"_local_timestamp": "2026-01-25T23:34:31.168333+00:00", "data": {"market": "0xc45d00626e8634a6dccbb1fe66d72f94aaee05bacf4b7cf9951adf00558005b5", "price_changes": [{"asset_id": "94115343031503528702856499496575587099116674251150699535152735576297602551868", "price": "0.999", "size": "82387.1", "side": "BUY", "hash": "53d24a3dabd0fdc653a5646a5dd4a04c35384910", "best_bid": "0.999", "best_ask": "1"}, {"asset_id": "24479213121681888202470340307702176146354336776996424816220090812716451983115", "price": "0.001", "size": "82387.1", "side": "SELL", "hash": "c1b74ce4a60252adce63adb56c603c6397e1638c", "best_bid": "0", "best_ask": "0.001"}], "timestamp": "1769384070929", "event_type": "price_change"}}
{"_local_timestamp": "2026-01-25T23:34:32.421344+00:00", "data": {"market": "0xc45d00626e8634a6dccbb1fe66d72f94aaee05bacf4b7cf9951adf00558005b5", "price_changes": [{"asset_id": "94115343031503528702856499496575587099116674251150699535152735576297602551868", "price": "0.999", "size": "82422.1", "side": "BUY", "hash": "c4c5904a7c0a88c86b6d4cd33467f3dd5ae502a9", "best_bid": "0.999", "best_ask": "1"}, {"asset_id": "24479213121681888202470340307702176146354336776996424816220090812716451983115", "price": "0.001", "size": "82422.1", "side": "SELL", "hash": "0b113dc5c8752e5abd9c4b9623dbe32bc5780213", "best_bid": "0", "best_ask": "0.001"}], "timestamp": "1769384072120", "event_type": "price_change"}}
{"_local_timestamp": "2026-01-25T23:34:32.422646+00:00", "data": {"market": "0xe090adc9be44e1b6c5ab9d85e8810b5c477bfd3165826a03457b80dc175f683e", "price_changes": [{"asset_id": "89182673693493325367811543003409507596829356585637049953733680846689866041065", "price": "0.999", "size": "82254.67", "side": "BUY", "hash": "b26fb66673ea64114fb720aa14ae9a6548699b4b", "best_bid": "0.999", "best_ask": "1"}, {"asset_id": "26146298211066652597804302003580272279840893529245860437948216406101249638481", "price": "0.001", "size": "82254.67", "side": "SELL", "hash": "83ce519385245aba0cc89918dda56e91a03ea509", "best_bid": "0", "best_ask": "0.001"}], "timestamp": "1769384072120", "event_type": "price_change"}}
{"_local_timestamp": "2026-01-25T23:34:32.845956+00:00", "data": {"market": "0xc45d00626e8634a6dccbb1fe66d72f94aaee05bacf4b7cf9951adf00558005b5", "price_changes": [{"asset_id": "94115343031503528702856499496575587099116674251150699535152735576297602551868", "price": "0.999", "size": "82456.1", "side": "BUY", "hash": "0471d021a6e449bcf7d0d802b5027763c66df4f9", "best_bid": "0.999", "best_ask": "1"}, {"asset_id": "24479213121681888202470340307702176146354336776996424816220090812716451983115", "price": "0.001", "size": "82456.1", "side": "SELL", "hash": "374ef9d9c04376feaff160a13cf1332827da6637", "best_bid": "0", "best_ask": "0.001"}], "timestamp": "1769384072577", "event_type": "price_change"}}
{"_local_timestamp": "2026-01-25T23:34:32.846416+00:00", "data": {"market": "0xe090adc9be44e1b6c5ab9d85e8810b5c477bfd3165826a03457b80dc175f683e", "price_changes": [{"asset_id": "89182673693493325367811543003409507596829356585637049953733680846689866041065", "price": "0.999", "size": "82288.67", "side": "BUY", "hash": "48461131de4ec00c0660982e2f51855d6f802497", "best_bid": "0.999", "best_ask": "1"}, {"asset_id": "26146298211066652597804302003580272279840893529245860437948216406101249638481", "price": "0.001", "size": "82288.67", "side": "SELL", "hash": "beebca612aae173c681ac55a9cbc9b8f017cefe0", "best_bid": "0", "best_ask": "0.001"}], "timestamp": "1769384072577", "event_type": "price_change"}}
{"_local_timestamp": "2026-01-25T23:34:33.601401+00:00", "data": {"market": "0xc45d00626e8634a6dccbb1fe66d72f94aaee05bacf4b7cf9951adf00558005b5", "price_changes": [{"asset_id": "94115343031503528702856499496575587099116674251150699535152735576297602551868", "price": "0.999", "size": "82489.1", "side": "BUY", "hash": "b72fd02440985d28a4e376af8a44eed8f245389f", "best_bid": "0.999", "best_ask": "1"}, {"asset_id": "24479213121681888202470340307702176146354336776996424816220090812716451983115", "price": "0.001", "size": "82489.1", "side": "SELL", "hash": "c90d7f4a5ee0389ff6b435e1cec3c609b2c95ced", "best_bid": "0", "best_ask": "0.001"}], "timestamp": "1769384073346", "event_type": "price_change"}}
{"_local_timestamp": "2026-01-25T23:34:33.601749+00:00", "data": {"market": "0xe090adc9be44e1b6c5ab9d85e8810b5c477bfd3165826a03457b80dc175f683e", "price_changes": [{"asset_id": "89182673693493325367811543003409507596829356585637049953733680846689866041065", "price": "0.999", "size": "82321.67", "side": "BUY", "hash": "35f56a20a5530b0dfe5f97e96a44d955b0fe27d8", "best_bid": "0.999", "best_ask": "1"}, {"asset_id": "26146298211066652597804302003580272279840893529245860437948216406101249638481", "price": "0.001", "size": "82321.67", "side": "SELL", "hash": "d5618a652ba2bc7649512f76ed3216dbcd3229ff", "best_bid": "0", "best_ask": "0.001"}], "timestamp": "1769384073346", "event_type": "price_change"}}
{"_local_timestamp": "2026-01-25T23:34:36.287835+00:00", "data": {"market": "0xc45d00626e8634a6dccbb1fe66d72f94aaee05bacf4b7cf9951adf00558005b5", "price_changes": [{"asset_id": "94115343031503528702856499496575587099116674251150699535152735576297602551868", "price": "0.999", "size": "84989.1", "side": "BUY", "hash": "1d8f6f29ea7c7668614178ffd42374b6cbe369c7", "best_bid": "0.999", "best_ask": "1"}, {"asset_id": "24479213121681888202470340307702176146354336776996424816220090812716451983115", "price": "0.001", "size": "84989.1", "side": "SELL", "hash": "2b5d9e304be0a42ecea58b5607ff0079c62dad48", "best_bid": "0", "best_ask": "0.001"}], "timestamp": "1769384076050", "event_type": "price_change"}}
{"_local_timestamp": "2026-01-25T23:34:36.288335+00:00", "data": {"market": "0xe090adc9be44e1b6c5ab9d85e8810b5c477bfd3165826a03457b80dc175f683e", "price_changes": [{"asset_id": "89182673693493325367811543003409507596829356585637049953733680846689866041065", "price": "0.999", "size": "84821.67", "side": "BUY", "hash": "4ff8d46e43488090d4e04c3431501e0ae79cc93a", "best_bid": "0.999", "best_ask": "1"}, {"asset_id": "26146298211066652597804302003580272279840893529245860437948216406101249638481", "price": "0.001", "size": "84821.67", "side": "SELL", "hash": "6ba980d787b879a8bb523549df8798d938247918", "best_bid": "0", "best_ask": "0.001"}], "timestamp": "1769384076050", "event_type": "price_change"}}
{"_local_timestamp": "2026-01-25T23:34:38.519164+00:00", "data": {"market": "0xe090adc9be44e1b6c5ab9d85e8810b5c477bfd3165826a03457b80dc175f683e", "price_changes": [{"asset_id": "89182673693493325367811543003409507596829356585637049953733680846689866041065", "price": "0.999", "size": "84976.67", "side": "BUY", "hash": "aa091dd3761f96613110319b5866b653744621a7", "best_bid": "0.999", "best_ask": "1"}, {"asset_id": "26146298211066652597804302003580272279840893529245860437948216406101249638481", "price": "0.001", "size": "84976.67", "side": "SELL", "hash": "0b3437f8c5d709cdb72d1a8dac1f422bb6399dbf", "best_bid": "0", "best_ask": "0.001"}], "timestamp": "1769384078432", "event_type": "price_change"}}
{"_local_timestamp": "2026-01-25T23:34:38.519647+00:00", "data": {"market": "0xc45d00626e8634a6dccbb1fe66d72f94aaee05bacf4b7cf9951adf00558005b5", "price_changes": [{"asset_id": "94115343031503528702856499496575587099116674251150699535152735576297602551868", "price": "0.999", "size": "85144.1", "side": "BUY", "hash": "e5f4ee53b7bf73d20cb6a3c12efbfa6217483087", "best_bid": "0.999", "best_ask": "1"}, {"asset_id": "24479213121681888202470340307702176146354336776996424816220090812716451983115", "price": "0.001", "size": "85144.1", "side": "SELL", "hash": "a58030c68f896f98ede4d1f1b84ffd753060179b", "best_bid": "0", "best_ask": "0.001"}], "timestamp": "1769384078432", "event_type": "price_change"}}
{"_local_timestamp": "2026-01-25T23:34:38.873338+00:00", "data": {"market": "0xe090adc9be44e1b6c5ab9d85e8810b5c477bfd3165826a03457b80dc175f683e", "price_changes": [{"asset_id": "89182673693493325367811543003409507596829356585637049953733680846689866041065", "price": "0.999", "size": "85130.67", "side": "BUY", "hash": "644ce6f1a1f8ae181f3502dc7b1143d6938d6002", "best_bid": "0.999", "best_ask": "1"}, {"asset_id": "26146298211066652597804302003580272279840893529245860437948216406101249638481", "price": "0.001", "size": "85130.67", "side": "SELL", "hash": "b0d26c97343c81e335b221114b04f1c3a2313edf", "best_bid": "0", "best_ask": "0.001"}], "timestamp": "1769384078790", "event_type": "price_change"}}
{"_local_timestamp": "2026-01-25T23:34:38.873736+00:00", "data": {"market": "0xc45d00626e8634a6dccbb1fe66d72f94aaee05bacf4b7cf9951adf00558005b5", "price_changes": [{"asset_id": "94115343031503528702856499496575587099116674251150699535152735576297602551868", "price": "0.999", "size": "85298.1", "side": "BUY", "hash": "ba4e11af1b8725c71e8deaaebc847852199973b4", "best_bid": "0.999", "best_ask": "1"}, {"asset_id": "24479213121681888202470340307702176146354336776996424816220090812716451983115", "price": "0.001", "size": "85298.1", "side": "SELL", "hash": "d2d6e073480d335d87cd615677bce9fcc91a2dc7", "best_bid": "0", "best_ask": "0.001"}], "timestamp": "1769384078789", "event_type": "price_change"}}
{"_local_timestamp": "2026-01-25T23:34:40.173748+00:00", "data": {"market": "0xc45d00626e8634a6dccbb1fe66d72f94aaee05bacf4b7cf9951adf00558005b5", "price_changes": [{"asset_id": "94115343031503528702856499496575587099116674251150699535152735576297602551868", "price": "0.999", "size": "85451.1", "side": "BUY", "hash": "19d5df578cfd6e8776dcac97c7258fc54ef6ea93", "best_bid": "0.999", "best_ask": "1"}, {"asset_id": "24479213121681888202470340307702176146354336776996424816220090812716451983115", "price": "0.001", "size": "85451.1", "side": "SELL", "hash": "49305b168c224c09083b864379e257202d78b188", "best_bid": "0", "best_ask": "0.001"}], "timestamp": "1769384080000", "event_type": "price_change"}}
{"_local_timestamp": "2026-01-25T23:34:40.183606+00:00", "data": {"market": "0xe090adc9be44e1b6c5ab9d85e8810b5c477bfd3165826a03457b80dc175f683e", "price_changes": [{"asset_id": "89182673693493325367811543003409507596829356585637049953733680846689866041065", "price": "0.999", "size": "85283.67", "side": "BUY", "hash": "ca511ebd1fb9dfc1b6ec118e4c7fd725b1ff792d", "best_bid": "0.999", "best_ask": "1"}, {"asset_id": "26146298211066652597804302003580272279840893529245860437948216406101249638481", "price": "0.001", "size": "85283.67", "side": "SELL", "hash": "9b1c45a1432e54f523847278183415234e080cec", "best_bid": "0", "best_ask": "0.001"}], "timestamp": "1769384080004", "event_type": "price_change"}}
{"_local_timestamp": "2026-01-25T23:34:40.657358+00:00", "data": {"market": "0xc45d00626e8634a6dccbb1fe66d72f94aaee05bacf4b7cf9951adf00558005b5", "price_changes": [{"asset_id": "94115343031503528702856499496575587099116674251150699535152735576297602551868", "price": "0.999", "size": "85603.1", "side": "BUY", "hash": "73cd46a15ecd45f1a2a4a8406b2ebbe3bd2275ad", "best_bid": "0.999", "best_ask": "1"}, {"asset_id": "24479213121681888202470340307702176146354336776996424816220090812716451983115", "price": "0.001", "size": "85603.1", "side": "SELL", "hash": "6778e2c6fafb34e88b36e7a1ddd77f7479412e89", "best_bid": "0", "best_ask": "0.001"}], "timestamp": "1769384080484", "event_type": "price_change"}}
{"_local_timestamp": "2026-01-25T23:34:40.683416+00:00", "data": {"market": "0xe090adc9be44e1b6c5ab9d85e8810b5c477bfd3165826a03457b80dc175f683e", "price_changes": [{"asset_id": "89182673693493325367811543003409507596829356585637049953733680846689866041065", "price": "0.999", "size": "85435.67", "side": "BUY", "hash": "0596f6e0166eeb8e03bccc395c07bcaaeb9ff2be", "best_bid": "0.999", "best_ask": "1"}, {"asset_id": "26146298211066652597804302003580272279840893529245860437948216406101249638481", "price": "0.001", "size": "85435.67", "side": "SELL", "hash": "b483892c71e405faadefef93bd57cec7ec91a7a1", "best_bid": "0", "best_ask": "0.001"}], "timestamp": "1769384080486", "event_type": "price_change"}}
