{"_local_timestamp": "2026-01-25T23:41:13.326041+00:00", "data": [{"market": "0xd1d3b2a54e39bed95f2c6e1df1ab741ac680531458edf624511a97c78c0494c5", "asset_id": "25801117829295311231684771497097686765686003525436934988888684579966475010757", "timestamp": "1769384453626", "hash": "aecfc3447db9dc0cd844b6cd0ab65df39997f342", "bids": [{"price": "0.01", "size": "2989.9"}, {"price": "0.02", "size": "2450"}, {"price": "0.03", "size": "10.34"}, {"price": "0.06", "size": "2000"}, {"price": "0.08", "size": "500"}, {"price": "0.1", "size": "75"}, {"price": "0.11", "size": "5.36"}, {"price": "0.14", "size": "750"}, {"price": "0.2", "size": "200"}, {"price": "0.27", "size": "200"}, {"price": "0.42", "size": "300"}, {"price": "0.47", "size": "1044"}, {"price": "0.49", "size": "125"}, {"price": "0.5", "size": "80"}, {"price": "0.52", "size": "75"}, {"price": "0.53", "size": "24.52"}, {"price": "0.54", "size": "20.37"}, {"price": "0.58", "size": "1000"}, {"price": "0.59", "size": "500"}, {"price": "0.6", "size": "166"}, {"price": "0.63", "size": "114.52"}, {"price": "0.64", "size": "45.73"}], "asks": [{"price": "0.99", "size": "1280"}, {"price": "0.98", "size": "158.84"}, {"price": "0.96", "size": "550"}, {"price": "0.95", "size": "16.46"}, {"price": "0.9", "size": "100"}, {"price": "0.83", "size": "300"}, {"price": "0.82", "size": "844"}, {"price": "0.81", "size": "200"}, {"price": "0.8", "size": "50"}, {"price": "0.79", "size": "125"}, {"price": "0.78", "size": "75"}, {"price": "0.77", "size": "56.52"}, {"price": "0.76", "size": "1045.83"}, {"price": "0.75", "size": "500"}, {"price": "0.74", "size": "220"}, {"price": "0.7", "size": "77.04"}, {"price": "0.69", "size": "35.45"}], "event_type": "book", "last_trade_price": "0.640"}, {"market": "0xd1d3b2a54e39bed95f2c6e1df1ab741ac680531458edf624511a97c78c0494c5", "asset_id": "34041003396294651296798651726319253169189817056565732232167191226466477107465", "timestamp": "1769384453626", "hash": "e360edbd1127ff8227381aba175cab40d6bfa425", "bids": [{"price": "0.01", "size": "1280"}, {"price": "0.02", "size": "158.84"}, {"price": "0.04", "size": "550"}, {"price": "0.05", "size": "16.46"}, {"price": "0.1", "size": "100"}, {"price": "0.17", "size": "300"}, {"price": "0.18", "size": "844"}, {"price": "0.19", "size": "200"}, {"price": "0.2", "size": "50"}, {"price": "0.21", "size": "125"}, {"price": "0.22", "size": "75"}, {"price": "0.23", "size": "56.52"}, {"price": "0.24", "size": "1045.83"}, {"price": "0.25", "size": "500"}, {"price": "0.26", "size": "220"}, {"price": "0.3", "size": "77.04"}, {"price": "0.31", "size": "35.45"}], "asks": [{"price": "0.99", "size": "2989.9"}, {"price": "0.98", "size": "2450"}, {"price": "0.97", "size": "10.34"}, {"price": "0.94", "size": "2000"}, {"price": "0.92", "size": "500"}, {"price": "0.9", "size": "75"}, {"price": "0.89", "size": "5.36"}, {"price": "0.86", "size": "750"}, {"price": "0.8", "size": "200"}, {"price": "0.73", "size": "200"}, {"price": "0.58", "size": "300"}, {"price": "0.53", "size": "1044"}, {"price": "0.51", "size": "125"}, {"price": "0.5", "size": "80"}, {"price": "0.48", "size": "75"}, {"price": "0.47", "size": "24.52"}, {"price": "0.46", "size": "20.37"}, {"price": "0.42", "size": "1000"}, {"price": "0.41", "size": "500"}, {"price": "0.4", "size": "166"}, {"price": "0.37", "size": "114.52"}, {"price": "0.36", "size": "45.73"}], "event_type": "book", "last_trade_price": "0.640"}]}
{"_local_timestamp": "2026-01-25T23:41:14.842107+00:00", "data": {"market": "0xd1d3b2a54e39bed95f2c6e1df1ab741ac680531458edf624511a97c78c0494c5", "price_changes": [{"asset_id": "34041003396294651296798651726319253169189817056565732232167191226466477107465", "price": "0.31", "size": "29", "side": "BUY", "hash": "e27c5c03199ab1fb231c483c70f245b9151e2190", "best_bid": "0.31", "best_ask": "0.36"}, {"asset_id": "25801117829295311231684771497097686765686003525436934988888684579966475010757", "price": "0.69", "size": "29", "side": "SELL", "hash": "69979b8977510ac40ef388db3ab9bf987809afe8", "best_bid": "0.64", "best_ask": "0.69"}], "timestamp": "1769384474714", "event_type": "price_change"}}
{"_local_timestamp": "2026-01-25T23:41:32.784597+00:00", "data": {"market": "0xd1d3b2a54e39bed95f2c6e1df1ab741ac680531458edf624511a97c78c0494c5", "price_changes": [{"asset_id": "34041003396294651296798651726319253169189817056565732232167191226466477107465", "price": "0.36", "size": "25.65", "side": "SELL", "hash": "ab61f41d1499f49b755ec2bbab686f480b3ef765", "best_bid": "0.31", "best_ask": "0.36"}, {"asset_id": "25801117829295311231684771497097686765686003525436934988888684579966475010757", "price": "0.64", "size": "25.65", "side": "BUY", "hash": "c5fe585ce3d49e5709135c30378862a85d65a3c1", "best_bid": "0.64", "best_ask": "0.69"}], "timestamp": "1769384492702", "event_type": "price_change"}}
{"_local_timestamp": "2026-01-25T23:41:47.367700+00:00", "data": {"market": "0xd1d3b2a54e39bed95f2c6e1df1ab741ac680531458edf624511a97c78c0494c5", "price_changes": [{"asset_id": "34041003396294651296798651726319253169189817056565732232167191226466477107465", "price": "0.36", "size": "35.69", "side": "SELL", "hash": "b2809220cdc638170e892f1aa2abaf5cd1f20404", "best_bid": "0.31", "best_ask": "0.36"}, {"asset_id": "25801117829295311231684771497097686765686003525436934988888684579966475010757", "price": "0.64", "size": "35.69", "side": "BUY", "hash": "f5dd1b6d4322c58a8c74d9133d40a3e18a3bbe02", "best_bid": "0.64", "best_ask": "0.69"}], "timestamp": "1769384507297", "event_type": "price_change"}}
{"_local_timestamp": "2026-01-25T23:41:47.368510+00:00", "data": {"market": "0xd1d3b2a54e39bed95f2c6e1df1ab741ac680531458edf624511a97c78c0494c5", "price_changes": [{"asset_id": "34041003396294651296798651726319253169189817056565732232167191226466477107465", "price": "0.36", "size": "45.73", "side": "SELL", "hash": "f3cba60e6f25b1cecd0cf11adfc115b21dec5072", "best_bid": "0.31", "best_ask": "0.36"}, {"asset_id": "25801117829295311231684771497097686765686003525436934988888684579966475010757", "price": "0.64", "size": "45.73", "side": "BUY", "hash": "bdb177af0a9a6b5425a94e7e6486ee1e0fd69d5b", "best_bid": "0.64", "best_ask": "0.69"}], "timestamp": "1769384507298", "event_type": "price_change"}}
{"_local_timestamp": "2026-01-25T23:42:26.053286+00:00", "data": {"market": "0xd1d3b2a54e39bed95f2c6e1df1ab741ac680531458edf624511a97c78c0494c5", "price_changes": [{"asset_id": "34041003396294651296798651726319253169189817056565732232167191226466477107465", "price": "0.36", "size": "25.65", "side": "SELL", "hash": "7197a0447918fc218b070142c2f9e48ea320c5c0", "best_bid": "0.31", "best_ask": "0.36"}, {"asset_id": "25801117829295311231684771497097686765686003525436934988888684579966475010757", "price": "0.64", "size": "25.65", "side": "BUY", "hash": "882b94134df0532570236ce8d570dd126d536cb9", "best_bid": "0.64", "best_ask": "0.69"}], "timestamp": "1769384545944", "event_type": "price_change"}}
{"_local_timestamp": "2026-01-25T23:42:39.068652+00:00", "data": {"market": "0xd1d3b2a54e39bed95f2c6e1df1ab741ac680531458edf624511a97c78c0494c5", "price_changes": [{"asset_id": "34041003396294651296798651726319253169189817056565732232167191226466477107465", "price": "0.36", "size": "35.69", "side": "SELL", "hash": "60e9b59eb0be6d9def08a6723e73c9efaece5de1", "best_bid": "0.31", "best_ask": "0.36"}, {"asset_id": "25801117829295311231684771497097686765686003525436934988888684579966475010757", "price": "0.64", "size": "35.69", "side": "BUY", "hash": "eafd45ccab8d1346d05418d853daee418a02816e", "best_bid": "0.64", "best_ask": "0.69"}], "timestamp": "1769384558964", "event_type": "price_change"}}
{"_local_timestamp": "2026-01-25T23:42:39.069695+00:00", "data": {"market": "0xd1d3b2a54e39bed95f2c6e1df1ab741ac680531458edf624511a97c78c0494c5", "price_changes": [{"asset_id": "34041003396294651296798651726319253169189817056565732232167191226466477107465", "price": "0.36", "size": "45.73", "side": "SELL", "hash": "be6b933a0449077761c0f52e6a213557f36dcbb0", "best_bid": "0.31", "best_ask": "0.36"}, {"asset_id": "25801117829295311231684771497097686765686003525436934988888684579966475010757", "price": "0.64", "size": "45.73", "side": "BUY", "hash": "d0d7ca673adbc0111b2dca185284284437c561ba", "best_bid": "0.64", "best_ask": "0.69"}], "timestamp": "1769384558965", "event_type": "price_change"}}
{"_local_timestamp": "2026-01-25T23:43:14.578722+00:00", "data": {"market": "0xd1d3b2a54e39bed95f2c6e1df1ab741ac680531458edf624511a97c78c0494c5", "price_changes": [{"asset_id": "34041003396294651296798651726319253169189817056565732232167191226466477107465", "price": "0.36", "size": "25.65", "side": "SELL", "hash": "45131e76e4cccebe2abee55e1c1db340e4d12b48", "best_bid": "0.31", "best_ask": "0.36"}, {"asset_id": "25801117829295311231684771497097686765686003525436934988888684579966475010757", "price": "0.64", "size": "25.65", "side": "BUY", "hash": "ce6ebb455c19148462393a35717b4416eaec416d", "best_bid": "0.64", "best_ask": "0.69"}], "timestamp": "1769384594439", "event_type": "price_change"}}
{"_local_timestamp": "2026-01-25T23:43:26.793188+00:00", "data": {"market": "0xd1d3b2a54e39bed95f2c6e1df1ab741ac680531458edf624511a97c78c0494c5", "price_changes": [{"asset_id": "34041003396294651296798651726319253169189817056565732232167191226466477107465", "price": "0.36", "size": "35.69", "side": "SELL", "hash": "1cf93d60692c5a16f2a92a984d37818156e97793", "best_bid": "0.31", "best_ask": "0.36"}, {"asset_id": "25801117829295311231684771497097686765686003525436934988888684579966475010757", "price": "0.64", "size": "35.69", "side": "BUY", "hash": "69a491b36c80ca37633946143b1c0499efa64d8d", "best_bid": "0.64", "best_ask": "0.69"}], "timestamp": "1769384606655", "event_type": "price_change"}}
{"_local_timestamp": "2026-01-25T23:43:26.795712+00:00", "data": {"market": "0xd1d3b2a54e39bed95f2c6e1df1ab741ac680531458edf624511a97c78c0494c5", "price_changes": [{"asset_id": "34041003396294651296798651726319253169189817056565732232167191226466477107465", "price": "0.36", "size": "45.73", "side": "SELL", "hash": "d779e3f89c0c0cd77d0616462f21273c6e46e64b", "best_bid": "0.31", "best_ask": "0.36"}, {"asset_id": "25801117829295311231684771497097686765686003525436934988888684579966475010757", "price": "0.64", "size": "45.73", "side": "BUY", "hash": "2fc562ff94200fc1fbe964d5b7b2d03363d40d63", "best_bid": "0.64", "best_ask": "0.69"}], "timestamp": "1769384606656", "event_type": "price_change"}}
{"_local_timestamp": "2026-01-25T23:44:00.509727+00:00", "data": {"market": "0xd1d3b2a54e39bed95f2c6e1df1ab741ac680531458edf624511a97c78c0494c5", "price_changes": [{"asset_id": "34041003396294651296798651726319253169189817056565732232167191226466477107465", "price": "0.36", "size": "25.65", "side": "SELL", "hash": "315034de369a960762c9a4a845d7038afdfcee01", "best_bid": "0.31", "best_ask": "0.36"}, {"asset_id": "25801117829295311231684771497097686765686003525436934988888684579966475010757", "price": "0.64", "size": "25.65", "side": "BUY", "hash": "f0520fea85ab45d8c0a4d27a9f5e2737700657ee", "best_bid": "0.64", "best_ask": "0.69"}], "timestamp": "1769384640367", "event_type": "price_change"}}
{"_local_timestamp": "2026-01-25T23:44:13.183817+00:00", "data": {"market": "0xd1d3b2a54e39bed95f2c6e1df1ab741ac680531458edf624511a97c78c0494c5", "price_changes": [{"asset_id": "25801117829295311231684771497097686765686003525436934988888684579966475010757", "price": "0.02", "size": "2300", "side": "BUY", "hash": "6f7995e4e3149712d86d139d061819398dbae35d", "best_bid": "0.64", "best_ask": "0.69"}, {"asset_id": "34041003396294651296798651726319253169189817056565732232167191226466477107465", "price": "0.98", "size": "2300", "side": "SELL", "hash": "905da23e20badbf0893c675d3192df2872367d3e", "best_bid": "0.31", "best_ask": "0.36"}], "timestamp": "1769384653000", "event_type": "price_change"}}
{"_local_timestamp": "2026-01-25T23:44:13.192298+00:00", "data": {"market": "0xd1d3b2a54e39bed95f2c6e1df1ab741ac680531458edf624511a97c78c0494c5", "price_changes": [{"asset_id": "34041003396294651296798651726319253169189817056565732232167191226466477107465", "price": "0.02", "size": "8.84", "side": "BUY", "hash": "b0895b33b47f0f1be53585a22795d525d28707ae", "best_bid": "0.31", "best_ask": "0.36"}, {"asset_id": "25801117829295311231684771497097686765686003525436934988888684579966475010757", "price": "0.98", "size": "8.84", "side": "SELL", "hash": "9b39806c66b063efd855bde560c3b6159f52b4c1", "best_bid": "0.64", "best_ask": "0.69"}], "timestamp": "1769384653004", "event_type": "price_change"}}
{"_local_timestamp": "2026-01-25T23:44:13.889843+00:00", "data": {"market": "0xd1d3b2a54e39bed95f2c6e1df1ab741ac680531458edf624511a97c78c0494c5", "price_changes": [{"asset_id": "34041003396294651296798651726319253169189817056565732232167191226466477107465", "price": "0.36", "size": "35.69", "side": "SELL", "hash": "6abb36a5497d483fa99ae31977b7af99070eadbc", "best_bid": "0.31", "best_ask": "0.36"}, {"asset_id": "25801117829295311231684771497097686765686003525436934988888684579966475010757", "price": "0.64", "size": "35.69", "side": "BUY", "hash": "761e621ab62cd88617124529aaad26c11eb26551", "best_bid": "0.64", "best_ask": "0.69"}], "timestamp": "1769384653736", "event_type": "price_change"}}
{"_local_timestamp": "2026-01-25T23:44:13.955717+00:00", "data": {"market": "0xd1d3b2a54e39bed95f2c6e1df1ab741ac680531458edf624511a97c78c0494c5", "price_changes": [{"asset_id": "34041003396294651296798651726319253169189817056565732232167191226466477107465", "price": "0.36", "size": "45.73", "side": "SELL", "hash": "fe1ac14c9c0c3e53de95acd14a9d23b01ec5c651", "best_bid": "0.31", "best_ask": "0.36"}, {"asset_id": "25801117829295311231684771497097686765686003525436934988888684579966475010757", "price": "0.64", "size": "45.73", "side": "BUY", "hash": "561e6bdce536d4465db3053a18b4ab98f36abb57", "best_bid": "0.64", "best_ask": "0.69"}], "timestamp": "1769384653812", "event_type": "price_change"}}
{"_local_timestamp": "2026-01-25T23:44:19.324717+00:00", "data": {"market": "0xd1d3b2a54e39bed95f2c6e1df1ab741ac680531458edf624511a97c78c0494c5", "price_changes": [{"asset_id": "25801117829295311231684771497097686765686003525436934988888684579966475010757", "price": "0.02", "size": "2450", "side": "BUY", "hash": "2ada0274a03b59874af823e4068b2bae189b55c7", "best_bid": "0.64", "best_ask": "0.69"}, {"asset_id": "34041003396294651296798651726319253169189817056565732232167191226466477107465", "price": "0.98", "size": "2450", "side": "SELL", "hash": "fefbfa4aac61bb0543f315254d6e899adbd6b912", "best_bid": "0.31", "best_ask": "0.36"}], "timestamp": "1769384659014", "event_type": "price_change"}}
{"_local_timestamp": "2026-01-25T23:44:19.340574+00:00", "data": {"market": "0xd1d3b2a54e39bed95f2c6e1df1ab741ac680531458edf624511a97c78c0494c5", "price_changes": [{"asset_id": "34041003396294651296798651726319253169189817056565732232167191226466477107465", "price": "0.02", "size": "158.84", "side": "BUY", "hash": "684d9f0a7d0ec1f933f0c5a17a081e900ac07bdb", "best_bid": "0.31", "best_ask": "0.36"}, {"asset_id": "25801117829295311231684771497097686765686003525436934988888684579966475010757", "price": "0.98", "size": "158.84", "side": "SELL", "hash": "16ceb535c86cc431c75817a3bc7b817b8bdaa7dd", "best_bid": "0.64", "best_ask": "0.69"}], "timestamp": "1769384659046", "event_type": "price_change"}}
{"_local_timestamp": "2026-01-25T23:44:52.524127+00:00", "data": {"market": "0xd1d3b2a54e39bed95f2c6e1df1ab741ac680531458edf624511a97c78c0494c5", "price_changes": [{"asset_id": "34041003396294651296798651726319253169189817056565732232167191226466477107465", "price": "0.36", "size": "25.65", "side": "SELL", "hash": "67b1c37f9e261f08195a7487219e8f658edb923c", "best_bid": "0.31", "best_ask": "0.36"}, {"asset_id": "25801117829295311231684771497097686765686003525436934988888684579966475010757", "price": "0.64", "size": "25.65", "side": "BUY", "hash": "ec297d84214fc8fd754027e3dd8ab9ab53ab02ca", "best_bid": "0.64", "best_ask": "0.69"}], "timestamp": "1769384692424", "event_type": "price_change"}}
{"_local_timestamp": "2026-01-25T23:45:07.352087+00:00", "data": {"market": "0xd1d3b2a54e39bed95f2c6e1df1ab741ac680531458edf624511a97c78c0494c5", "price_changes": [{"asset_id": "34041003396294651296798651726319253169189817056565732232167191226466477107465", "price": "0.36", "size": "35.69", "side": "SELL", "hash": "33f83a93dd163f258b70776c7daa6d552207ddb9", "best_bid": "0.31", "best_ask": "0.36"}, {"asset_id": "25801117829295311231684771497097686765686003525436934988888684579966475010757", "price": "0.64", "size": "35.69", "side": "BUY", "hash": "839b32d9283e9cd96e4c97153c44ab1460381d5f", "best_bid": "0.64", "best_ask": "0.69"}], "timestamp": "1769384707279", "event_type": "price_change"}}
{"_local_timestamp": "2026-01-25T23:45:07.352651+00:00", "data": {"market": "0xd1d3b2a54e39bed95f2c6e1df1ab741ac680531458edf624511a97c78c0494c5", "price_changes": [{"asset_id": "34041003396294651296798651726319253169189817056565732232167191226466477107465", "price": "0.36", "size": "45.73", "side": "SELL", "hash": "2e4802cfb5191b753ec33e9659872580bc87164a", "best_bid": "0.31", "best_ask": "0.36"}, {"asset_id": "25801117829295311231684771497097686765686003525436934988888684579966475010757", "price": "0.64", "size": "45.73", "side": "BUY", "hash": "e2234c47db703c28ee199ebadc65cdcd05efbc20", "best_bid": "0.64", "best_ask": "0.69"}], "timestamp": "1769384707280", "event_type": "price_change"}}
{"_local_timestamp": "2026-01-25T23:45:45.646391+00:00", "data": {"market": "0xd1d3b2a54e39bed95f2c6e1df1ab741ac680531458edf624511a97c78c0494c5", "price_changes": [{"asset_id": "34041003396294651296798651726319253169189817056565732232167191226466477107465", "price": "0.36", "size": "25.65", "side": "SELL", "hash": "5d2e4d22347f2ebd14204d205213d9cc6ac0c0ce", "best_bid": "0.31", "best_ask": "0.36"}, {"asset_id": "25801117829295311231684771497097686765686003525436934988888684579966475010757", "price": "0.64", "size": "25.65", "side": "BUY", "hash": "ef3adfc1b2617c8be1f0379bb0d0eaa69ce47a8d", "best_bid": "0.64", "best_ask": "0.69"}], "timestamp": "1769384745571", "event_type": "price_change"}}
{"_local_timestamp": "2026-01-25T23:46:00.688662+00:00", "data": {"market": "0xd1d3b2a54e39bed95f2c6e1df1ab741ac680531458edf624511a97c78c0494c5", "price_changes": [{"asset_id": "34041003396294651296798651726319253169189817056565732232167191226466477107465", "price": "0.36", "size": "35.69", "side": "SELL", "hash": "d980e21bee0955484ccea7f744c8f811dfa291a2", "best_bid": "0.31", "best_ask": "0.36"}, {"asset_id": "25801117829295311231684771497097686765686003525436934988888684579966475010757", "price": "0.64", "size": "35.69", "side": "BUY", "hash": "e7bf4123f66fb76188170a0f32e91c7c87cfdb0b", "best_bid": "0.64", "best_ask": "0.69"}], "timestamp": "1769384760622", "event_type": "price_change"}}
{"_local_timestamp": "2026-01-25T23:46:00.709058+00:00", "data": {"market": "0xd1d3b2a54e39bed95f2c6e1df1ab741ac680531458edf624511a97c78c0494c5", "price_changes": [{"asset_id": "34041003396294651296798651726319253169189817056565732232167191226466477107465", "price": "0.36", "size": "45.73", "side": "SELL", "hash": "8520a84e60f9c6b4c88bb5a0a5a563d6f447edba", "best_bid": "0.31", "best_ask": "0.36"}, {"asset_id": "25801117829295311231684771497097686765686003525436934988888684579966475010757", "price": "0.64", "size": "45.73", "side": "BUY", "hash": "68eafd162e6581fb24dd2143d03ebb62854bbec1", "best_bid": "0.64", "best_ask": "0.69"}], "timestamp": "1769384760640", "event_type": "price_change"}}
{"_local_timestamp": "2026-01-25T23:46:41.332519+00:00", "data": {"market": "0xd1d3b2a54e39bed95f2c6e1df1ab741ac680531458edf624511a97c78c0494c5", "price_changes": [{"asset_id": "34041003396294651296798651726319253169189817056565732232167191226466477107465", "price": "0.36", "size": "25.65", "side": "SELL", "hash": "514bbfd017f62500b4d9c6f8364c4d8120f27c89", "best_bid": "0.31", "best_ask": "0.36"}, {"asset_id": "25801117829295311231684771497097686765686003525436934988888684579966475010757", "price": "0.64", "size": "25.65", "side": "BUY", "hash": "ef45d6bccb1973319743ad8f3864309a6adc544e", "best_bid": "0.64", "best_ask": "0.69"}], "timestamp": "1769384801259", "event_type": "price_change"}}
{"_local_timestamp": "2026-01-25T23:46:54.769087+00:00", "data": {"market": "0xd1d3b2a54e39bed95f2c6e1df1ab741ac680531458edf624511a97c78c0494c5", "price_changes": [{"asset_id": "34041003396294651296798651726319253169189817056565732232167191226466477107465", "price": "0.36", "size": "35.69", "side": "SELL", "hash": "d83145f30b6625d4bace76f9daca4237af468c40", "best_bid": "0.31", "best_ask": "0.36"}, {"asset_id": "25801117829295311231684771497097686765686003525436934988888684579966475010757", "price": "0.64", "size": "35.69", "side": "BUY", "hash": "7addf73294a14b078e049cbc3f52425b92f446f4", "best_bid": "0.64", "best_ask": "0.69"}], "timestamp": "1769384814695", "event_type": "price_change"}}
{"_local_timestamp": "2026-01-25T23:46:54.769747+00:00", "data": {"market": "0xd1d3b2a54e39bed95f2c6e1df1ab741ac680531458edf624511a97c78c0494c5", "price_changes": [{"asset_id": "34041003396294651296798651726319253169189817056565732232167191226466477107465", "price": "0.36", "size": "45.73", "side": "SELL", "hash": "9ca41620a660d81ecb6cf93f876f34590a9562fa", "best_bid": "0.31", "best_ask": "0.36"}, {"asset_id": "25801117829295311231684771497097686765686003525436934988888684579966475010757", "price": "0.64", "size": "45.73", "side": "BUY", "hash": "0b081c3bc82a3ac4b68d19e0ddc1012cdb9f14f9", "best_bid": "0.64", "best_ask": "0.69"}], "timestamp": "1769384814695", "event_type": "price_change"}}
{"_local_timestamp": "2026-01-25T23:47:35.726206+00:00", "data": {"market": "0xd1d3b2a54e39bed95f2c6e1df1ab741ac680531458edf624511a97c78c0494c5", "price_changes": [{"asset_id": "34041003396294651296798651726319253169189817056565732232167191226466477107465", "price": "0.36", "size": "35.69", "side": "SELL", "hash": "71a872ccac3f641d5ecee7857630d44892ba22f6", "best_bid": "0.31", "best_ask": "0.36"}, {"asset_id": "25801117829295311231684771497097686765686003525436934988888684579966475010757", "price": "0.64", "size": "35.69", "side": "BUY", "hash": "a188f7a4a8fc3ce3559137d2d398902b8798cf1a", "best_bid": "0.64", "best_ask": "0.69"}], "timestamp": "1769384855649", "event_type": "price_change"}}
{"_local_timestamp": "2026-01-25T23:47:35.727056+00:00", "data": {"market": "0xd1d3b2a54e39bed95f2c6e1df1ab741ac680531458edf624511a97c78c0494c5", "price_changes": [{"asset_id": "34041003396294651296798651726319253169189817056565732232167191226466477107465", "price": "0.36", "size": "25.65", "side": "SELL", "hash": "15308f1ff307d8ed817babbf61a19fb47b55de9c", "best_bid": "0.31", "best_ask": "0.36"}, {"asset_id": "25801117829295311231684771497097686765686003525436934988888684579966475010757", "price": "0.64", "size": "25.65", "side": "BUY", "hash": "08ad50fb6934349ce1fa78f90631bda77071972a", "best_bid": "0.64", "best_ask": "0.69"}], "timestamp": "1769384855651", "event_type": "price_change"}}
{"_local_timestamp": "2026-01-25T23:47:50.193708+00:00", "data": {"market": "0xd1d3b2a54e39bed95f2c6e1df1ab741ac680531458edf624511a97c78c0494c5", "price_changes": [{"asset_id": "34041003396294651296798651726319253169189817056565732232167191226466477107465", "price": "0.36", "size": "35.69", "side": "SELL", "hash": "b9559dd8c8c5df08b07c550c3f44d736d38ccdda", "best_bid": "0.31", "best_ask": "0.36"}, {"asset_id": "25801117829295311231684771497097686765686003525436934988888684579966475010757", "price": "0.64", "size": "35.69", "side": "BUY", "hash": "685ae559fb80be78b1b384251c1599341acbf367", "best_bid": "0.64", "best_ask": "0.69"}], "timestamp": "1769384870130", "event_type": "price_change"}}
{"_local_timestamp": "2026-01-25T23:47:50.201491+00:00", "data": {"market": "0xd1d3b2a54e39bed95f2c6e1df1ab741ac680531458edf624511a97c78c0494c5", "price_changes": [{"asset_id": "34041003396294651296798651726319253169189817056565732232167191226466477107465", "price": "0.36", "size": "45.73", "side": "SELL", "hash": "eef12a139652b3d007ce8f8e41a5c1e1f1067ea2", "best_bid": "0.31", "best_ask": "0.36"}, {"asset_id": "25801117829295311231684771497097686765686003525436934988888684579966475010757", "price": "0.64", "size": "45.73", "side": "BUY", "hash": "1826a03ec67d8441ea2f6333d52aa8bc462363f4", "best_bid": "0.64", "best_ask": "0.69"}], "timestamp": "1769384870130", "event_type": "price_change"}}
{"_local_timestamp": "2026-01-25T23:48:27.988276+00:00", "data": {"market": "0xd1d3b2a54e39bed95f2c6e1df1ab741ac680531458edf624511a97c78c0494c5", "price_changes": [{"asset_id": "34041003396294651296798651726319253169189817056565732232167191226466477107465", "price": "0.36", "size": "25.65", "side": "SELL", "hash": "be11a66e047d162d789e3ec7c19924f1a9df2155", "best_bid": "0.31", "best_ask": "0.36"}, {"asset_id": "25801117829295311231684771497097686765686003525436934988888684579966475010757", "price": "0.64", "size": "25.65", "side": "BUY", "hash": "71dbf9c4c8c4388d67cb577bfd9aff8dadac2879", "best_bid": "0.64", "best_ask": "0.69"}], "timestamp": "1769384907876", "event_type": "price_change"}}
{"_local_timestamp": "2026-01-25T23:48:40.465278+00:00", "data": {"market": "0xd1d3b2a54e39bed95f2c6e1df1ab741ac680531458edf624511a97c78c0494c5", "price_changes": [{"asset_id": "34041003396294651296798651726319253169189817056565732232167191226466477107465", "price": "0.36", "size": "35.69", "side": "SELL", "hash": "dd05103886f033d13b8819d28460d4a565521855", "best_bid": "0.31", "best_ask": "0.36"}, {"asset_id": "25801117829295311231684771497097686765686003525436934988888684579966475010757", "price": "0.64", "size": "35.69", "side": "BUY", "hash": "87a6ec784c9dccfda889423438117274f8acb8e8", "best_bid": "0.64", "best_ask": "0.69"}], "timestamp": "1769384920386", "event_type": "price_change"}}
{"_local_timestamp": "2026-01-25T23:48:40.465779+00:00", "data": {"market": "0xd1d3b2a54e39bed95f2c6e1df1ab741ac680531458edf624511a97c78c0494c5", "price_changes": [{"asset_id": "34041003396294651296798651726319253169189817056565732232167191226466477107465", "price": "0.36", "size": "45.73", "side": "SELL", "hash": "d0325c66bcd104fc7182e470db78b0ff50dfe5cb", "best_bid": "0.31", "best_ask": "0.36"}, {"asset_id": "25801117829295311231684771497097686765686003525436934988888684579966475010757", "price": "0.64", "size": "45.73", "side": "BUY", "hash": "f1fc4009ee9ee9dfeed93d4ab447490d9672ce82", "best_bid": "0.64", "best_ask": "0.69"}], "timestamp": "1769384920386", "event_type": "price_change"}}
