{"_local_timestamp": "2026-01-25T23:41:09.019506+00:00", "data": [{"market": "0xa9c0c820fd79b4339ed4711288ce15236196a6015234350f42b37341e9094398", "asset_id": "91609514063242777856043730063938310894548353925882406409927495687846407164056", "timestamp": "1769384459407", "hash": "4bc885b8660e583f0348c6e7e92f6a7a8353dd6f", "bids": [{"price": "0.01", "size": "15275.55"}, {"price": "0.02", "size": "2255.32"}, {"price": "0.03", "size": "250"}, {"price": "0.04", "size": "21.89"}, {"price": "0.1", "size": "100"}, {"price": "0.12", "size": "300"}, {"price": "0.14", "size": "200"}, {"price": "0.15", "size": "1058"}, {"price": "0.16", "size": "75"}, {"price": "0.18", "size": "1000"}, {"price": "0.19", "size": "493.76"}, {"price": "0.2", "size": "64.17"}, {"price": "0.22", "size": "259.09"}, {"price": "0.23", "size": "47.82"}, {"price": "0.25", "size": "1576.5"}, {"price": "0.26", "size": "666.02"}, {"price": "0.27", "size": "534.85"}, {"price": "0.28", "size": "4618.49"}, {"price": "0.29", "size": "536.09"}, {"price": "0.3", "size": "4"}, {"price": "0.31", "size": "5.65"}], "asks": [{"price": "0.99", "size": "14086.32"}, {"price": "0.98", "size": "2450"}, {"price": "0.97", "size": "9.24"}, {"price": "0.93", "size": "3999.11"}, {"price": "0.92", "size": "2799.11"}, {"price": "0.91", "size": "250"}, {"price": "0.9", "size": "6.23"}, {"price": "0.89", "size": "200"}, {"price": "0.86", "size": "250"}, {"price": "0.8", "size": "400"}, {"price": "0.73", "size": "200"}, {"price": "0.69", "size": "833"}, {"price": "0.66", "size": "100"}, {"price": "0.64", "size": "300"}, {"price": "0.59", "size": "200"}, {"price": "0.56", "size": "125"}, {"price": "0.53", "size": "75"}, {"price": "0.5", "size": "280"}, {"price": "0.46", "size": "200"}, {"price": "0.44", "size": "156.21"}, {"price": "0.43", "size": "19.29"}, {"price": "0.36", "size": "1050"}, {"price": "0.35", "size": "269.54"}, {"price": "0.34", "size": "6.8"}, {"price": "0.33", "size": "10"}], "event_type": "book", "last_trade_price": "0.310"}, {"market": "0xa9c0c820fd79b4339ed4711288ce15236196a6015234350f42b37341e9094398", "asset_id": "78438315737001038193507108078052969359305687599144926740526502005681502958823", "timestamp": "1769384459407", "hash": "6ec42980e288704dadc7abe5ac0721094deff034", "bids": [{"price": "0.01", "size": "14086.32"}, {"price": "0.02", "size": "2450"}, {"price": "0.03", "size": "9.24"}, {"price": "0.07", "size": "3999.11"}, {"price": "0.08", "size": "2799.11"}, {"price": "0.09", "size": "250"}, {"price": "0.1", "size": "6.23"}, {"price": "0.11", "size": "200"}, {"price": "0.14", "size": "250"}, {"price": "0.2", "size": "400"}, {"price": "0.27", "size": "200"}, {"price": "0.31", "size": "833"}, {"price": "0.34", "size": "100"}, {"price": "0.36", "size": "300"}, {"price": "0.41", "size": "200"}, {"price": "0.44", "size": "125"}, {"price": "0.47", "size": "75"}, {"price": "0.5", "size": "280"}, {"price": "0.54", "size": "200"}, {"price": "0.56", "size": "156.21"}, {"price": "0.57", "size": "19.29"}, {"price": "0.64", "size": "1050"}, {"price": "0.65", "size": "269.54"}, {"price": "0.66", "size": "6.8"}, {"price": "0.67", "size": "10"}], "asks": [{"price": "0.99", "size": "15275.55"}, {"price": "0.98", "size": "2255.32"}, {"price": "0.97", "size": "250"}, {"price": "0.96", "size": "21.89"}, {"price": "0.9", "size": "100"}, {"price": "0.88", "size": "300"}, {"price": "0.86", "size": "200"}, {"price": "0.85", "size": "1058"}, {"price": "0.84", "size": "75"}, {"price": "0.82", "size": "1000"}, {"price": "0.81", "size": "493.76"}, {"price": "0.8", "size": "64.17"}, {"price": "0.78", "size": "259.09"}, {"price": "0.77", "size": "47.82"}, {"price": "0.75", "size": "1576.5"}, {"price": "0.74", "size": "666.02"}, {"price": "0.73", "size": "534.85"}, {"price": "0.72", "size": "4618.49"}, {"price": "0.71", "size": "536.09"}, {"price": "0.7", "size": "4"}, {"price": "0.69", "size": "5.65"}], "event_type": "book", "last_trade_price": "0.310"}]}
{"_local_timestamp": "2026-01-25T23:41:10.919075+00:00", "data": {"market": "0xa9c0c820fd79b4339ed4711288ce15236196a6015234350f42b37341e9094398", "price_changes": [{"asset_id": "78438315737001038193507108078052969359305687599144926740526502005681502958823", "price": "0.11", "size": "0", "side": "BUY", "hash": "7e0a601521947e839b1d00e6534d93e33d5a6e53", "best_bid": "0.67", "best_ask": "0.69"}, {"asset_id": "91609514063242777856043730063938310894548353925882406409927495687846407164056", "price": "0.89", "size": "0", "side": "SELL", "hash": "2c61470397e0de37494e48314fc5ec0be04b9efe", "best_bid": "0.31", "best_ask": "0.33"}], "timestamp": "1769384470855", "event_type": "price_change"}}
{"_local_timestamp": "2026-01-25T23:41:11.290675+00:00", "data": {"market": "0xa9c0c820fd79b4339ed4711288ce15236196a6015234350f42b37341e9094398", "price_changes": [{"asset_id": "78438315737001038193507108078052969359305687599144926740526502005681502958823", "price": "0.14", "size": "450", "side": "BUY", "hash": "5b2e394f6cb0b37b0301934a4977003105ec1dc1", "best_bid": "0.67", "best_ask": "0.69"}, {"asset_id": "91609514063242777856043730063938310894548353925882406409927495687846407164056", "price": "0.86", "size": "450", "side": "SELL", "hash": "96a3bfa5fd9451902e20351cc55b1416b5b8d9c8", "best_bid": "0.31", "best_ask": "0.33"}], "timestamp": "1769384471142", "event_type": "price_change"}}
{"_local_timestamp": "2026-01-25T23:41:11.395927+00:00", "data": {"market": "0xa9c0c820fd79b4339ed4711288ce15236196a6015234350f42b37341e9094398", "price_changes": [{"asset_id": "78438315737001038193507108078052969359305687599144926740526502005681502958823", "price": "0.14", "size": "250", "side": "BUY", "hash": "92b350ab8142d969bf434e39fe7a78417d42a69d", "best_bid": "0.67", "best_ask": "0.69"}, {"asset_id": "91609514063242777856043730063938310894548353925882406409927495687846407164056", "price": "0.86", "size": "250", "side": "SELL", "hash": "82ce25cdea689fab50e5694a14a0aa371fa068de", "best_bid": "0.31", "best_ask": "0.33"}], "timestamp": "1769384471263", "event_type": "price_change"}}
{"_local_timestamp": "2026-01-25T23:41:11.418175+00:00", "data": {"market": "0xa9c0c820fd79b4339ed4711288ce15236196a6015234350f42b37341e9094398", "price_changes": [{"asset_id": "78438315737001038193507108078052969359305687599144926740526502005681502958823", "price": "0.15", "size": "200", "side": "BUY", "hash": "590b5afb11cc80a3b4f70cc4e1e1b602d29016b5", "best_bid": "0.67", "best_ask": "0.69"}, {"asset_id": "91609514063242777856043730063938310894548353925882406409927495687846407164056", "price": "0.85", "size": "200", "side": "SELL", "hash": "54cb4628deecfeb8c454dc253ad21770d624505b", "best_bid": "0.31", "best_ask": "0.33"}], "timestamp": "1769384471279", "event_type": "price_change"}}
{"_local_timestamp": "2026-01-25T23:41:17.949269+00:00", "data": {"market": "0xa9c0c820fd79b4339ed4711288ce15236196a6015234350f42b37341e9094398", "price_changes": [{"asset_id": "91609514063242777856043730063938310894548353925882406409927495687846407164056", "price": "0.34", "size": "0", "side": "SELL", "hash": "3a4004b6c68f5ec52de3e0754c4bbcec86cf4d8c", "best_bid": "0.31", "best_ask": "0.33"}, {"asset_id": "78438315737001038193507108078052969359305687599144926740526502005681502958823", "price": "0.66", "size": "0", "side": "BUY", "hash": "a0a4ed66a675eef09e849ccf959912c81938e979", "best_bid": "0.67", "best_ask": "0.69"}], "timestamp": "1769384477840", "event_type": "price_change"}}
{"_local_timestamp": "2026-01-25T23:41:18.928117+00:00", "data": {"market": "0xa9c0c820fd79b4339ed4711288ce15236196a6015234350f42b37341e9094398", "price_changes": [{"asset_id": "91609514063242777856043730063938310894548353925882406409927495687846407164056", "price": "0.34", "size": "6.8", "side": "SELL", "hash": "b06c11f9699677f2baf401332b37f939d2662cb2", "best_bid": "0.31", "best_ask": "0.33"}, {"asset_id": "78438315737001038193507108078052969359305687599144926740526502005681502958823", "price": "0.66", "size": "6.8", "side": "BUY", "hash": "67c9f819084a6f7061ad8f357f19da8d02b62dda", "best_bid": "0.67", "best_ask": "0.69"}], "timestamp": "1769384478854", "event_type": "price_change"}}
{"_local_timestamp": "2026-01-25T23:41:22.392554+00:00", "data": {"market": "0xa9c0c820fd79b4339ed4711288ce15236196a6015234350f42b37341e9094398", "price_changes": [{"asset_id": "78438315737001038193507108078052969359305687599144926740526502005681502958823", "price": "0.14", "size": "50", "side": "BUY", "hash": "c579670d479c828ba38bc35e793dee861418e59b", "best_bid": "0.67", "best_ask": "0.69"}, {"asset_id": "91609514063242777856043730063938310894548353925882406409927495687846407164056", "price": "0.86", "size": "50", "side": "SELL", "hash": "fce95ee88643b824f31eef21f33415da51386db3", "best_bid": "0.31", "best_ask": "0.33"}], "timestamp": "1769384482319", "event_type": "price_change"}}
{"_local_timestamp": "2026-01-25T23:41:22.425841+00:00", "data": {"market": "0xa9c0c820fd79b4339ed4711288ce15236196a6015234350f42b37341e9094398", "price_changes": [{"asset_id": "78438315737001038193507108078052969359305687599144926740526502005681502958823", "price": "0.15", "size": "0", "side": "BUY", "hash": "1e1f680899218346da260064676d7ab26f77a414", "best_bid": "0.67", "best_ask": "0.69"}, {"asset_id": "91609514063242777856043730063938310894548353925882406409927495687846407164056", "price": "0.85", "size": "0", "side": "SELL", "hash": "f29c0e3ac5fb70e278568c4cd9350d9970b2f703", "best_bid": "0.31", "best_ask": "0.33"}], "timestamp": "1769384482362", "event_type": "price_change"}}
{"_local_timestamp": "2026-01-25T23:41:22.436224+00:00", "data": {"market": "0xa9c0c820fd79b4339ed4711288ce15236196a6015234350f42b37341e9094398", "price_changes": [{"asset_id": "78438315737001038193507108078052969359305687599144926740526502005681502958823", "price": "0.14", "size": "250", "side": "BUY", "hash": "c926d1c3d77e0412ba7b5f88a5c2624d620553fd", "best_bid": "0.67", "best_ask": "0.69"}, {"asset_id": "91609514063242777856043730063938310894548353925882406409927495687846407164056", "price": "0.86", "size": "250", "side": "SELL", "hash": "80582e6ae3ae84c41e8466ac2d8db127a75d5b64", "best_bid": "0.31", "best_ask": "0.33"}], "timestamp": "1769384482365", "event_type": "price_change"}}
{"_local_timestamp": "2026-01-25T23:41:22.674358+00:00", "data": {"market": "0xa9c0c820fd79b4339ed4711288ce15236196a6015234350f42b37341e9094398", "price_changes": [{"asset_id": "78438315737001038193507108078052969359305687599144926740526502005681502958823", "price": "0.15", "size": "200", "side": "BUY", "hash": "22ddfc085bb022e638d00fc73f8ac14aabed6cb2", "best_bid": "0.67", "best_ask": "0.69"}, {"asset_id": "91609514063242777856043730063938310894548353925882406409927495687846407164056", "price": "0.85", "size": "200", "side": "SELL", "hash": "ccd12adb94f4fc9a6bca937253fcd3eab3218640", "best_bid": "0.31", "best_ask": "0.33"}], "timestamp": "1769384482595", "event_type": "price_change"}}
{"_local_timestamp": "2026-01-25T23:41:24.475148+00:00", "data": {"market": "0xa9c0c820fd79b4339ed4711288ce15236196a6015234350f42b37341e9094398", "price_changes": [{"asset_id": "78438315737001038193507108078052969359305687599144926740526502005681502958823", "price": "0.16", "size": "200", "side": "BUY", "hash": "deb90a89b338464fb3f04099d293c24cb27a0bb2", "best_bid": "0.67", "best_ask": "0.69"}, {"asset_id": "91609514063242777856043730063938310894548353925882406409927495687846407164056", "price": "0.84", "size": "200", "side": "SELL", "hash": "b59d653858be9e549d8b040892068a4c2effd184", "best_bid": "0.31", "best_ask": "0.33"}], "timestamp": "1769384484366", "event_type": "price_change"}}
{"_local_timestamp": "2026-01-25T23:41:24.476014+00:00", "data": {"market": "0xa9c0c820fd79b4339ed4711288ce15236196a6015234350f42b37341e9094398", "price_changes": [{"asset_id": "78438315737001038193507108078052969359305687599144926740526502005681502958823", "price": "0.14", "size": "50", "side": "BUY", "hash": "94b185c23a9f832e9646863c5d7bcc78ad929d75", "best_bid": "0.67", "best_ask": "0.69"}, {"asset_id": "91609514063242777856043730063938310894548353925882406409927495687846407164056", "price": "0.86", "size": "50", "side": "SELL", "hash": "d72a04c40779b3b26de94cf827715c9ad8f8d6ff", "best_bid": "0.31", "best_ask": "0.33"}], "timestamp": "1769384484367", "event_type": "price_change"}}
{"_local_timestamp": "2026-01-25T23:41:34.047523+00:00", "data": {"market": "0xa9c0c820fd79b4339ed4711288ce15236196a6015234350f42b37341e9094398", "price_changes": [{"asset_id": "78438315737001038193507108078052969359305687599144926740526502005681502958823", "price": "0.15", "size": "0", "side": "BUY", "hash": "aa9fb947158042f551461f44a34d87bdc48fdbe3", "best_bid": "0.67", "best_ask": "0.69"}, {"asset_id": "91609514063242777856043730063938310894548353925882406409927495687846407164056", "price": "0.85", "size": "0", "side": "SELL", "hash": "dd6688f9ef211754a622433a34a08971bc256736", "best_bid": "0.31", "best_ask": "0.33"}], "timestamp": "1769384493970", "event_type": "price_change"}}
{"_local_timestamp": "2026-01-25T23:41:34.083542+00:00", "data": {"market": "0xa9c0c820fd79b4339ed4711288ce15236196a6015234350f42b37341e9094398", "price_changes": [{"asset_id": "78438315737001038193507108078052969359305687599144926740526502005681502958823", "price": "0.14", "size": "250", "side": "BUY", "hash": "19f45a8297099bcf66eb42ab88404f30c5034cb5", "best_bid": "0.67", "best_ask": "0.69"}, {"asset_id": "91609514063242777856043730063938310894548353925882406409927495687846407164056", "price": "0.86", "size": "250", "side": "SELL", "hash": "944cb7d718fc545e52b1b95a7cf16e5337cd265f", "best_bid": "0.31", "best_ask": "0.33"}], "timestamp": "1769384494011", "event_type": "price_change"}}
{"_local_timestamp": "2026-01-25T23:41:34.093272+00:00", "data": {"market": "0xa9c0c820fd79b4339ed4711288ce15236196a6015234350f42b37341e9094398", "price_changes": [{"asset_id": "78438315737001038193507108078052969359305687599144926740526502005681502958823", "price": "0.16", "size": "0", "side": "BUY", "hash": "ac2f057cf7c0479b3b3043f63fd3c18901581e3e", "best_bid": "0.67", "best_ask": "0.69"}, {"asset_id": "91609514063242777856043730063938310894548353925882406409927495687846407164056", "price": "0.84", "size": "0", "side": "SELL", "hash": "fdf75ae16927d0827145153873ee3c2693055d28", "best_bid": "0.31", "best_ask": "0.33"}], "timestamp": "1769384494013", "event_type": "price_change"}}
{"_local_timestamp": "2026-01-25T23:41:34.312811+00:00", "data": {"market": "0xa9c0c820fd79b4339ed4711288ce15236196a6015234350f42b37341e9094398", "price_changes": [{"asset_id": "78438315737001038193507108078052969359305687599144926740526502005681502958823", "price": "0.11", "size": "200", "side": "BUY", "hash": "7b26b1816deb0a9ae8e125ca7e68eccf3199e715", "best_bid": "0.67", "best_ask": "0.69"}, {"asset_id": "91609514063242777856043730063938310894548353925882406409927495687846407164056", "price": "0.89", "size": "200", "side": "SELL", "hash": "a667f5883552ddc3101c80951ab2853ccb6086db", "best_bid": "0.31", "best_ask": "0.33"}], "timestamp": "1769384494244", "event_type": "price_change"}}
{"_local_timestamp": "2026-01-25T23:41:44.405769+00:00", "data": {"market": "0xa9c0c820fd79b4339ed4711288ce15236196a6015234350f42b37341e9094398", "price_changes": [{"asset_id": "78438315737001038193507108078052969359305687599144926740526502005681502958823", "price": "0.11", "size": "0", "side": "BUY", "hash": "66d27f15106a55fbcd32f401ea6f90165c18f2af", "best_bid": "0.67", "best_ask": "0.69"}, {"asset_id": "91609514063242777856043730063938310894548353925882406409927495687846407164056", "price": "0.89", "size": "0", "side": "SELL", "hash": "50df43eeec5193473c812e432cfcc0e3abe78647", "best_bid": "0.31", "best_ask": "0.33"}], "timestamp": "1769384504331", "event_type": "price_change"}}
{"_local_timestamp": "2026-01-25T23:41:44.663587+00:00", "data": {"market": "0xa9c0c820fd79b4339ed4711288ce15236196a6015234350f42b37341e9094398", "price_changes": [{"asset_id": "78438315737001038193507108078052969359305687599144926740526502005681502958823", "price": "0.14", "size": "450", "side": "BUY", "hash": "b74b2ad8167acfcedd2195a719636e26cecc4365", "best_bid": "0.67", "best_ask": "0.69"}, {"asset_id": "91609514063242777856043730063938310894548353925882406409927495687846407164056", "price": "0.86", "size": "450", "side": "SELL", "hash": "9cda8850c1ddda81eb12339a0ca3565a38d2f129", "best_bid": "0.31", "best_ask": "0.33"}], "timestamp": "1769384504593", "event_type": "price_change"}}
{"_local_timestamp": "2026-01-25T23:41:44.698513+00:00", "data": {"market": "0xa9c0c820fd79b4339ed4711288ce15236196a6015234350f42b37341e9094398", "price_changes": [{"asset_id": "78438315737001038193507108078052969359305687599144926740526502005681502958823", "price": "0.15", "size": "200", "side": "BUY", "hash": "0e273769e0fbbe6b6587a87c537b6f2685932e45", "best_bid": "0.67", "best_ask": "0.69"}, {"asset_id": "91609514063242777856043730063938310894548353925882406409927495687846407164056", "price": "0.85", "size": "200", "side": "SELL", "hash": "bf305614f5c0bccffea011658023a652cc4a216e", "best_bid": "0.31", "best_ask": "0.33"}], "timestamp": "1769384504631", "event_type": "price_change"}}
{"_local_timestamp": "2026-01-25T23:41:44.699583+00:00", "data": {"market": "0xa9c0c820fd79b4339ed4711288ce15236196a6015234350f42b37341e9094398", "price_changes": [{"asset_id": "78438315737001038193507108078052969359305687599144926740526502005681502958823", "price": "0.14", "size": "250", "side": "BUY", "hash": "7e554d730f5f7fe9017c519701ea0beb39afed5b", "best_bid": "0.67", "best_ask": "0.69"}, {"asset_id": "91609514063242777856043730063938310894548353925882406409927495687846407164056", "price": "0.86", "size": "250", "side": "SELL", "hash": "f4b8a67964c323a8c18dacbad08c6b71b71d338e", "best_bid": "0.31", "best_ask": "0.33"}], "timestamp": "1769384504632", "event_type": "price_change"}}
{"_local_timestamp": "2026-01-25T23:41:46.709920+00:00", "data": {"market": "0xa9c0c820fd79b4339ed4711288ce15236196a6015234350f42b37341e9094398", "price_changes": [{"asset_id": "78438315737001038193507108078052969359305687599144926740526502005681502958823", "price": "0.15", "size": "0", "side": "BUY", "hash": "cbea40cb8f341da38b167f9badf904e88c5e6e77", "best_bid": "0.67", "best_ask": "0.69"}, {"asset_id": "91609514063242777856043730063938310894548353925882406409927495687846407164056", "price": "0.85", "size": "0", "side": "SELL", "hash": "52c3d20c5287439d4aaa27890c9dcfaf4ea0cca3", "best_bid": "0.31", "best_ask": "0.33"}], "timestamp": "1769384506645", "event_type": "price_change"}}
{"_local_timestamp": "2026-01-25T23:41:54.928994+00:00", "data": {"market": "0xa9c0c820fd79b4339ed4711288ce15236196a6015234350f42b37341e9094398", "price_changes": [{"asset_id": "78438315737001038193507108078052969359305687599144926740526502005681502958823", "price": "0.07", "size": "3799.11", "side": "BUY", "hash": "700c353db69f1f0e585fb7ab2be4dc33f604d6c7", "best_bid": "0.67", "best_ask": "0.69"}, {"asset_id": "91609514063242777856043730063938310894548353925882406409927495687846407164056", "price": "0.93", "size": "3799.11", "side": "SELL", "hash": "f64bd21a1b200d21b7f83aecd3ec43aeba3164a8", "best_bid": "0.31", "best_ask": "0.33"}], "timestamp": "1769384514815", "event_type": "price_change"}}
{"_local_timestamp": "2026-01-25T23:41:54.932837+00:00", "data": {"market": "0xa9c0c820fd79b4339ed4711288ce15236196a6015234350f42b37341e9094398", "price_changes": [{"asset_id": "78438315737001038193507108078052969359305687599144926740526502005681502958823", "price": "0.14", "size": "50", "side": "BUY", "hash": "700c353db69f1f0e585fb7ab2be4dc33f604d6c7", "best_bid": "0.67", "best_ask": "0.69"}, {"asset_id": "91609514063242777856043730063938310894548353925882406409927495687846407164056", "price": "0.86", "size": "50", "side": "SELL", "hash": "f64bd21a1b200d21b7f83aecd3ec43aeba3164a8", "best_bid": "0.31", "best_ask": "0.33"}], "timestamp": "1769384514815", "event_type": "price_change"}}
{"_local_timestamp": "2026-01-25T23:41:54.934039+00:00", "data": {"market": "0xa9c0c820fd79b4339ed4711288ce15236196a6015234350f42b37341e9094398", "price_changes": [{"asset_id": "78438315737001038193507108078052969359305687599144926740526502005681502958823", "price": "0.15", "size": "200", "side": "BUY", "hash": "a93cdaa66192a54d2bf16571c95de356c2f4369b", "best_bid": "0.67", "best_ask": "0.69"}, {"asset_id": "91609514063242777856043730063938310894548353925882406409927495687846407164056", "price": "0.85", "size": "200", "side": "SELL", "hash": "f7f4c9aab896919231aa34e3d26273bd2e27b2cc", "best_bid": "0.31", "best_ask": "0.33"}], "timestamp": "1769384514854", "event_type": "price_change"}}
{"_local_timestamp": "2026-01-25T23:41:55.148864+00:00", "data": {"market": "0xa9c0c820fd79b4339ed4711288ce15236196a6015234350f42b37341e9094398", "price_changes": [{"asset_id": "78438315737001038193507108078052969359305687599144926740526502005681502958823", "price": "0.11", "size": "200", "side": "BUY", "hash": "3f736b7b5415a92e0e39874ac5c6379cd53bb8fc", "best_bid": "0.67", "best_ask": "0.69"}, {"asset_id": "91609514063242777856043730063938310894548353925882406409927495687846407164056", "price": "0.89", "size": "200", "side": "SELL", "hash": "07cd819030f6fbf9f049b098dbaa8afa4ee44bb5", "best_bid": "0.31", "best_ask": "0.33"}], "timestamp": "1769384515085", "event_type": "price_change"}}
{"_local_timestamp": "2026-01-25T23:41:55.150630+00:00", "data": {"market": "0xa9c0c820fd79b4339ed4711288ce15236196a6015234350f42b37341e9094398", "price_changes": [{"asset_id": "78438315737001038193507108078052969359305687599144926740526502005681502958823", "price": "0.09", "size": "450", "side": "BUY", "hash": "8b4c2e69d230d1e982560da0c2063b7aed96ecc2", "best_bid": "0.67", "best_ask": "0.69"}, {"asset_id": "91609514063242777856043730063938310894548353925882406409927495687846407164056", "price": "0.91", "size": "450", "side": "SELL", "hash": "de451b9284fd014914f055b535d45f9a38054c52", "best_bid": "0.31", "best_ask": "0.33"}], "timestamp": "1769384515086", "event_type": "price_change"}}
{"_local_timestamp": "2026-01-25T23:41:56.918544+00:00", "data": {"market": "0xa9c0c820fd79b4339ed4711288ce15236196a6015234350f42b37341e9094398", "price_changes": [{"asset_id": "78438315737001038193507108078052969359305687599144926740526502005681502958823", "price": "0.15", "size": "0", "side": "BUY", "hash": "c2f50c9040b54e8b036db2db44c952f1215c03fb", "best_bid": "0.67", "best_ask": "0.69"}, {"asset_id": "91609514063242777856043730063938310894548353925882406409927495687846407164056", "price": "0.85", "size": "0", "side": "SELL", "hash": "c4cd89038d20d7bd05764a4e2395f305b25980e9", "best_bid": "0.31", "best_ask": "0.33"}], "timestamp": "1769384516852", "event_type": "price_change"}}
{"_local_timestamp": "2026-01-25T23:41:56.919383+00:00", "data": {"market": "0xa9c0c820fd79b4339ed4711288ce15236196a6015234350f42b37341e9094398", "price_changes": [{"asset_id": "78438315737001038193507108078052969359305687599144926740526502005681502958823", "price": "0.14", "size": "250", "side": "BUY", "hash": "a0308cd4517c11dc2c8029373265e6017fffa253", "best_bid": "0.67", "best_ask": "0.69"}, {"asset_id": "91609514063242777856043730063938310894548353925882406409927495687846407164056", "price": "0.86", "size": "250", "side": "SELL", "hash": "f1b6e956a5df386639ae4597518cbf03f59512e5", "best_bid": "0.31", "best_ask": "0.33"}], "timestamp": "1769384516853", "event_type": "price_change"}}
{"_local_timestamp": "2026-01-25T23:41:59.462478+00:00", "data": {"market": "0xa9c0c820fd79b4339ed4711288ce15236196a6015234350f42b37341e9094398", "price_changes": [{"asset_id": "91609514063242777856043730063938310894548353925882406409927495687846407164056", "price": "0.01", "size": "14275.55", "side": "BUY", "hash": "2fe8b435cb9d16d6fdc38c17a27badd942448bdb", "best_bid": "0.31", "best_ask": "0.33"}, {"asset_id": "78438315737001038193507108078052969359305687599144926740526502005681502958823", "price": "0.99", "size": "14275.55", "side": "SELL", "hash": "16da5c77d1ec1b3f37bb97aa5a7c02cc84599e9e", "best_bid": "0.67", "best_ask": "0.69"}], "timestamp": "1769384519386", "event_type": "price_change"}}
{"_local_timestamp": "2026-01-25T23:42:06.792758+00:00", "data": {"market": "0xa9c0c820fd79b4339ed4711288ce15236196a6015234350f42b37341e9094398", "price_changes": [{"asset_id": "78438315737001038193507108078052969359305687599144926740526502005681502958823", "price": "0.11", "size": "0", "side": "BUY", "hash": "06be70d9759d0288b197fba970e46d1941728e32", "best_bid": "0.67", "best_ask": "0.69"}, {"asset_id": "91609514063242777856043730063938310894548353925882406409927495687846407164056", "price": "0.89", "size": "0", "side": "SELL", "hash": "faccfd91eb8ed21cfcc9d721d8ac6a534cd1302a", "best_bid": "0.31", "best_ask": "0.33"}], "timestamp": "1769384526728", "event_type": "price_change"}}
{"_local_timestamp": "2026-01-25T23:42:06.793931+00:00", "data": {"market": "0xa9c0c820fd79b4339ed4711288ce15236196a6015234350f42b37341e9094398", "price_changes": [{"asset_id": "78438315737001038193507108078052969359305687599144926740526502005681502958823", "price": "0.09", "size": "250", "side": "BUY", "hash": "06be70d9759d0288b197fba970e46d1941728e32", "best_bid": "0.67", "best_ask": "0.69"}, {"asset_id": "91609514063242777856043730063938310894548353925882406409927495687846407164056", "price": "0.91", "size": "250", "side": "SELL", "hash": "faccfd91eb8ed21cfcc9d721d8ac6a534cd1302a", "best_bid": "0.31", "best_ask": "0.33"}], "timestamp": "1769384526728", "event_type": "price_change"}}
{"_local_timestamp": "2026-01-25T23:42:06.876864+00:00", "data": {"market": "0xa9c0c820fd79b4339ed4711288ce15236196a6015234350f42b37341e9094398", "price_changes": [{"asset_id": "91609514063242777856043730063938310894548353925882406409927495687846407164056", "price": "0.02", "size": "256.21", "side": "BUY", "hash": "5cbae5d9af6e8ed22b99656d9ca02bd0eacf421f", "best_bid": "0.31", "best_ask": "0.33"}, {"asset_id": "78438315737001038193507108078052969359305687599144926740526502005681502958823", "price": "0.98", "size": "256.21", "side": "SELL", "hash": "22bf1089f7559eb1bf118892818227eb0cd980a3", "best_bid": "0.67", "best_ask": "0.69"}], "timestamp": "1769384526806", "event_type": "price_change"}}
{"_local_timestamp": "2026-01-25T23:42:07.068886+00:00", "data": {"market": "0xa9c0c820fd79b4339ed4711288ce15236196a6015234350f42b37341e9094398", "price_changes": [{"asset_id": "78438315737001038193507108078052969359305687599144926740526502005681502958823", "price": "0.07", "size": "3999.11", "side": "BUY", "hash": "ec8c255cadec32f775193807c23d4cf4c9e18eca", "best_bid": "0.67", "best_ask": "0.69"}, {"asset_id": "91609514063242777856043730063938310894548353925882406409927495687846407164056", "price": "0.93", "size": "3999.11", "side": "SELL", "hash": "b6ce230ee63b897320776abb163461a9aff69417", "best_bid": "0.31", "best_ask": "0.33"}], "timestamp": "1769384526998", "event_type": "price_change"}}
{"_local_timestamp": "2026-01-25T23:42:07.069817+00:00", "data": {"market": "0xa9c0c820fd79b4339ed4711288ce15236196a6015234350f42b37341e9094398", "price_changes": [{"asset_id": "78438315737001038193507108078052969359305687599144926740526502005681502958823", "price": "0.14", "size": "450", "side": "BUY", "hash": "0b3b7347695f84a387ec09edb190b827047ddda6", "best_bid": "0.67", "best_ask": "0.69"}, {"asset_id": "91609514063242777856043730063938310894548353925882406409927495687846407164056", "price": "0.86", "size": "450", "side": "SELL", "hash": "cada5ce630a9f73bf08a74ef53d3f3079b94038f", "best_bid": "0.31", "best_ask": "0.33"}], "timestamp": "1769384526998", "event_type": "price_change"}}
{"_local_timestamp": "2026-01-25T23:42:07.102121+00:00", "data": {"market": "0xa9c0c820fd79b4339ed4711288ce15236196a6015234350f42b37341e9094398", "price_changes": [{"asset_id": "78438315737001038193507108078052969359305687599144926740526502005681502958823", "price": "0.14", "size": "250", "side": "BUY", "hash": "9f6c2cbc613d34b7a76fcc6913602ea367de1406", "best_bid": "0.67", "best_ask": "0.69"}, {"asset_id": "91609514063242777856043730063938310894548353925882406409927495687846407164056", "price": "0.86", "size": "250", "side": "SELL", "hash": "22af44fcdda29359ad4f32ba3bec26d10d85d7ec", "best_bid": "0.31", "best_ask": "0.33"}], "timestamp": "1769384527039", "event_type": "price_change"}}
{"_local_timestamp": "2026-01-25T23:42:07.102986+00:00", "data": {"market": "0xa9c0c820fd79b4339ed4711288ce15236196a6015234350f42b37341e9094398", "price_changes": [{"asset_id": "78438315737001038193507108078052969359305687599144926740526502005681502958823", "price": "0.15", "size": "200", "side": "BUY", "hash": "ca21f955d73c1b9837f11f3318a867451b19d75e", "best_bid": "0.67", "best_ask": "0.69"}, {"asset_id": "91609514063242777856043730063938310894548353925882406409927495687846407164056", "price": "0.85", "size": "200", "side": "SELL", "hash": "e507e4eae8bb51a69e3426f7973b643f479e0d15", "best_bid": "0.31", "best_ask": "0.33"}], "timestamp": "1769384527040", "event_type": "price_change"}}
{"_local_timestamp": "2026-01-25T23:42:18.036458+00:00", "data": {"market": "0xa9c0c820fd79b4339ed4711288ce15236196a6015234350f42b37341e9094398", "price_changes": [{"asset_id": "91609514063242777856043730063938310894548353925882406409927495687846407164056", "price": "0.34", "size": "0", "side": "SELL", "hash": "e6def08585908a062e4db2976bbce6a3a3979d71", "best_bid": "0.31", "best_ask": "0.33"}, {"asset_id": "78438315737001038193507108078052969359305687599144926740526502005681502958823", "price": "0.66", "size": "0", "side": "BUY", "hash": "8416e5ff25ef15d8a8911bb5b8b30c1872a7460a", "best_bid": "0.67", "best_ask": "0.69"}], "timestamp": "1769384537944", "event_type": "price_change"}}
{"_local_timestamp": "2026-01-25T23:42:18.233464+00:00", "data": {"market": "0xa9c0c820fd79b4339ed4711288ce15236196a6015234350f42b37341e9094398", "price_changes": [{"asset_id": "78438315737001038193507108078052969359305687599144926740526502005681502958823", "price": "0.14", "size": "50", "side": "BUY", "hash": "1e8dad39a8f87d4dc9ab2c977bdf61ac39e0d0c9", "best_bid": "0.67", "best_ask": "0.69"}, {"asset_id": "91609514063242777856043730063938310894548353925882406409927495687846407164056", "price": "0.86", "size": "50", "side": "SELL", "hash": "6351dad2cff83165d5ec5de2bd54d974ad7cd8eb", "best_bid": "0.31", "best_ask": "0.33"}], "timestamp": "1769384538155", "event_type": "price_change"}}
{"_local_timestamp": "2026-01-25T23:42:18.276075+00:00", "data": {"market": "0xa9c0c820fd79b4339ed4711288ce15236196a6015234350f42b37341e9094398", "price_changes": [{"asset_id": "78438315737001038193507108078052969359305687599144926740526502005681502958823", "price": "0.15", "size": "0", "side": "BUY", "hash": "aed61d380f3d208a3bd33ebdf0e0fd09ac531f68", "best_bid": "0.67", "best_ask": "0.69"}, {"asset_id": "91609514063242777856043730063938310894548353925882406409927495687846407164056", "price": "0.85", "size": "0", "side": "SELL", "hash": "8a3a4b89bf9f6abed3e21dba01a0d3b59551f7e9", "best_bid": "0.31", "best_ask": "0.33"}], "timestamp": "1769384538200", "event_type": "price_change"}}
{"_local_timestamp": "2026-01-25T23:42:18.283878+00:00", "data": {"market": "0xa9c0c820fd79b4339ed4711288ce15236196a6015234350f42b37341e9094398", "price_changes": [{"asset_id": "78438315737001038193507108078052969359305687599144926740526502005681502958823", "price": "0.14", "size": "250", "side": "BUY", "hash": "a9566aa70f3c8c7d5f21a32d18729a1788912561", "best_bid": "0.67", "best_ask": "0.69"}, {"asset_id": "91609514063242777856043730063938310894548353925882406409927495687846407164056", "price": "0.86", "size": "250", "side": "SELL", "hash": "d7756ed8769d2716a5b4e30b2d327e836c2a1cf9", "best_bid": "0.31", "best_ask": "0.33"}], "timestamp": "1769384538203", "event_type": "price_change"}}
{"_local_timestamp": "2026-01-25T23:42:18.508240+00:00", "data": {"market": "0xa9c0c820fd79b4339ed4711288ce15236196a6015234350f42b37341e9094398", "price_changes": [{"asset_id": "78438315737001038193507108078052969359305687599144926740526502005681502958823", "price": "0.15", "size": "200", "side": "BUY", "hash": "a519f33084d5eefb92f507d1e21cadfe27e669b1", "best_bid": "0.67", "best_ask": "0.69"}, {"asset_id": "91609514063242777856043730063938310894548353925882406409927495687846407164056", "price": "0.85", "size": "200", "side": "SELL", "hash": "2eb140e46a0c6cd9869fb0546836e964a80c1f70", "best_bid": "0.31", "best_ask": "0.33"}], "timestamp": "1769384538424", "event_type": "price_change"}}
{"_local_timestamp": "2026-01-25T23:42:18.860010+00:00", "data": {"market": "0xa9c0c820fd79b4339ed4711288ce15236196a6015234350f42b37341e9094398", "price_changes": [{"asset_id": "91609514063242777856043730063938310894548353925882406409927495687846407164056", "price": "0.34", "size": "6.8", "side": "SELL", "hash": "2363490ec51411cf38e4f33827e6b123fa747e6a", "best_bid": "0.31", "best_ask": "0.33"}, {"asset_id": "78438315737001038193507108078052969359305687599144926740526502005681502958823", "price": "0.66", "size": "6.8", "side": "BUY", "hash": "54a4b7dbf5840cd41952df87209adf7f95909c97", "best_bid": "0.67", "best_ask": "0.69"}], "timestamp": "1769384538775", "event_type": "price_change"}}
{"_local_timestamp": "2026-01-25T23:42:20.290125+00:00", "data": {"market": "0xa9c0c820fd79b4339ed4711288ce15236196a6015234350f42b37341e9094398", "price_changes": [{"asset_id": "78438315737001038193507108078052969359305687599144926740526502005681502958823", "price": "0.14", "size": "50", "side": "BUY", "hash": "adf4ef4e75d46506009803a6d9fdce9e5353ab0e", "best_bid": "0.67", "best_ask": "0.69"}, {"asset_id": "91609514063242777856043730063938310894548353925882406409927495687846407164056", "price": "0.86", "size": "50", "side": "SELL", "hash": "b1253536551309d1f32cfa04aa1ecc8484b568a7", "best_bid": "0.31", "best_ask": "0.33"}], "timestamp": "1769384540203", "event_type": "price_change"}}
{"_local_timestamp": "2026-01-25T23:42:20.291118+00:00", "data": {"market": "0xa9c0c820fd79b4339ed4711288ce15236196a6015234350f42b37341e9094398", "price_changes": [{"asset_id": "78438315737001038193507108078052969359305687599144926740526502005681502958823", "price": "0.16", "size": "200", "side": "BUY", "hash": "0f62b07c8105244689e41c3291e4581e93ff904a", "best_bid": "0.67", "best_ask": "0.69"}, {"asset_id": "91609514063242777856043730063938310894548353925882406409927495687846407164056", "price": "0.84", "size": "200", "side": "SELL", "hash": "dd5c15cd7d49d15a78d6d5f47ac7a17caba42a5c", "best_bid": "0.31", "best_ask": "0.33"}], "timestamp": "1769384540204", "event_type": "price_change"}}
{"_local_timestamp": "2026-01-25T23:42:23.179460+00:00", "data": {"market": "0xa9c0c820fd79b4339ed4711288ce15236196a6015234350f42b37341e9094398", "price_changes": [{"asset_id": "91609514063242777856043730063938310894548353925882406409927495687846407164056", "price": "0.02", "size": "156.21", "side": "BUY", "hash": "6910f0ee15d11d173d461053c2ae0b7ad9040923", "best_bid": "0.31", "best_ask": "0.33"}, {"asset_id": "78438315737001038193507108078052969359305687599144926740526502005681502958823", "price": "0.98", "size": "156.21", "side": "SELL", "hash": "160ae54681fdecca269efbf13669d81863942eee", "best_bid": "0.67", "best_ask": "0.69"}], "timestamp": "1769384543026", "event_type": "price_change"}}
{"_local_timestamp": "2026-01-25T23:42:23.492657+00:00", "data": {"market": "0xa9c0c820fd79b4339ed4711288ce15236196a6015234350f42b37341e9094398", "price_changes": [{"asset_id": "91609514063242777856043730063938310894548353925882406409927495687846407164056", "price": "0.01", "size": "14375.55", "side": "BUY", "hash": "9204af8599c69fb24a54815e36f505880edac74d", "best_bid": "0.31", "best_ask": "0.33"}, {"asset_id": "78438315737001038193507108078052969359305687599144926740526502005681502958823", "price": "0.99", "size": "14375.55", "side": "SELL", "hash": "c4c74588f43eb75fa9161d2649a173d7ad5f023f", "best_bid": "0.67", "best_ask": "0.69"}], "timestamp": "1769384543388", "event_type": "price_change"}}
{"_local_timestamp": "2026-01-25T23:42:29.074173+00:00", "data": {"market": "0xa9c0c820fd79b4339ed4711288ce15236196a6015234350f42b37341e9094398", "price_changes": [{"asset_id": "78438315737001038193507108078052969359305687599144926740526502005681502958823", "price": "0.15", "size": "0", "side": "BUY", "hash": "71aee9a46b1b0a0ef0247ae53d3f486a9f1b9f3a", "best_bid": "0.67", "best_ask": "0.69"}, {"asset_id": "91609514063242777856043730063938310894548353925882406409927495687846407164056", "price": "0.85", "size": "0", "side": "SELL", "hash": "9697dd6e80f971cc8817f4fbe440a23558079ed9", "best_bid": "0.31", "best_ask": "0.33"}], "timestamp": "1769384548960", "event_type": "price_change"}}
{"_local_timestamp": "2026-01-25T23:42:29.114770+00:00", "data": {"market": "0xa9c0c820fd79b4339ed4711288ce15236196a6015234350f42b37341e9094398", "price_changes": [{"asset_id": "78438315737001038193507108078052969359305687599144926740526502005681502958823", "price": "0.16", "size": "0", "side": "BUY", "hash": "0c1ff45d66d4049a1278bf2a1b873598bb8786e5", "best_bid": "0.67", "best_ask": "0.69"}, {"asset_id": "91609514063242777856043730063938310894548353925882406409927495687846407164056", "price": "0.84", "size": "0", "side": "SELL", "hash": "2b57365099f8e440bac8b6d8901a81331528384a", "best_bid": "0.31", "best_ask": "0.33"}], "timestamp": "1769384549002", "event_type": "price_change"}}
{"_local_timestamp": "2026-01-25T23:42:29.122922+00:00", "data": {"market": "0xa9c0c820fd79b4339ed4711288ce15236196a6015234350f42b37341e9094398", "price_changes": [{"asset_id": "78438315737001038193507108078052969359305687599144926740526502005681502958823", "price": "0.14", "size": "250", "side": "BUY", "hash": "86cc972ebd99bc0361376a899b2faf77a3137778", "best_bid": "0.67", "best_ask": "0.69"}, {"asset_id": "91609514063242777856043730063938310894548353925882406409927495687846407164056", "price": "0.86", "size": "250", "side": "SELL", "hash": "4cc54ea6d7bcc21c404223b39a8697df3830605e", "best_bid": "0.31", "best_ask": "0.33"}], "timestamp": "1769384549016", "event_type": "price_change"}}
{"_local_timestamp": "2026-01-25T23:42:29.328750+00:00", "data": {"market": "0xa9c0c820fd79b4339ed4711288ce15236196a6015234350f42b37341e9094398", "price_changes": [{"asset_id": "78438315737001038193507108078052969359305687599144926740526502005681502958823", "price": "0.11", "size": "200", "side": "BUY", "hash": "9148c573bd0950409d2742a14f8a2c448f11e729", "best_bid": "0.67", "best_ask": "0.69"}, {"asset_id": "91609514063242777856043730063938310894548353925882406409927495687846407164056", "price": "0.89", "size": "200", "side": "SELL", "hash": "4c21ce23ce4d4913ce5e055bc76c0c32febad328", "best_bid": "0.31", "best_ask": "0.33"}], "timestamp": "1769384549228", "event_type": "price_change"}}
{"_local_timestamp": "2026-01-25T23:42:40.016981+00:00", "data": {"market": "0xa9c0c820fd79b4339ed4711288ce15236196a6015234350f42b37341e9094398", "price_changes": [{"asset_id": "78438315737001038193507108078052969359305687599144926740526502005681502958823", "price": "0.11", "size": "0", "side": "BUY", "hash": "3feef48b07d35347d62a2556ccf9e45ef240cab6", "best_bid": "0.67", "best_ask": "0.69"}, {"asset_id": "91609514063242777856043730063938310894548353925882406409927495687846407164056", "price": "0.89", "size": "0", "side": "SELL", "hash": "982de01a8624dfde4167f94252f0d11c040c7a5e", "best_bid": "0.31", "best_ask": "0.33"}], "timestamp": "1769384559910", "event_type": "price_change"}}
{"_local_timestamp": "2026-01-25T23:42:40.282175+00:00", "data": {"market": "0xa9c0c820fd79b4339ed4711288ce15236196a6015234350f42b37341e9094398", "price_changes": [{"asset_id": "78438315737001038193507108078052969359305687599144926740526502005681502958823", "price": "0.14", "size": "450", "side": "BUY", "hash": "11c8a77144033d669647704b92d93ed4faf00cfb", "best_bid": "0.67", "best_ask": "0.69"}, {"asset_id": "91609514063242777856043730063938310894548353925882406409927495687846407164056", "price": "0.86", "size": "450", "side": "SELL", "hash": "9c3f84a8bbb02f53c2df446ce47ab986aa46390d", "best_bid": "0.31", "best_ask": "0.33"}], "timestamp": "1769384560162", "event_type": "price_change"}}
{"_local_timestamp": "2026-01-25T23:42:40.322708+00:00", "data": {"market": "0xa9c0c820fd79b4339ed4711288ce15236196a6015234350f42b37341e9094398", "price_changes": [{"asset_id": "78438315737001038193507108078052969359305687599144926740526502005681502958823", "price": "0.14", "size": "250", "side": "BUY", "hash": "6c7d42c0c1bc0ba37bb8bb6c9ca69101d4d6573f", "best_bid": "0.67", "best_ask": "0.69"}, {"asset_id": "91609514063242777856043730063938310894548353925882406409927495687846407164056", "price": "0.86", "size": "250", "side": "SELL", "hash": "bfcb939d929a9d5722de32a8fd1232fecda83a0c", "best_bid": "0.31", "best_ask": "0.33"}], "timestamp": "1769384560218", "event_type": "price_change"}}
{"_local_timestamp": "2026-01-25T23:42:40.328805+00:00", "data": {"market": "0xa9c0c820fd79b4339ed4711288ce15236196a6015234350f42b37341e9094398", "price_changes": [{"asset_id": "78438315737001038193507108078052969359305687599144926740526502005681502958823", "price": "0.15", "size": "200", "side": "BUY", "hash": "df73ea33d8e112957b0e2060262d8658abccc2b0", "best_bid": "0.67", "best_ask": "0.69"}, {"asset_id": "91609514063242777856043730063938310894548353925882406409927495687846407164056", "price": "0.85", "size": "200", "side": "SELL", "hash": "e2ecf53f9d66fe0e9e57642a9361788b7b7935ca", "best_bid": "0.31", "best_ask": "0.33"}], "timestamp": "1769384560223", "event_type": "price_change"}}
{"_local_timestamp": "2026-01-25T23:42:51.230070+00:00", "data": {"market": "0xa9c0c820fd79b4339ed4711288ce15236196a6015234350f42b37341e9094398", "price_changes": [{"asset_id": "78438315737001038193507108078052969359305687599144926740526502005681502958823", "price": "0.14", "size": "50", "side": "BUY", "hash": "d215a4aaa448665b2aca3f4e2df65bc5f07260f4", "best_bid": "0.67", "best_ask": "0.69"}, {"asset_id": "91609514063242777856043730063938310894548353925882406409927495687846407164056", "price": "0.86", "size": "50", "side": "SELL", "hash": "084f0b6b4a833563a91216e115056dd98073ddd1", "best_bid": "0.31", "best_ask": "0.33"}], "timestamp": "1769384571134", "event_type": "price_change"}}
{"_local_timestamp": "2026-01-25T23:42:51.271279+00:00", "data": {"market": "0xa9c0c820fd79b4339ed4711288ce15236196a6015234350f42b37341e9094398", "price_changes": [{"asset_id": "78438315737001038193507108078052969359305687599144926740526502005681502958823", "price": "0.15", "size": "0", "side": "BUY", "hash": "020d7f524a3bf04edf011ada27f59d6ea75539eb", "best_bid": "0.67", "best_ask": "0.69"}, {"asset_id": "91609514063242777856043730063938310894548353925882406409927495687846407164056", "price": "0.85", "size": "0", "side": "SELL", "hash": "f02ff929956ef1eb0aec1283e71f6deb8650fe8d", "best_bid": "0.31", "best_ask": "0.33"}], "timestamp": "1769384571173", "event_type": "price_change"}}
{"_local_timestamp": "2026-01-25T23:42:51.310087+00:00", "data": {"market": "0xa9c0c820fd79b4339ed4711288ce15236196a6015234350f42b37341e9094398", "price_changes": [{"asset_id": "78438315737001038193507108078052969359305687599144926740526502005681502958823", "price": "0.14", "size": "250", "side": "BUY", "hash": "b915db85ef6d14f632cc2479acd6b40527232836", "best_bid": "0.67", "best_ask": "0.69"}, {"asset_id": "91609514063242777856043730063938310894548353925882406409927495687846407164056", "price": "0.86", "size": "250", "side": "SELL", "hash": "2fe8daacae232c7ef02d3fcd24bd6b1946b115dc", "best_bid": "0.31", "best_ask": "0.33"}], "timestamp": "1769384571174", "event_type": "price_change"}}
{"_local_timestamp": "2026-01-25T23:42:51.545418+00:00", "data": {"market": "0xa9c0c820fd79b4339ed4711288ce15236196a6015234350f42b37341e9094398", "price_changes": [{"asset_id": "78438315737001038193507108078052969359305687599144926740526502005681502958823", "price": "0.15", "size": "200", "side": "BUY", "hash": "a6f7ec7d89695d12978a1953fee36a11441e5348", "best_bid": "0.67", "best_ask": "0.69"}, {"asset_id": "91609514063242777856043730063938310894548353925882406409927495687846407164056", "price": "0.85", "size": "200", "side": "SELL", "hash": "dd533833e31e0b343d4ca3c32b90991552215083", "best_bid": "0.31", "best_ask": "0.33"}], "timestamp": "1769384571437", "event_type": "price_change"}}
{"_local_timestamp": "2026-01-25T23:42:53.283693+00:00", "data": {"market": "0xa9c0c820fd79b4339ed4711288ce15236196a6015234350f42b37341e9094398", "price_changes": [{"asset_id": "78438315737001038193507108078052969359305687599144926740526502005681502958823", "price": "0.16", "size": "200", "side": "BUY", "hash": "2284e0dd4e3e0205c5c48be5d7e928f6badfe341", "best_bid": "0.67", "best_ask": "0.69"}, {"asset_id": "91609514063242777856043730063938310894548353925882406409927495687846407164056", "price": "0.84", "size": "200", "side": "SELL", "hash": "e6ec34e4cd3b4d5a4aca624e21655119ad92894e", "best_bid": "0.31", "best_ask": "0.33"}], "timestamp": "1769384573173", "event_type": "price_change"}}
{"_local_timestamp": "2026-01-25T23:42:53.300838+00:00", "data": {"market": "0xa9c0c820fd79b4339ed4711288ce15236196a6015234350f42b37341e9094398", "price_changes": [{"asset_id": "78438315737001038193507108078052969359305687599144926740526502005681502958823", "price": "0.14", "size": "50", "side": "BUY", "hash": "dec3edb08c5449dfa642493d9c198d6f9a800c71", "best_bid": "0.67", "best_ask": "0.69"}, {"asset_id": "91609514063242777856043730063938310894548353925882406409927495687846407164056", "price": "0.86", "size": "50", "side": "SELL", "hash": "4d8fd11d38249c32202b9ac81763149741462ebc", "best_bid": "0.31", "best_ask": "0.33"}], "timestamp": "1769384573183", "event_type": "price_change"}}
{"_local_timestamp": "2026-01-25T23:43:02.761828+00:00", "data": {"market": "0xa9c0c820fd79b4339ed4711288ce15236196a6015234350f42b37341e9094398", "price_changes": [{"asset_id": "78438315737001038193507108078052969359305687599144926740526502005681502958823", "price": "0.15", "size": "0", "side": "BUY", "hash": "3c0ab5f0b855eb696199d6b4704bb1b433ac4de7", "best_bid": "0.67", "best_ask": "0.69"}, {"asset_id": "91609514063242777856043730063938310894548353925882406409927495687846407164056", "price": "0.85", "size": "0", "side": "SELL", "hash": "23b9549702d7cc29bfa324bb7018f2ca8f5b98dc", "best_bid": "0.31", "best_ask": "0.33"}], "timestamp": "1769384582655", "event_type": "price_change"}}
{"_local_timestamp": "2026-01-25T23:43:02.827917+00:00", "data": {"market": "0xa9c0c820fd79b4339ed4711288ce15236196a6015234350f42b37341e9094398", "price_changes": [{"asset_id": "78438315737001038193507108078052969359305687599144926740526502005681502958823", "price": "0.14", "size": "250", "side": "BUY", "hash": "64c20b2de3638b1106532bb5aebc46101d3634f2", "best_bid": "0.67", "best_ask": "0.69"}, {"asset_id": "91609514063242777856043730063938310894548353925882406409927495687846407164056", "price": "0.86", "size": "250", "side": "SELL", "hash": "8c2f48e0b6bce4ff9209259a82bd0b6f473b838f", "best_bid": "0.31", "best_ask": "0.33"}], "timestamp": "1769384582718", "event_type": "price_change"}}
{"_local_timestamp": "2026-01-25T23:43:02.828958+00:00", "data": {"market": "0xa9c0c820fd79b4339ed4711288ce15236196a6015234350f42b37341e9094398", "price_changes": [{"asset_id": "78438315737001038193507108078052969359305687599144926740526502005681502958823", "price": "0.16", "size": "0", "side": "BUY", "hash": "7a4b2b133824b2f86dda83db9990a5f68f3069b6", "best_bid": "0.67", "best_ask": "0.69"}, {"asset_id": "91609514063242777856043730063938310894548353925882406409927495687846407164056", "price": "0.84", "size": "0", "side": "SELL", "hash": "cf2805baa937e19a179291d7355f8d28c52f78e8", "best_bid": "0.31", "best_ask": "0.33"}], "timestamp": "1769384582719", "event_type": "price_change"}}
{"_local_timestamp": "2026-01-25T23:43:03.341943+00:00", "data": {"market": "0xa9c0c820fd79b4339ed4711288ce15236196a6015234350f42b37341e9094398", "price_changes": [{"asset_id": "78438315737001038193507108078052969359305687599144926740526502005681502958823", "price": "0.11", "size": "200", "side": "BUY", "hash": "19593971c5ceaad7366943b5009b5b4c930fdd17", "best_bid": "0.67", "best_ask": "0.69"}, {"asset_id": "91609514063242777856043730063938310894548353925882406409927495687846407164056", "price": "0.89", "size": "200", "side": "SELL", "hash": "ec4ff5b771514114e21196b2adf774fd024cb347", "best_bid": "0.31", "best_ask": "0.33"}], "timestamp": "1769384583248", "event_type": "price_change"}}
{"_local_timestamp": "2026-01-25T23:43:13.681123+00:00", "data": {"market": "0xa9c0c820fd79b4339ed4711288ce15236196a6015234350f42b37341e9094398", "price_changes": [{"asset_id": "78438315737001038193507108078052969359305687599144926740526502005681502958823", "price": "0.11", "size": "0", "side": "BUY", "hash": "112dadbdff9dd7f19c71476e9473c4104827d64c", "best_bid": "0.67", "best_ask": "0.69"}, {"asset_id": "91609514063242777856043730063938310894548353925882406409927495687846407164056", "price": "0.89", "size": "0", "side": "SELL", "hash": "706a2473b17e834ecbb2fa0cce4938511cae6ca3", "best_bid": "0.31", "best_ask": "0.33"}], "timestamp": "1769384593556", "event_type": "price_change"}}
{"_local_timestamp": "2026-01-25T23:43:13.936793+00:00", "data": {"market": "0xa9c0c820fd79b4339ed4711288ce15236196a6015234350f42b37341e9094398", "price_changes": [{"asset_id": "78438315737001038193507108078052969359305687599144926740526502005681502958823", "price": "0.14", "size": "450", "side": "BUY", "hash": "da4b3634c223b004478c5043cd7d1b8e4c7bfe7f", "best_bid": "0.67", "best_ask": "0.69"}, {"asset_id": "91609514063242777856043730063938310894548353925882406409927495687846407164056", "price": "0.86", "size": "450", "side": "SELL", "hash": "c389cc0a5ad4ddc8265e18bda3f368e3c367d554", "best_bid": "0.31", "best_ask": "0.33"}], "timestamp": "1769384593814", "event_type": "price_change"}}
{"_local_timestamp": "2026-01-25T23:43:13.991966+00:00", "data": {"market": "0xa9c0c820fd79b4339ed4711288ce15236196a6015234350f42b37341e9094398", "price_changes": [{"asset_id": "78438315737001038193507108078052969359305687599144926740526502005681502958823", "price": "0.15", "size": "200", "side": "BUY", "hash": "333b02da8db146c2d19c875eafa17d651d42dddd", "best_bid": "0.67", "best_ask": "0.69"}, {"asset_id": "91609514063242777856043730063938310894548353925882406409927495687846407164056", "price": "0.85", "size": "200", "side": "SELL", "hash": "8720401dc56fc10e9e17c0217ec4e7ab0702b4ea", "best_bid": "0.31", "best_ask": "0.33"}], "timestamp": "1769384593851", "event_type": "price_change"}}
{"_local_timestamp": "2026-01-25T23:43:13.993010+00:00", "data": {"market": "0xa9c0c820fd79b4339ed4711288ce15236196a6015234350f42b37341e9094398", "price_changes": [{"asset_id": "78438315737001038193507108078052969359305687599144926740526502005681502958823", "price": "0.14", "size": "250", "side": "BUY", "hash": "d527a236cf9f0f2fe59bd01c8bdae81da7db2c42", "best_bid": "0.67", "best_ask": "0.69"}, {"asset_id": "91609514063242777856043730063938310894548353925882406409927495687846407164056", "price": "0.86", "size": "250", "side": "SELL", "hash": "0942679e8fc79bfb7951b0b9f4e097bfb19df80b", "best_bid": "0.31", "best_ask": "0.33"}], "timestamp": "1769384593851", "event_type": "price_change"}}
