{"_local_timestamp": "2026-01-25T23:41:09.032654+00:00", "data": [{"market": "0x538be58810bd07707c1e849da9b4de12dc6617739c2e87043ea9b7fb2b6266c3", "asset_id": "41247652063966004401306857419416685235874842651432515489339067969075836389387", "timestamp": "1769384401586", "hash": "ed582b0ec520dbdd077ae9b2e4f8488c5f2390c1", "bids": [{"price": "0.01", "size": "14091.22"}, {"price": "0.02", "size": "2450"}, {"price": "0.03", "size": "8.03"}, {"price": "0.07", "size": "3999.11"}, {"price": "0.08", "size": "2799.11"}, {"price": "0.09", "size": "7.34"}, {"price": "0.12", "size": "450"}, {"price": "0.14", "size": "50"}, {"price": "0.2", "size": "400"}, {"price": "0.21", "size": "200"}, {"price": "0.27", "size": "200"}, {"price": "0.34", "size": "100"}, {"price": "0.37", "size": "300"}, {"price": "0.41", "size": "200"}, {"price": "0.45", "size": "125"}, {"price": "0.48", "size": "75"}, {"price": "0.5", "size": "933"}, {"price": "0.62", "size": "1000"}, {"price": "0.63", "size": "720.63"}, {"price": "0.64", "size": "17.18"}, {"price": "0.66", "size": "20"}, {"price": "0.67", "size": "436.21"}, {"price": "0.68", "size": "670.52"}, {"price": "0.69", "size": "198.93"}, {"price": "0.7", "size": "7108.37"}, {"price": "0.71", "size": "1250.5"}, {"price": "0.72", "size": "205"}], "asks": [{"price": "0.99", "size": "11289.46"}, {"price": "0.98", "size": "292"}, {"price": "0.97", "size": "30.65"}, {"price": "0.9", "size": "100"}, {"price": "0.89", "size": "833"}, {"price": "0.87", "size": "300"}, {"price": "0.86", "size": "200"}, {"price": "0.85", "size": "100"}, {"price": "0.84", "size": "325"}, {"price": "0.83", "size": "151.47"}, {"price": "0.82", "size": "261.11"}, {"price": "0.8", "size": "1200"}, {"price": "0.79", "size": "500"}, {"price": "0.77", "size": "100"}, {"price": "0.76", "size": "90"}, {"price": "0.75", "size": "20.7"}], "event_type": "book", "last_trade_price": "0.250"}, {"market": "0x538be58810bd07707c1e849da9b4de12dc6617739c2e87043ea9b7fb2b6266c3", "asset_id": "58617143502730239165118144708053321823503557172455753166265292779077877259718", "timestamp": "1769384401586", "hash": "fe4be63ea0c06e7f4956b124331a3c76cd84608a", "bids": [{"price": "0.01", "size": "11289.46"}, {"price": "0.02", "size": "292"}, {"price": "0.03", "size": "30.65"}, {"price": "0.1", "size": "100"}, {"price": "0.11", "size": "833"}, {"price": "0.13", "size": "300"}, {"price": "0.14", "size": "200"}, {"price": "0.15", "size": "100"}, {"price": "0.16", "size": "325"}, {"price": "0.17", "size": "151.47"}, {"price": "0.18", "size": "261.11"}, {"price": "0.2", "size": "1200"}, {"price": "0.21", "size": "500"}, {"price": "0.23", "size": "100"}, {"price": "0.24", "size": "90"}, {"price": "0.25", "size": "20.7"}], "asks": [{"price": "0.99", "size": "14091.22"}, {"price": "0.98", "size": "2450"}, {"price": "0.97", "size": "8.03"}, {"price": "0.93", "size": "3999.11"}, {"price": "0.92", "size": "2799.11"}, {"price": "0.91", "size": "7.34"}, {"price": "0.88", "size": "450"}, {"price": "0.86", "size": "50"}, {"price": "0.8", "size": "400"}, {"price": "0.79", "size": "200"}, {"price": "0.73", "size": "200"}, {"price": "0.66", "size": "100"}, {"price": "0.63", "size": "300"}, {"price": "0.59", "size": "200"}, {"price": "0.55", "size": "125"}, {"price": "0.52", "size": "75"}, {"price": "0.5", "size": "933"}, {"price": "0.38", "size": "1000"}, {"price": "0.37", "size": "720.63"}, {"price": "0.36", "size": "17.18"}, {"price": "0.34", "size": "20"}, {"price": "0.33", "size": "436.21"}, {"price": "0.32", "size": "670.52"}, {"price": "0.31", "size": "198.93"}, {"price": "0.3", "size": "7108.37"}, {"price": "0.29", "size": "1250.5"}, {"price": "0.28", "size": "205"}], "event_type": "book", "last_trade_price": "0.250"}]}
{"_local_timestamp": "2026-01-25T23:41:13.738535+00:00", "data": {"market": "0x538be58810bd07707c1e849da9b4de12dc6617739c2e87043ea9b7fb2b6266c3", "price_changes": [{"asset_id": "41247652063966004401306857419416685235874842651432515489339067969075836389387", "price": "0.72", "size": "5", "side": "BUY", "hash": "58d14de363fb4a5dc243888033d4916d0ed5486b", "best_bid": "0.72", "best_ask": "0.75"}, {"asset_id": "58617143502730239165118144708053321823503557172455753166265292779077877259718", "price": "0.28", "size": "5", "side": "SELL", "hash": "43cac785fed378dddfaab0d41ac0852ecb844ac4", "best_bid": "0.25", "best_ask": "0.28"}], "timestamp": "1769384473672", "event_type": "price_change"}}
{"_local_timestamp": "2026-01-25T23:41:13.747531+00:00", "data": {"market": "0x538be58810bd07707c1e849da9b4de12dc6617739c2e87043ea9b7fb2b6266c3", "price_changes": [{"asset_id": "41247652063966004401306857419416685235874842651432515489339067969075836389387", "price": "0.7", "size": "7308.37", "side": "BUY", "hash": "9d7ea0f7bbdabcff98d420dae6029518aaed085e", "best_bid": "0.72", "best_ask": "0.75"}, {"asset_id": "58617143502730239165118144708053321823503557172455753166265292779077877259718", "price": "0.3", "size": "7308.37", "side": "SELL", "hash": "88fecb33b0a05bb35e0ed87ec19851069142c6f3", "best_bid": "0.25", "best_ask": "0.28"}], "timestamp": "1769384473678", "event_type": "price_change"}}
{"_local_timestamp": "2026-01-25T23:41:15.764588+00:00", "data": {"market": "0x538be58810bd07707c1e849da9b4de12dc6617739c2e87043ea9b7fb2b6266c3", "price_changes": [{"asset_id": "41247652063966004401306857419416685235874842651432515489339067969075836389387", "price": "0.71", "size": "1450.5", "side": "BUY", "hash": "fde7b7320346c41d1509ef2bf049b8ee66ff80a1", "best_bid": "0.72", "best_ask": "0.75"}, {"asset_id": "58617143502730239165118144708053321823503557172455753166265292779077877259718", "price": "0.29", "size": "1450.5", "side": "SELL", "hash": "5a4041d8376c3133b3b104a2c886ab6a0f903c07", "best_bid": "0.25", "best_ask": "0.28"}], "timestamp": "1769384475675", "event_type": "price_change"}}
{"_local_timestamp": "2026-01-25T23:41:15.765341+00:00", "data": {"market": "0x538be58810bd07707c1e849da9b4de12dc6617739c2e87043ea9b7fb2b6266c3", "price_changes": [{"asset_id": "41247652063966004401306857419416685235874842651432515489339067969075836389387", "price": "0.7", "size": "7108.37", "side": "BUY", "hash": "f8321f63bfd4bee3a311eb1569988eb82ec29e4a", "best_bid": "0.72", "best_ask": "0.75"}, {"asset_id": "58617143502730239165118144708053321823503557172455753166265292779077877259718", "price": "0.3", "size": "7108.37", "side": "SELL", "hash": "81391220834ea0d98c6158558d4735d514a108ef", "best_bid": "0.25", "best_ask": "0.28"}], "timestamp": "1769384475679", "event_type": "price_change"}}
{"_local_timestamp": "2026-01-25T23:42:29.479323+00:00", "data": {"market": "0x538be58810bd07707c1e849da9b4de12dc6617739c2e87043ea9b7fb2b6266c3", "price_changes": [{"asset_id": "41247652063966004401306857419416685235874842651432515489339067969075836389387", "price": "0.71", "size": "1250.5", "side": "BUY", "hash": "96f7a65bcc44fcd47b51817a40c398e287e70f51", "best_bid": "0.72", "best_ask": "0.75"}, {"asset_id": "58617143502730239165118144708053321823503557172455753166265292779077877259718", "price": "0.29", "size": "1250.5", "side": "SELL", "hash": "7ba42201098369253eed910b6f20586195f951b4", "best_bid": "0.25", "best_ask": "0.28"}], "timestamp": "1769384549381", "event_type": "price_change"}}
{"_local_timestamp": "2026-01-25T23:42:29.480401+00:00", "data": {"market": "0x538be58810bd07707c1e849da9b4de12dc6617739c2e87043ea9b7fb2b6266c3", "price_changes": [{"asset_id": "41247652063966004401306857419416685235874842651432515489339067969075836389387", "price": "0.7", "size": "7308.37", "side": "BUY", "hash": "7ede4336a9ea1de92c234dd393155de5f84be5ac", "best_bid": "0.72", "best_ask": "0.75"}, {"asset_id": "58617143502730239165118144708053321823503557172455753166265292779077877259718", "price": "0.3", "size": "7308.37", "side": "SELL", "hash": "4f4115fcb0bf1ac07d827d0366fbabe44ea182ba", "best_bid": "0.25", "best_ask": "0.28"}], "timestamp": "1769384549382", "event_type": "price_change"}}
{"_local_timestamp": "2026-01-25T23:42:31.478107+00:00", "data": {"market": "0x538be58810bd07707c1e849da9b4de12dc6617739c2e87043ea9b7fb2b6266c3", "price_changes": [{"asset_id": "41247652063966004401306857419416685235874842651432515489339067969075836389387", "price": "0.7", "size": "7108.37", "side": "BUY", "hash": "60b831108524acdfed275f4c5c8054219cce6895", "best_bid": "0.72", "best_ask": "0.75"}, {"asset_id": "58617143502730239165118144708053321823503557172455753166265292779077877259718", "price": "0.3", "size": "7108.37", "side": "SELL", "hash": "6e4de08bc2d90f3592662363e7ffa87e024c81e8", "best_bid": "0.25", "best_ask": "0.28"}], "timestamp": "1769384551379", "event_type": "price_change"}}
{"_local_timestamp": "2026-01-25T23:42:31.482516+00:00", "data": {"market": "0x538be58810bd07707c1e849da9b4de12dc6617739c2e87043ea9b7fb2b6266c3", "price_changes": [{"asset_id": "41247652063966004401306857419416685235874842651432515489339067969075836389387", "price": "0.72", "size": "205", "side": "BUY", "hash": "ae8c07194b79ad2807c628772c5b4d7cf5b5141e", "best_bid": "0.72", "best_ask": "0.75"}, {"asset_id": "58617143502730239165118144708053321823503557172455753166265292779077877259718", "price": "0.28", "size": "205", "side": "SELL", "hash": "237d8468ee5986145b7e86a15d8250a75f5a11f6", "best_bid": "0.25", "best_ask": "0.28"}], "timestamp": "1769384551380", "event_type": "price_change"}}
{"_local_timestamp": "2026-01-25T23:43:41.023787+00:00", "data": {"market": "0x538be58810bd07707c1e849da9b4de12dc6617739c2e87043ea9b7fb2b6266c3", "price_changes": [{"asset_id": "41247652063966004401306857419416685235874842651432515489339067969075836389387", "price": "0.72", "size": "5", "side": "BUY", "hash": "3cdebbdaf400eb8bf0eadc786f1a9b29da13c48f", "best_bid": "0.72", "best_ask": "0.75"}, {"asset_id": "58617143502730239165118144708053321823503557172455753166265292779077877259718", "price": "0.28", "size": "5", "side": "SELL", "hash": "44d4414b1866665230bf11336e9abc0257df903b", "best_bid": "0.25", "best_ask": "0.28"}], "timestamp": "1769384620904", "event_type": "price_change"}}
{"_local_timestamp": "2026-01-25T23:43:41.032366+00:00", "data": {"market": "0x538be58810bd07707c1e849da9b4de12dc6617739c2e87043ea9b7fb2b6266c3", "price_changes": [{"asset_id": "41247652063966004401306857419416685235874842651432515489339067969075836389387", "price": "0.7", "size": "7308.37", "side": "BUY", "hash": "3063a951dab51dce5a8285ffe6c01a14d83ffcbd", "best_bid": "0.72", "best_ask": "0.75"}, {"asset_id": "58617143502730239165118144708053321823503557172455753166265292779077877259718", "price": "0.3", "size": "7308.37", "side": "SELL", "hash": "ab19ac7645635ac94103ab1459eeff634c748398", "best_bid": "0.25", "best_ask": "0.28"}], "timestamp": "1769384620908", "event_type": "price_change"}}
{"_local_timestamp": "2026-01-25T23:43:43.004872+00:00", "data": {"market": "0x538be58810bd07707c1e849da9b4de12dc6617739c2e87043ea9b7fb2b6266c3", "price_changes": [{"asset_id": "41247652063966004401306857419416685235874842651432515489339067969075836389387", "price": "0.7", "size": "7108.37", "side": "BUY", "hash": "ddb65553387688a70d77826cd7f7bfc9cc96483f", "best_bid": "0.72", "best_ask": "0.75"}, {"asset_id": "58617143502730239165118144708053321823503557172455753166265292779077877259718", "price": "0.3", "size": "7108.37", "side": "SELL", "hash": "be28830514b7e1c5d124679347ec78de95b7345a", "best_bid": "0.25", "best_ask": "0.28"}], "timestamp": "1769384622908", "event_type": "price_change"}}
{"_local_timestamp": "2026-01-25T23:43:43.007408+00:00", "data": {"market": "0x538be58810bd07707c1e849da9b4de12dc6617739c2e87043ea9b7fb2b6266c3", "price_changes": [{"asset_id": "41247652063966004401306857419416685235874842651432515489339067969075836389387", "price": "0.71", "size": "1450.5", "side": "BUY", "hash": "5cd6313d9ee65f5ec0e82d85b9d24ae0a232b729", "best_bid": "0.72", "best_ask": "0.75"}, {"asset_id": "58617143502730239165118144708053321823503557172455753166265292779077877259718", "price": "0.29", "size": "1450.5", "side": "SELL", "hash": "d9170dfca4f0fedab4c8798b1bb958cd79fb8e2b", "best_bid": "0.25", "best_ask": "0.28"}], "timestamp": "1769384622912", "event_type": "price_change"}}
{"_local_timestamp": "2026-01-25T23:44:47.790282+00:00", "data": {"market": "0x538be58810bd07707c1e849da9b4de12dc6617739c2e87043ea9b7fb2b6266c3", "price_changes": [{"asset_id": "41247652063966004401306857419416685235874842651432515489339067969075836389387", "price": "0.71", "size": "1250.5", "side": "BUY", "hash": "7db449eec59194ef5fa2018472c337964f97256a", "best_bid": "0.72", "best_ask": "0.75"}, {"asset_id": "58617143502730239165118144708053321823503557172455753166265292779077877259718", "price": "0.29", "size": "1250.5", "side": "SELL", "hash": "8d7a04cf4db58ce6e921bb465350f4efc63765af", "best_bid": "0.25", "best_ask": "0.28"}], "timestamp": "1769384687491", "event_type": "price_change"}}
{"_local_timestamp": "2026-01-25T23:44:47.792226+00:00", "data": {"market": "0x538be58810bd07707c1e849da9b4de12dc6617739c2e87043ea9b7fb2b6266c3", "price_changes": [{"asset_id": "41247652063966004401306857419416685235874842651432515489339067969075836389387", "price": "0.7", "size": "7308.37", "side": "BUY", "hash": "b8f0b155968e066b683e05a6313942c39fbc4b7a", "best_bid": "0.72", "best_ask": "0.75"}, {"asset_id": "58617143502730239165118144708053321823503557172455753166265292779077877259718", "price": "0.3", "size": "7308.37", "side": "SELL", "hash": "2000de025b1a8a8ef03664f12e4de513f27b0870", "best_bid": "0.25", "best_ask": "0.28"}], "timestamp": "1769384687496", "event_type": "price_change"}}
