{"_local_timestamp": "2026-01-25T23:41:07.445072+00:00", "data": [{"market": "0xfa2de983f8642c0f61c6c9f6890144c00569720c7ac4966fa14ae61887805119", "asset_id": "111430850586280057072383206477547388489809466081864228712689433849450823637864", "timestamp": "1769384466939", "hash": "054b16448731ef9872bc6fae3b3452a0924aec31", "bids": [{"price": "0.01", "size": "100888.92"}, {"price": "0.02", "size": "21.5"}, {"price": "0.04", "size": "1250"}, {"price": "0.05", "size": "16.61"}, {"price": "0.13", "size": "822"}, {"price": "0.14", "size": "1500"}, {"price": "0.15", "size": "150"}, {"price": "0.17", "size": "500"}, {"price": "0.18", "size": "400"}, {"price": "0.19", "size": "80"}, {"price": "0.21", "size": "61.9"}, {"price": "0.23", "size": "47.82"}, {"price": "0.25", "size": "213.83"}, {"price": "0.26", "size": "209"}, {"price": "0.27", "size": "220.52"}, {"price": "0.28", "size": "205"}, {"price": "0.31", "size": "193"}, {"price": "0.35", "size": "200"}, {"price": "0.36", "size": "31"}], "asks": [{"price": "0.99", "size": "102288.18"}, {"price": "0.98", "size": "1400"}, {"price": "0.97", "size": "9.97"}, {"price": "0.94", "size": "1200"}, {"price": "0.9", "size": "6.49"}, {"price": "0.88", "size": "600"}, {"price": "0.85", "size": "425"}, {"price": "0.7", "size": "100"}, {"price": "0.65", "size": "50"}, {"price": "0.61", "size": "10"}, {"price": "0.6", "size": "205.83"}, {"price": "0.57", "size": "188"}, {"price": "0.55", "size": "44"}, {"price": "0.53", "size": "788.84"}, {"price": "0.52", "size": "116"}, {"price": "0.51", "size": "12"}, {"price": "0.49", "size": "58"}, {"price": "0.48", "size": "16"}, {"price": "0.47", "size": "20"}, {"price": "0.46", "size": "20"}, {"price": "0.4", "size": "29.2"}], "event_type": "book", "last_trade_price": "0.400"}, {"market": "0xfa2de983f8642c0f61c6c9f6890144c00569720c7ac4966fa14ae61887805119", "asset_id": "100867343898929430052757546050745655715685585456696690891892865600379098158025", "timestamp": "1769384466939", "hash": "8d099e0d82a69029db15902572cf684507c31b6f", "bids": [{"price": "0.01", "size": "102288.18"}, {"price": "0.02", "size": "1400"}, {"price": "0.03", "size": "9.97"}, {"price": "0.06", "size": "1200"}, {"price": "0.1", "size": "6.49"}, {"price": "0.12", "size": "600"}, {"price": "0.15", "size": "425"}, {"price": "0.3", "size": "100"}, {"price": "0.35", "size": "50"}, {"price": "0.39", "size": "10"}, {"price": "0.4", "size": "205.83"}, {"price": "0.43", "size": "188"}, {"price": "0.45", "size": "44"}, {"price": "0.47", "size": "788.84"}, {"price": "0.48", "size": "116"}, {"price": "0.49", "size": "12"}, {"price": "0.51", "size": "58"}, {"price": "0.52", "size": "16"}, {"price": "0.53", "size": "20"}, {"price": "0.54", "size": "20"}, {"price": "0.6", "size": "29.2"}], "asks": [{"price": "0.99", "size": "100888.92"}, {"price": "0.98", "size": "21.5"}, {"price": "0.96", "size": "1250"}, {"price": "0.95", "size": "16.61"}, {"price": "0.87", "size": "822"}, {"price": "0.86", "size": "1500"}, {"price": "0.85", "size": "150"}, {"price": "0.83", "size": "500"}, {"price": "0.82", "size": "400"}, {"price": "0.81", "size": "80"}, {"price": "0.79", "size": "61.9"}, {"price": "0.77", "size": "47.82"}, {"price": "0.75", "size": "213.83"}, {"price": "0.74", "size": "209"}, {"price": "0.73", "size": "220.52"}, {"price": "0.72", "size": "205"}, {"price": "0.69", "size": "193"}, {"price": "0.65", "size": "200"}, {"price": "0.64", "size": "31"}], "event_type": "book", "last_trade_price": "0.400"}]}
{"_local_timestamp": "2026-01-25T23:41:08.714440+00:00", "data": {"market": "0xfa2de983f8642c0f61c6c9f6890144c00569720c7ac4966fa14ae61887805119", "price_changes": [{"asset_id": "111430850586280057072383206477547388489809466081864228712689433849450823637864", "price": "0.4", "size": "22.2", "side": "SELL", "hash": "8c89451085b9b390e4fd9111a2ebdc4f56ba59eb", "best_bid": "0.36", "best_ask": "0.4"}, {"asset_id": "100867343898929430052757546050745655715685585456696690891892865600379098158025", "price": "0.6", "size": "22.2", "side": "BUY", "hash": "bb59a8766839edba942c1fe3f0a5e7daed5e07ab", "best_bid": "0.6", "best_ask": "0.64"}], "timestamp": "1769384468647", "event_type": "price_change"}}
{"_local_timestamp": "2026-01-25T23:41:08.715213+00:00", "data": {"market": "0xfa2de983f8642c0f61c6c9f6890144c00569720c7ac4966fa14ae61887805119", "asset_id": "111430850586280057072383206477547388489809466081864228712689433849450823637864", "bids": [{"price": "0.01", "size": "100888.92"}, {"price": "0.02", "size": "21.5"}, {"price": "0.04", "size": "1250"}, {"price": "0.05", "size": "16.61"}, {"price": "0.13", "size": "822"}, {"price": "0.14", "size": "1500"}, {"price": "0.15", "size": "150"}, {"price": "0.17", "size": "500"}, {"price": "0.18", "size": "400"}, {"price": "0.19", "size": "80"}, {"price": "0.21", "size": "61.9"}, {"price": "0.23", "size": "47.82"}, {"price": "0.25", "size": "213.83"}, {"price": "0.26", "size": "209"}, {"price": "0.27", "size": "220.52"}, {"price": "0.28", "size": "205"}, {"price": "0.31", "size": "193"}, {"price": "0.35", "size": "200"}, {"price": "0.36", "size": "31"}], "asks": [{"price": "0.99", "size": "102288.18"}, {"price": "0.98", "size": "1400"}, {"price": "0.97", "size": "9.97"}, {"price": "0.94", "size": "1200"}, {"price": "0.9", "size": "6.49"}, {"price": "0.88", "size": "600"}, {"price": "0.85", "size": "425"}, {"price": "0.7", "size": "100"}, {"price": "0.65", "size": "50"}, {"price": "0.61", "size": "10"}, {"price": "0.6", "size": "205.83"}, {"price": "0.57", "size": "188"}, {"price": "0.55", "size": "44"}, {"price": "0.53", "size": "788.84"}, {"price": "0.52", "size": "116"}, {"price": "0.51", "size": "12"}, {"price": "0.49", "size": "58"}, {"price": "0.48", "size": "16"}, {"price": "0.47", "size": "20"}, {"price": "0.46", "size": "20"}, {"price": "0.4", "size": "22.2"}], "hash": "8c89451085b9b390e4fd9111a2ebdc4f56ba59eb", "timestamp": "1769384468647", "event_type": "book"}}
{"_local_timestamp": "2026-01-25T23:41:08.715642+00:00", "data": {"market": "0xfa2de983f8642c0f61c6c9f6890144c00569720c7ac4966fa14ae61887805119", "asset_id": "100867343898929430052757546050745655715685585456696690891892865600379098158025", "bids": [{"price": "0.01", "size": "102288.18"}, {"price": "0.02", "size": "1400"}, {"price": "0.03", "size": "9.97"}, {"price": "0.06", "size": "1200"}, {"price": "0.1", "size": "6.49"}, {"price": "0.12", "size": "600"}, {"price": "0.15", "size": "425"}, {"price": "0.3", "size": "100"}, {"price": "0.35", "size": "50"}, {"price": "0.39", "size": "10"}, {"price": "0.4", "size": "205.83"}, {"price": "0.43", "size": "188"}, {"price": "0.45", "size": "44"}, {"price": "0.47", "size": "788.84"}, {"price": "0.48", "size": "116"}, {"price": "0.49", "size": "12"}, {"price": "0.51", "size": "58"}, {"price": "0.52", "size": "16"}, {"price": "0.53", "size": "20"}, {"price": "0.54", "size": "20"}, {"price": "0.6", "size": "22.2"}], "asks": [{"price": "0.99", "size": "100888.92"}, {"price": "0.98", "size": "21.5"}, {"price": "0.96", "size": "1250"}, {"price": "0.95", "size": "16.61"}, {"price": "0.87", "size": "822"}, {"price": "0.86", "size": "1500"}, {"price": "0.85", "size": "150"}, {"price": "0.83", "size": "500"}, {"price": "0.82", "size": "400"}, {"price": "0.81", "size": "80"}, {"price": "0.79", "size": "61.9"}, {"price": "0.77", "size": "47.82"}, {"price": "0.75", "size": "213.83"}, {"price": "0.74", "size": "209"}, {"price": "0.73", "size": "220.52"}, {"price": "0.72", "size": "205"}, {"price": "0.69", "size": "193"}, {"price": "0.65", "size": "200"}, {"price": "0.64", "size": "31"}], "hash": "bb59a8766839edba942c1fe3f0a5e7daed5e07ab", "timestamp": "1769384468647", "event_type": "book"}}
{"_local_timestamp": "2026-01-25T23:41:08.739663+00:00", "data": {"market": "0xfa2de983f8642c0f61c6c9f6890144c00569720c7ac4966fa14ae61887805119", "asset_id": "111430850586280057072383206477547388489809466081864228712689433849450823637864", "price": "0.4", "size": "7", "fee_rate_bps": "0", "side": "BUY", "timestamp": "1769384468675", "event_type": "last_trade_price", "transaction_hash": "0x225be29be959817cb7d1b088f8aac9eb9629958328a6da1b8269d31ef19a9ac2"}}
{"_local_timestamp": "2026-01-25T23:41:09.326561+00:00", "data": {"market": "0xfa2de983f8642c0f61c6c9f6890144c00569720c7ac4966fa14ae61887805119", "price_changes": [{"asset_id": "111430850586280057072383206477547388489809466081864228712689433849450823637864", "price": "0.13", "size": "0", "side": "BUY", "hash": "bcb5b87742c3c02ff047590c78279aeaf29b4522", "best_bid": "0.36", "best_ask": "0.4"}, {"asset_id": "100867343898929430052757546050745655715685585456696690891892865600379098158025", "price": "0.87", "size": "0", "side": "SELL", "hash": "eefc16d0190caed10f3fae8265f97415f47e5e05", "best_bid": "0.6", "best_ask": "0.64"}], "timestamp": "1769384469265", "event_type": "price_change"}}
{"_local_timestamp": "2026-01-25T23:41:10.668623+00:00", "data": {"market": "0xfa2de983f8642c0f61c6c9f6890144c00569720c7ac4966fa14ae61887805119", "price_changes": [{"asset_id": "111430850586280057072383206477547388489809466081864228712689433849450823637864", "price": "0.31", "size": "0", "side": "BUY", "hash": "c819c937b60d00d23aa3ed0479056ab7cf6540a1", "best_bid": "0.36", "best_ask": "0.4"}, {"asset_id": "100867343898929430052757546050745655715685585456696690891892865600379098158025", "price": "0.69", "size": "0", "side": "SELL", "hash": "3f84389be8da69eeb2577417258d8c69fd5f1093", "best_bid": "0.6", "best_ask": "0.64"}], "timestamp": "1769384470604", "event_type": "price_change"}}
{"_local_timestamp": "2026-01-25T23:41:10.676294+00:00", "data": {"market": "0xfa2de983f8642c0f61c6c9f6890144c00569720c7ac4966fa14ae61887805119", "price_changes": [{"asset_id": "111430850586280057072383206477547388489809466081864228712689433849450823637864", "price": "0.33", "size": "189", "side": "BUY", "hash": "15c5ce0c5cc094cf60069af631c4a06de12544da", "best_bid": "0.36", "best_ask": "0.4"}, {"asset_id": "100867343898929430052757546050745655715685585456696690891892865600379098158025", "price": "0.67", "size": "189", "side": "SELL", "hash": "4b5dff1f16a018f41e7efede13bc97e030bce145", "best_bid": "0.6", "best_ask": "0.64"}], "timestamp": "1769384470606", "event_type": "price_change"}}
{"_local_timestamp": "2026-01-25T23:41:12.673000+00:00", "data": {"market": "0xfa2de983f8642c0f61c6c9f6890144c00569720c7ac4966fa14ae61887805119", "price_changes": [{"asset_id": "111430850586280057072383206477547388489809466081864228712689433849450823637864", "price": "0.33", "size": "0", "side": "BUY", "hash": "07d2abbb9f8f9efbb63315e495635c27b4ccd372", "best_bid": "0.36", "best_ask": "0.4"}, {"asset_id": "100867343898929430052757546050745655715685585456696690891892865600379098158025", "price": "0.67", "size": "0", "side": "SELL", "hash": "47f284e2ca7c3ca66a32fd92c558a6d3909dddb6", "best_bid": "0.6", "best_ask": "0.64"}], "timestamp": "1769384472609", "event_type": "price_change"}}
{"_local_timestamp": "2026-01-25T23:41:12.768379+00:00", "data": {"market": "0xfa2de983f8642c0f61c6c9f6890144c00569720c7ac4966fa14ae61887805119", "price_changes": [{"asset_id": "111430850586280057072383206477547388489809466081864228712689433849450823637864", "price": "0.31", "size": "190", "side": "BUY", "hash": "a26eafaf16752e92b894358d43fb928a6e6365bd", "best_bid": "0.36", "best_ask": "0.4"}, {"asset_id": "100867343898929430052757546050745655715685585456696690891892865600379098158025", "price": "0.69", "size": "190", "side": "SELL", "hash": "0e787d61552b3dd4f619e25c24f7ca12a56627ea", "best_bid": "0.6", "best_ask": "0.64"}], "timestamp": "1769384472688", "event_type": "price_change"}}
