{"_local_timestamp": "2026-01-25T23:34:00.111995+00:00", "data": [{"market": "0x09aa5f4210ff3e17e65072e73bf084a1d72246ec712b8d33c4efbc958192a435", "asset_id": "112460056466301987895624067988030855175451380171501724318327858610989988015996", "timestamp": "1769384036264", "hash": "0cb8f7f291cabc1152d54948597f66aad3018886", "bids": [{"price": "0.01", "size": "101809.82"}, {"price": "0.02", "size": "2450"}, {"price": "0.03", "size": "8.07"}, {"price": "0.06", "size": "2000"}, {"price": "0.08", "size": "350"}, {"price": "0.09", "size": "7.32"}, {"price": "0.12", "size": "900"}, {"price": "0.14", "size": "50"}, {"price": "0.2", "size": "400"}, {"price": "0.21", "size": "200"}, {"price": "0.27", "size": "200"}, {"price": "0.34", "size": "100"}, {"price": "0.43", "size": "822"}, {"price": "0.5", "size": "100"}, {"price": "0.51", "size": "1500"}, {"price": "0.52", "size": "150"}, {"price": "0.59", "size": "63.83"}, {"price": "0.6", "size": "5"}, {"price": "0.61", "size": "9.99"}, {"price": "0.62", "size": "20.96"}, {"price": "0.63", "size": "217.46"}, {"price": "0.65", "size": "222.79"}, {"price": "0.66", "size": "20"}, {"price": "0.67", "size": "21.35"}, {"price": "0.68", "size": "12"}, {"price": "0.69", "size": "4008"}, {"price": "0.7", "size": "894.64"}, {"price": "0.71", "size": "220"}, {"price": "0.72", "size": "666"}, {"price": "0.73", "size": "17"}], "asks": [{"price": "0.99", "size": "44490"}, {"price": "0.98", "size": "156.66"}, {"price": "0.97", "size": "227"}, {"price": "0.96", "size": "21.66"}, {"price": "0.94", "size": "200"}, {"price": "0.93", "size": "200"}, {"price": "0.83", "size": "822"}, {"price": "0.82", "size": "150"}, {"price": "0.81", "size": "200"}, {"price": "0.8", "size": "265"}, {"price": "0.79", "size": "700"}, {"price": "0.78", "size": "151"}, {"price": "0.77", "size": "20"}, {"price": "0.75", "size": "70"}, {"price": "0.74", "size": "192.98"}], "event_type": "book", "last_trade_price": "0.270"}, {"market": "0x09aa5f4210ff3e17e65072e73bf084a1d72246ec712b8d33c4efbc958192a435", "asset_id": "26587715511882279305915423150785410312515132578982630802567001325158618057442", "timestamp": "1769384036264", "hash": "d321750270c25b46d02c11de60ed757ea423ce89", "bids": [{"price": "0.01", "size": "44490"}, {"price": "0.02", "size": "156.66"}, {"price": "0.03", "size": "227"}, {"price": "0.04", "size": "21.66"}, {"price": "0.06", "size": "200"}, {"price": "0.07", "size": "200"}, {"price": "0.17", "size": "822"}, {"price": "0.18", "size": "150"}, {"price": "0.19", "size": "200"}, {"price": "0.2", "size": "265"}, {"price": "0.21", "size": "700"}, {"price": "0.22", "size": "151"}, {"price": "0.23", "size": "20"}, {"price": "0.25", "size": "70"}, {"price": "0.26", "size": "192.98"}], "asks": [{"price": "0.99", "size": "101809.82"}, {"price": "0.98", "size": "2450"}, {"price": "0.97", "size": "8.07"}, {"price": "0.94", "size": "2000"}, {"price": "0.92", "size": "350"}, {"price": "0.91", "size": "7.32"}, {"price": "0.88", "size": "900"}, {"price": "0.86", "size": "50"}, {"price": "0.8", "size": "400"}, {"price": "0.79", "size": "200"}, {"price": "0.73", "size": "200"}, {"price": "0.66", "size": "100"}, {"price": "0.57", "size": "822"}, {"price": "0.5", "size": "100"}, {"price": "0.49", "size": "1500"}, {"price": "0.48", "size": "150"}, {"price": "0.41", "size": "63.83"}, {"price": "0.4", "size": "5"}, {"price": "0.39", "size": "9.99"}, {"price": "0.38", "size": "20.96"}, {"price": "0.37", "size": "217.46"}, {"price": "0.35", "size": "222.79"}, {"price": "0.34", "size": "20"}, {"price": "0.33", "size": "21.35"}, {"price": "0.32", "size": "12"}, {"price": "0.31", "size": "4008"}, {"price": "0.3", "size": "894.64"}, {"price": "0.29", "size": "220"}, {"price": "0.28", "size": "666"}, {"price": "0.27", "size": "17"}], "event_type": "book", "last_trade_price": "0.270"}]}
{"_local_timestamp": "2026-01-25T23:34:07.075359+00:00", "data": {"market": "0x09aa5f4210ff3e17e65072e73bf084a1d72246ec712b8d33c4efbc958192a435", "price_changes": [{"asset_id": "26587715511882279305915423150785410312515132578982630802567001325158618057442", "price": "0.06", "size": "0", "side": "BUY", "hash": "d626e8c86720611ac8f1a29ed643cb22514e9006", "best_bid": "0.26", "best_ask": "0.27"}, {"asset_id": "112460056466301987895624067988030855175451380171501724318327858610989988015996", "price": "0.94", "size": "0", "side": "SELL", "hash": "9c4323dee8ced1d22d4677cfa00f46c5d9630c4b", "best_bid": "0.73", "best_ask": "0.74"}], "timestamp": "1769384046827", "event_type": "price_change"}}
{"_local_timestamp": "2026-01-25T23:34:07.111346+00:00", "data": {"market": "0x09aa5f4210ff3e17e65072e73bf084a1d72246ec712b8d33c4efbc958192a435", "price_changes": [{"asset_id": "26587715511882279305915423150785410312515132578982630802567001325158618057442", "price": "0.04", "size": "221.66", "side": "BUY", "hash": "28c682fdba10d7216d794567dce133367d40d601", "best_bid": "0.26", "best_ask": "0.27"}, {"asset_id": "112460056466301987895624067988030855175451380171501724318327858610989988015996", "price": "0.96", "size": "221.66", "side": "SELL", "hash": "fdcc8055bba5fa7f1f90764ea11d9a6d6f238b0a", "best_bid": "0.73", "best_ask": "0.74"}], "timestamp": "1769384046871", "event_type": "price_change"}}
{"_local_timestamp": "2026-01-25T23:34:07.127596+00:00", "data": {"market": "0x09aa5f4210ff3e17e65072e73bf084a1d72246ec712b8d33c4efbc958192a435", "price_changes": [{"asset_id": "26587715511882279305915423150785410312515132578982630802567001325158618057442", "price": "0.07", "size": "0", "side": "BUY", "hash": "18d351276db4ae5cb46d68a7a8251b06bde54188", "best_bid": "0.26", "best_ask": "0.27"}, {"asset_id": "112460056466301987895624067988030855175451380171501724318327858610989988015996", "price": "0.93", "size": "0", "side": "SELL", "hash": "235ea86945144d1de4c0984d4fc6f00f99df11e4", "best_bid": "0.73", "best_ask": "0.74"}], "timestamp": "1769384046878", "event_type": "price_change"}}
{"_local_timestamp": "2026-01-25T23:34:07.286677+00:00", "data": {"market": "0x09aa5f4210ff3e17e65072e73bf084a1d72246ec712b8d33c4efbc958192a435", "price_changes": [{"asset_id": "26587715511882279305915423150785410312515132578982630802567001325158618057442", "price": "0.07", "size": "200", "side": "BUY", "hash": "172952545ca43400fa488cdebdfdd472985ccc91", "best_bid": "0.26", "best_ask": "0.27"}, {"asset_id": "112460056466301987895624067988030855175451380171501724318327858610989988015996", "price": "0.93", "size": "200", "side": "SELL", "hash": "593f5632c71decf4b8f08b0cf25bee95d613df36", "best_bid": "0.73", "best_ask": "0.74"}], "timestamp": "1769384047053", "event_type": "price_change"}}
{"_local_timestamp": "2026-01-25T23:34:09.103688+00:00", "data": {"market": "0x09aa5f4210ff3e17e65072e73bf084a1d72246ec712b8d33c4efbc958192a435", "price_changes": [{"asset_id": "26587715511882279305915423150785410312515132578982630802567001325158618057442", "price": "0.08", "size": "200", "side": "BUY", "hash": "54d6579d9a2e713305bee809f79654209c1e7a5b", "best_bid": "0.26", "best_ask": "0.27"}, {"asset_id": "112460056466301987895624067988030855175451380171501724318327858610989988015996", "price": "0.92", "size": "200", "side": "SELL", "hash": "0f4e3b6315db3ec73ac41ebe7ad85827aebbb669", "best_bid": "0.73", "best_ask": "0.74"}], "timestamp": "1769384048864", "event_type": "price_change"}}
{"_local_timestamp": "2026-01-25T23:34:09.104158+00:00", "data": {"market": "0x09aa5f4210ff3e17e65072e73bf084a1d72246ec712b8d33c4efbc958192a435", "price_changes": [{"asset_id": "26587715511882279305915423150785410312515132578982630802567001325158618057442", "price": "0.04", "size": "21.66", "side": "BUY", "hash": "8294040cf7fd09ef7f98f4bca9a90eac45047845", "best_bid": "0.26", "best_ask": "0.27"}, {"asset_id": "112460056466301987895624067988030855175451380171501724318327858610989988015996", "price": "0.96", "size": "21.66", "side": "SELL", "hash": "58927d9721b6fd31a9a344767a2d965c94985bc8", "best_bid": "0.73", "best_ask": "0.74"}], "timestamp": "1769384048865", "event_type": "price_change"}}
{"_local_timestamp": "2026-01-25T23:34:19.364065+00:00", "data": {"market": "0x09aa5f4210ff3e17e65072e73bf084a1d72246ec712b8d33c4efbc958192a435", "price_changes": [{"asset_id": "26587715511882279305915423150785410312515132578982630802567001325158618057442", "price": "0.07", "size": "0", "side": "BUY", "hash": "dcdf9e40f909af148b62e961a100471ea51ba216", "best_bid": "0.26", "best_ask": "0.27"}, {"asset_id": "112460056466301987895624067988030855175451380171501724318327858610989988015996", "price": "0.93", "size": "0", "side": "SELL", "hash": "81ef6b1e18221e0eb91e0651b40e3d1bc3c4a66c", "best_bid": "0.73", "best_ask": "0.74"}], "timestamp": "1769384059134", "event_type": "price_change"}}
{"_local_timestamp": "2026-01-25T23:34:19.395173+00:00", "data": {"market": "0x09aa5f4210ff3e17e65072e73bf084a1d72246ec712b8d33c4efbc958192a435", "price_changes": [{"asset_id": "26587715511882279305915423150785410312515132578982630802567001325158618057442", "price": "0.08", "size": "0", "side": "BUY", "hash": "46a2a71e616bd553baa172ce3578d777af5d4118", "best_bid": "0.26", "best_ask": "0.27"}, {"asset_id": "112460056466301987895624067988030855175451380171501724318327858610989988015996", "price": "0.92", "size": "0", "side": "SELL", "hash": "5cd6feb97638ee58f898fbf15b52f0b0252bb877", "best_bid": "0.73", "best_ask": "0.74"}], "timestamp": "1769384059172", "event_type": "price_change"}}
{"_local_timestamp": "2026-01-25T23:34:19.409917+00:00", "data": {"market": "0x09aa5f4210ff3e17e65072e73bf084a1d72246ec712b8d33c4efbc958192a435", "price_changes": [{"asset_id": "26587715511882279305915423150785410312515132578982630802567001325158618057442", "price": "0.04", "size": "221.66", "side": "BUY", "hash": "3e7579af23b57c6c6fc51d09543e5457e2a904fe", "best_bid": "0.26", "best_ask": "0.27"}, {"asset_id": "112460056466301987895624067988030855175451380171501724318327858610989988015996", "price": "0.96", "size": "221.66", "side": "SELL", "hash": "87881258d55e0e872283f60e801418daacc6ac5b", "best_bid": "0.73", "best_ask": "0.74"}], "timestamp": "1769384059179", "event_type": "price_change"}}
{"_local_timestamp": "2026-01-25T23:34:21.394680+00:00", "data": {"market": "0x09aa5f4210ff3e17e65072e73bf084a1d72246ec712b8d33c4efbc958192a435", "price_changes": [{"asset_id": "26587715511882279305915423150785410312515132578982630802567001325158618057442", "price": "0.05", "size": "200", "side": "BUY", "hash": "c305c29510a57f86938a1fbee36ba961369c27b3", "best_bid": "0.26", "best_ask": "0.27"}, {"asset_id": "112460056466301987895624067988030855175451380171501724318327858610989988015996", "price": "0.95", "size": "200", "side": "SELL", "hash": "2c86b07eb2f1236538b94e2305fa939032b6248c", "best_bid": "0.73", "best_ask": "0.74"}], "timestamp": "1769384061174", "event_type": "price_change"}}
{"_local_timestamp": "2026-01-25T23:34:23.395287+00:00", "data": {"market": "0x09aa5f4210ff3e17e65072e73bf084a1d72246ec712b8d33c4efbc958192a435", "price_changes": [{"asset_id": "26587715511882279305915423150785410312515132578982630802567001325158618057442", "price": "0.05", "size": "0", "side": "BUY", "hash": "e105023c45276f3dc9d7883d45ae46f0ff2021ba", "best_bid": "0.26", "best_ask": "0.27"}, {"asset_id": "112460056466301987895624067988030855175451380171501724318327858610989988015996", "price": "0.95", "size": "0", "side": "SELL", "hash": "934e8bb72be8eb3dcc1a50cd57b61af075a4dfdf", "best_bid": "0.73", "best_ask": "0.74"}], "timestamp": "1769384063175", "event_type": "price_change"}}
{"_local_timestamp": "2026-01-25T23:34:31.336304+00:00", "data": {"market": "0x09aa5f4210ff3e17e65072e73bf084a1d72246ec712b8d33c4efbc958192a435", "price_changes": [{"asset_id": "26587715511882279305915423150785410312515132578982630802567001325158618057442", "price": "0.04", "size": "521.66", "side": "BUY", "hash": "7e9a92a3d6c6aee6d29e352d47885f0a85a948e8", "best_bid": "0.26", "best_ask": "0.27"}, {"asset_id": "112460056466301987895624067988030855175451380171501724318327858610989988015996", "price": "0.96", "size": "521.66", "side": "SELL", "hash": "40ccf2057a5e9fbc188467e62d78d519259ec98c", "best_bid": "0.73", "best_ask": "0.74"}], "timestamp": "1769384071097", "event_type": "price_change"}}
{"_local_timestamp": "2026-01-25T23:34:31.360049+00:00", "data": {"market": "0x09aa5f4210ff3e17e65072e73bf084a1d72246ec712b8d33c4efbc958192a435", "price_changes": [{"asset_id": "26587715511882279305915423150785410312515132578982630802567001325158618057442", "price": "0.22", "size": "50", "side": "BUY", "hash": "fb3e3ba6e1a71272bb7a39725f29aef00580a95a", "best_bid": "0.26", "best_ask": "0.27"}, {"asset_id": "112460056466301987895624067988030855175451380171501724318327858610989988015996", "price": "0.78", "size": "50", "side": "SELL", "hash": "15144d2414e221c2be594c59d99d038b144e7544", "best_bid": "0.73", "best_ask": "0.74"}], "timestamp": "1769384071123", "event_type": "price_change"}}
{"_local_timestamp": "2026-01-25T23:34:31.367256+00:00", "data": {"market": "0x09aa5f4210ff3e17e65072e73bf084a1d72246ec712b8d33c4efbc958192a435", "price_changes": [{"asset_id": "26587715511882279305915423150785410312515132578982630802567001325158618057442", "price": "0.04", "size": "321.66", "side": "BUY", "hash": "005ae2c8ada0e11e3944ca35cb724a2a5216dfba", "best_bid": "0.26", "best_ask": "0.27"}, {"asset_id": "112460056466301987895624067988030855175451380171501724318327858610989988015996", "price": "0.96", "size": "321.66", "side": "SELL", "hash": "9f265d2da4b14ec6f89d56e476275d3fdf476cc2", "best_bid": "0.73", "best_ask": "0.74"}], "timestamp": "1769384071134", "event_type": "price_change"}}
{"_local_timestamp": "2026-01-25T23:34:31.369469+00:00", "data": {"market": "0x09aa5f4210ff3e17e65072e73bf084a1d72246ec712b8d33c4efbc958192a435", "price_changes": [{"asset_id": "26587715511882279305915423150785410312515132578982630802567001325158618057442", "price": "0.05", "size": "200", "side": "BUY", "hash": "1a738e9c806712a466df67ca8b2eb6e3a4bed53d", "best_bid": "0.26", "best_ask": "0.27"}, {"asset_id": "112460056466301987895624067988030855175451380171501724318327858610989988015996", "price": "0.95", "size": "200", "side": "SELL", "hash": "a6ee3a8fa0a6d0b131c1b496a4ad4bc8966de09e", "best_bid": "0.73", "best_ask": "0.74"}], "timestamp": "1769384071135", "event_type": "price_change"}}
{"_local_timestamp": "2026-01-25T23:34:31.381582+00:00", "data": {"market": "0x09aa5f4210ff3e17e65072e73bf084a1d72246ec712b8d33c4efbc958192a435", "price_changes": [{"asset_id": "26587715511882279305915423150785410312515132578982630802567001325158618057442", "price": "0.22", "size": "220", "side": "BUY", "hash": "9d28d63808694e90baad9c64cb58729ccb7cd7c8", "best_bid": "0.26", "best_ask": "0.27"}, {"asset_id": "112460056466301987895624067988030855175451380171501724318327858610989988015996", "price": "0.78", "size": "220", "side": "SELL", "hash": "291757b11dab004562f961e2a65fd9a64986352f", "best_bid": "0.73", "best_ask": "0.74"}], "timestamp": "1769384071149", "event_type": "price_change"}}
