{"_local_timestamp": "2026-01-25T23:41:07.630221+00:00", "data": [{"market": "0x31ab55ffa13f6db8e57d399ea90d4efa108e4ea3ebe8254b8dd711ce0300a44b", "asset_id": "87800006559503182362481555183568667613755424315939426292124794493674893045177", "timestamp": "1769384461583", "hash": "fd285f9c90c5e4856713fd2e5910d9e831e94711", "bids": [{"price": "0.01", "size": "37205.23"}, {"price": "0.02", "size": "13846.44"}, {"price": "0.03", "size": "9.58"}, {"price": "0.04", "size": "210"}, {"price": "0.07", "size": "3699.11"}, {"price": "0.08", "size": "2799.11"}, {"price": "0.09", "size": "200"}, {"price": "0.1", "size": "100"}, {"price": "0.11", "size": "25.54"}, {"price": "0.14", "size": "550"}, {"price": "0.45", "size": "1200"}, {"price": "0.46", "size": "299.99"}, {"price": "0.48", "size": "27.08"}, {"price": "0.49", "size": "27.44"}, {"price": "0.5", "size": "20"}, {"price": "0.51", "size": "13.12"}, {"price": "0.53", "size": "212"}, {"price": "0.54", "size": "273.28"}], "asks": [{"price": "0.99", "size": "18441.13"}, {"price": "0.98", "size": "10852.51"}, {"price": "0.97", "size": "250"}, {"price": "0.96", "size": "7.28"}, {"price": "0.95", "size": "1500"}, {"price": "0.92", "size": "700"}, {"price": "0.9", "size": "20"}, {"price": "0.89", "size": "5.04"}, {"price": "0.85", "size": "2000"}, {"price": "0.78", "size": "1000"}, {"price": "0.77", "size": "100"}, {"price": "0.73", "size": "156.05"}, {"price": "0.68", "size": "5"}, {"price": "0.67", "size": "550"}, {"price": "0.66", "size": "200"}, {"price": "0.65", "size": "2976.61"}, {"price": "0.64", "size": "86.11"}, {"price": "0.63", "size": "4244.24"}, {"price": "0.62", "size": "1999.11"}, {"price": "0.61", "size": "235.87"}, {"price": "0.6", "size": "5653.05"}, {"price": "0.59", "size": "312"}, {"price": "0.58", "size": "48.35"}, {"price": "0.57", "size": "104.78"}], "event_type": "book", "last_trade_price": "0.570"}, {"market": "0x31ab55ffa13f6db8e57d399ea90d4efa108e4ea3ebe8254b8dd711ce0300a44b", "asset_id": "31428860764995724544124597589657026670448383816150346012391062875549930961545", "timestamp": "1769384461583", "hash": "d8f9d309178f34e2522376acc6b314c98e662254", "bids": [{"price": "0.01", "size": "18441.13"}, {"price": "0.02", "size": "10852.51"}, {"price": "0.03", "size": "250"}, {"price": "0.04", "size": "7.28"}, {"price": "0.05", "size": "1500"}, {"price": "0.08", "size": "700"}, {"price": "0.1", "size": "20"}, {"price": "0.11", "size": "5.04"}, {"price": "0.15", "size": "2000"}, {"price": "0.22", "size": "1000"}, {"price": "0.23", "size": "100"}, {"price": "0.27", "size": "156.05"}, {"price": "0.32", "size": "5"}, {"price": "0.33", "size": "550"}, {"price": "0.34", "size": "200"}, {"price": "0.35", "size": "2976.61"}, {"price": "0.36", "size": "86.11"}, {"price": "0.37", "size": "4244.24"}, {"price": "0.38", "size": "1999.11"}, {"price": "0.39", "size": "235.87"}, {"price": "0.4", "size": "5653.05"}, {"price": "0.41", "size": "312"}, {"price": "0.42", "size": "48.35"}, {"price": "0.43", "size": "104.78"}], "asks": [{"price": "0.99", "size": "37205.23"}, {"price": "0.98", "size": "13846.44"}, {"price": "0.97", "size": "9.58"}, {"price": "0.96", "size": "210"}, {"price": "0.93", "size": "3699.11"}, {"price": "0.92", "size": "2799.11"}, {"price": "0.91", "size": "200"}, {"price": "0.9", "size": "100"}, {"price": "0.89", "size": "25.54"}, {"price": "0.86", "size": "550"}, {"price": "0.55", "size": "1200"}, {"price": "0.54", "size": "299.99"}, {"price": "0.52", "size": "27.08"}, {"price": "0.51", "size": "27.44"}, {"price": "0.5", "size": "20"}, {"price": "0.49", "size": "13.12"}, {"price": "0.47", "size": "212"}, {"price": "0.46", "size": "273.28"}], "event_type": "book", "last_trade_price": "0.570"}]}
{"_local_timestamp": "2026-01-25T23:41:07.745760+00:00", "data": {"market": "0x31ab55ffa13f6db8e57d399ea90d4efa108e4ea3ebe8254b8dd711ce0300a44b", "price_changes": [{"asset_id": "87800006559503182362481555183568667613755424315939426292124794493674893045177", "price": "0.1", "size": "50", "side": "BUY", "hash": "23251a16d0b0a0d03c7fe357a4cc7bd4ec38910b", "best_bid": "0.54", "best_ask": "0.57"}, {"asset_id": "31428860764995724544124597589657026670448383816150346012391062875549930961545", "price": "0.9", "size": "50", "side": "SELL", "hash": "55990b18dccacdb72e2981351f0f0e593b809ca9", "best_bid": "0.43", "best_ask": "0.46"}], "timestamp": "1769384467680", "event_type": "price_change"}}
{"_local_timestamp": "2026-01-25T23:41:16.129150+00:00", "data": {"market": "0x31ab55ffa13f6db8e57d399ea90d4efa108e4ea3ebe8254b8dd711ce0300a44b", "price_changes": [{"asset_id": "87800006559503182362481555183568667613755424315939426292124794493674893045177", "price": "0.1", "size": "0", "side": "BUY", "hash": "1697ae7bc46100107d2ec5c84e71eea690e6c066", "best_bid": "0.54", "best_ask": "0.57"}, {"asset_id": "31428860764995724544124597589657026670448383816150346012391062875549930961545", "price": "0.9", "size": "0", "side": "SELL", "hash": "3a6df1a842c663a8a42e01dc38b3447a258df086", "best_bid": "0.43", "best_ask": "0.46"}], "timestamp": "1769384476064", "event_type": "price_change"}}
{"_local_timestamp": "2026-01-25T23:41:23.447075+00:00", "data": {"market": "0x31ab55ffa13f6db8e57d399ea90d4efa108e4ea3ebe8254b8dd711ce0300a44b", "price_changes": [{"asset_id": "87800006559503182362481555183568667613755424315939426292124794493674893045177", "price": "0.11", "size": "5.54", "side": "BUY", "hash": "148e8bc9ccad8a43be8426ed1e6eeb56416f8478", "best_bid": "0.54", "best_ask": "0.57"}, {"asset_id": "31428860764995724544124597589657026670448383816150346012391062875549930961545", "price": "0.89", "size": "5.54", "side": "SELL", "hash": "7efb11e6e4acc9e357e0f375fbc5f2d6181b71d9", "best_bid": "0.43", "best_ask": "0.46"}], "timestamp": "1769384483377", "event_type": "price_change"}}
{"_local_timestamp": "2026-01-25T23:41:23.693997+00:00", "data": {"market": "0x31ab55ffa13f6db8e57d399ea90d4efa108e4ea3ebe8254b8dd711ce0300a44b", "price_changes": [{"asset_id": "87800006559503182362481555183568667613755424315939426292124794493674893045177", "price": "0.1", "size": "20", "side": "BUY", "hash": "6d4d18cfeb295ea3c63713c37afb09bf4d261a25", "best_bid": "0.54", "best_ask": "0.57"}, {"asset_id": "31428860764995724544124597589657026670448383816150346012391062875549930961545", "price": "0.9", "size": "20", "side": "SELL", "hash": "0e94481cf95f08767112c0168369fe93aed98bfc", "best_bid": "0.43", "best_ask": "0.46"}], "timestamp": "1769384483621", "event_type": "price_change"}}
{"_local_timestamp": "2026-01-25T23:42:06.645237+00:00", "data": {"market": "0x31ab55ffa13f6db8e57d399ea90d4efa108e4ea3ebe8254b8dd711ce0300a44b", "price_changes": [{"asset_id": "31428860764995724544124597589657026670448383816150346012391062875549930961545", "price": "0.4", "size": "5453.05", "side": "BUY", "hash": "a030c64230795d64790a07d83826d516bc8f82a9", "best_bid": "0.43", "best_ask": "0.46"}, {"asset_id": "87800006559503182362481555183568667613755424315939426292124794493674893045177", "price": "0.6", "size": "5453.05", "side": "SELL", "hash": "daa9b6521dc1d8714c7be90e5d04ed17510a2237", "best_bid": "0.54", "best_ask": "0.57"}], "timestamp": "1769384526574", "event_type": "price_change"}}
{"_local_timestamp": "2026-01-25T23:42:06.646221+00:00", "data": {"market": "0x31ab55ffa13f6db8e57d399ea90d4efa108e4ea3ebe8254b8dd711ce0300a44b", "price_changes": [{"asset_id": "31428860764995724544124597589657026670448383816150346012391062875549930961545", "price": "0.34", "size": "0", "side": "BUY", "hash": "a030c64230795d64790a07d83826d516bc8f82a9", "best_bid": "0.43", "best_ask": "0.46"}, {"asset_id": "87800006559503182362481555183568667613755424315939426292124794493674893045177", "price": "0.66", "size": "0", "side": "SELL", "hash": "daa9b6521dc1d8714c7be90e5d04ed17510a2237", "best_bid": "0.54", "best_ask": "0.57"}], "timestamp": "1769384526574", "event_type": "price_change"}}
{"_local_timestamp": "2026-01-25T23:42:06.646904+00:00", "data": {"market": "0x31ab55ffa13f6db8e57d399ea90d4efa108e4ea3ebe8254b8dd711ce0300a44b", "price_changes": [{"asset_id": "87800006559503182362481555183568667613755424315939426292124794493674893045177", "price": "0.51", "size": "213.12", "side": "BUY", "hash": "cd89918abee50bb901f636d11d52f1f766fe4940", "best_bid": "0.54", "best_ask": "0.57"}, {"asset_id": "31428860764995724544124597589657026670448383816150346012391062875549930961545", "price": "0.49", "size": "213.12", "side": "SELL", "hash": "bcfad088f70a973a3dc4bafbe491c85d7f4fcc7f", "best_bid": "0.43", "best_ask": "0.46"}], "timestamp": "1769384526576", "event_type": "price_change"}}
{"_local_timestamp": "2026-01-25T23:42:06.647242+00:00", "data": {"market": "0x31ab55ffa13f6db8e57d399ea90d4efa108e4ea3ebe8254b8dd711ce0300a44b", "price_changes": [{"asset_id": "31428860764995724544124597589657026670448383816150346012391062875549930961545", "price": "0.23", "size": "300", "side": "BUY", "hash": "3b526f154557c474202e22a08c96fbe4d32bf6bd", "best_bid": "0.43", "best_ask": "0.46"}, {"asset_id": "87800006559503182362481555183568667613755424315939426292124794493674893045177", "price": "0.77", "size": "300", "side": "SELL", "hash": "519f1ac5d0652179cd2e7e486469073531fcefdc", "best_bid": "0.54", "best_ask": "0.57"}], "timestamp": "1769384526577", "event_type": "price_change"}}
{"_local_timestamp": "2026-01-25T23:42:06.647559+00:00", "data": {"market": "0x31ab55ffa13f6db8e57d399ea90d4efa108e4ea3ebe8254b8dd711ce0300a44b", "price_changes": [{"asset_id": "31428860764995724544124597589657026670448383816150346012391062875549930961545", "price": "0.27", "size": "356.05", "side": "BUY", "hash": "a66124857cba82c72f96f71683145966bf8b2ef4", "best_bid": "0.43", "best_ask": "0.46"}, {"asset_id": "87800006559503182362481555183568667613755424315939426292124794493674893045177", "price": "0.73", "size": "356.05", "side": "SELL", "hash": "7bfd18a27e034a841ac4f8eb8e4856c93c8c8210", "best_bid": "0.54", "best_ask": "0.57"}], "timestamp": "1769384526577", "event_type": "price_change"}}
{"_local_timestamp": "2026-01-25T23:42:08.636816+00:00", "data": {"market": "0x31ab55ffa13f6db8e57d399ea90d4efa108e4ea3ebe8254b8dd711ce0300a44b", "price_changes": [{"asset_id": "31428860764995724544124597589657026670448383816150346012391062875549930961545", "price": "0.34", "size": "200", "side": "BUY", "hash": "15c301c0297c8a5987007596806951fb60f7c8cd", "best_bid": "0.43", "best_ask": "0.46"}, {"asset_id": "87800006559503182362481555183568667613755424315939426292124794493674893045177", "price": "0.66", "size": "200", "side": "SELL", "hash": "526da6379a4e2022207bc3e7599b586f4362959f", "best_bid": "0.54", "best_ask": "0.57"}], "timestamp": "1769384528567", "event_type": "price_change"}}
{"_local_timestamp": "2026-01-25T23:42:08.644629+00:00", "data": {"market": "0x31ab55ffa13f6db8e57d399ea90d4efa108e4ea3ebe8254b8dd711ce0300a44b", "price_changes": [{"asset_id": "31428860764995724544124597589657026670448383816150346012391062875549930961545", "price": "0.4", "size": "5653.05", "side": "BUY", "hash": "81e5548bb09018b9564ded8993e9a9cf8548bbfc", "best_bid": "0.43", "best_ask": "0.46"}, {"asset_id": "87800006559503182362481555183568667613755424315939426292124794493674893045177", "price": "0.6", "size": "5653.05", "side": "SELL", "hash": "dc3e6498bc4fe2132fe5e93538612e5bfd04beee", "best_bid": "0.54", "best_ask": "0.57"}], "timestamp": "1769384528567", "event_type": "price_change"}}
{"_local_timestamp": "2026-01-25T23:42:08.644953+00:00", "data": {"market": "0x31ab55ffa13f6db8e57d399ea90d4efa108e4ea3ebe8254b8dd711ce0300a44b", "price_changes": [{"asset_id": "31428860764995724544124597589657026670448383816150346012391062875549930961545", "price": "0.23", "size": "100", "side": "BUY", "hash": "f9fb0524788e3fcf6982889e6a057f0029d4c8e5", "best_bid": "0.43", "best_ask": "0.46"}, {"asset_id": "87800006559503182362481555183568667613755424315939426292124794493674893045177", "price": "0.77", "size": "100", "side": "SELL", "hash": "0afee998842b25385bbf1c0c3df7ded1c16ba375", "best_bid": "0.54", "best_ask": "0.57"}], "timestamp": "1769384528568", "event_type": "price_change"}}
{"_local_timestamp": "2026-01-25T23:42:08.645219+00:00", "data": {"market": "0x31ab55ffa13f6db8e57d399ea90d4efa108e4ea3ebe8254b8dd711ce0300a44b", "price_changes": [{"asset_id": "31428860764995724544124597589657026670448383816150346012391062875549930961545", "price": "0.27", "size": "156.05", "side": "BUY", "hash": "f9fb0524788e3fcf6982889e6a057f0029d4c8e5", "best_bid": "0.43", "best_ask": "0.46"}, {"asset_id": "87800006559503182362481555183568667613755424315939426292124794493674893045177", "price": "0.73", "size": "156.05", "side": "SELL", "hash": "0afee998842b25385bbf1c0c3df7ded1c16ba375", "best_bid": "0.54", "best_ask": "0.57"}], "timestamp": "1769384528568", "event_type": "price_change"}}
{"_local_timestamp": "2026-01-25T23:42:08.645507+00:00", "data": {"market": "0x31ab55ffa13f6db8e57d399ea90d4efa108e4ea3ebe8254b8dd711ce0300a44b", "price_changes": [{"asset_id": "87800006559503182362481555183568667613755424315939426292124794493674893045177", "price": "0.51", "size": "13.12", "side": "BUY", "hash": "1ca852996ecf4cd63228eb5fa772539e50bdf86e", "best_bid": "0.54", "best_ask": "0.57"}, {"asset_id": "31428860764995724544124597589657026670448383816150346012391062875549930961545", "price": "0.49", "size": "13.12", "side": "SELL", "hash": "6d9038043f437a038bd734b7ca4750079e278c16", "best_bid": "0.43", "best_ask": "0.46"}], "timestamp": "1769384528568", "event_type": "price_change"}}
