{"_local_timestamp": "2026-01-25T23:34:00.111995+00:00", "data": [{"market": "0x09aa5f4210ff3e17e65072e73bf084a1d72246ec712b8d33c4efbc958192a435", "asset_id": "112460056466301987895624067988030855175451380171501724318327858610989988015996", "timestamp": "1769384036264", "hash": "0cb8f7f291cabc1152d54948597f66aad3018886", "bids": [{"price": "0.01", "size": "101809.82"}, {"price": "0.02", "size": "2450"}, {"price": "0.03", "size": "8.07"}, {"price": "0.06", "size": "2000"}, {"price": "0.08", "size": "350"}, {"price": "0.09", "size": "7.32"}, {"price": "0.12", "size": "900"}, {"price": "0.14", "size": "50"}, {"price": "0.2", "size": "400"}, {"price": "0.21", "size": "200"}, {"price": "0.27", "size": "200"}, {"price": "0.34", "size": "100"}, {"price": "0.43", "size": "822"}, {"price": "0.5", "size": "100"}, {"price": "0.51", "size": "1500"}, {"price": "0.52", "size": "150"}, {"price": "0.59", "size": "63.83"}, {"price": "0.6", "size": "5"}, {"price": "0.61", "size": "9.99"}, {"price": "0.62", "size": "20.96"}, {"price": "0.63", "size": "217.46"}, {"price": "0.65", "size": "222.79"}, {"price": "0.66", "size": "20"}, {"price": "0.67", "size": "21.35"}, {"price": "0.68", "size": "12"}, {"price": "0.69", "size": "4008"}, {"price": "0.7", "size": "894.64"}, {"price": "0.71", "size": "220"}, {"price": "0.72", "size": "666"}, {"price": "0.73", "size": "17"}], "asks": [{"price": "0.99", "size": "44490"}, {"price": "0.98", "size": "156.66"}, {"price": "0.97", "size": "227"}, {"price": "0.96", "size": "21.66"}, {"price": "0.94", "size": "200"}, {"price": "0.93", "size": "200"}, {"price": "0.83", "size": "822"}, {"price": "0.82", "size": "150"}, {"price": "0.81", "size": "200"}, {"price": "0.8", "size": "265"}, {"price": "0.79", "size": "700"}, {"price": "0.78", "size": "151"}, {"price": "0.77", "size": "20"}, {"price": "0.75", "size": "70"}, {"price": "0.74", "size": "192.98"}], "event_type": "book", "last_trade_price": "0.270"}, {"market": "0x09aa5f4210ff3e17e65072e73bf084a1d72246ec712b8d33c4efbc958192a435", "asset_id": "26587715511882279305915423150785410312515132578982630802567001325158618057442", "timestamp": "1769384036264", "hash": "d321750270c25b46d02c11de60ed757ea423ce89", "bids": [{"price": "0.01", "size": "44490"}, {"price": "0.02", "size": "156.66"}, {"price": "0.03", "size": "227"}, {"price": "0.04", "size": "21.66"}, {"price": "0.06", "size": "200"}, {"price": "0.07", "size": "200"}, {"price": "0.17", "size": "822"}, {"price": "0.18", "size": "150"}, {"price": "0.19", "size": "200"}, {"price": "0.2", "size": "265"}, {"price": "0.21", "size": "700"}, {"price": "0.22", "size": "151"}, {"price": "0.23", "size": "20"}, {"price": "0.25", "size": "70"}, {"price": "0.26", "size": "192.98"}], "asks": [{"price": "0.99", "size": "101809.82"}, {"price": "0.98", "size": "2450"}, {"price": "0.97", "size": "8.07"}, {"price": "0.94", "size": "2000"}, {"price": "0.92", "size": "350"}, {"price": "0.91", "size": "7.32"}, {"price": "0.88", "size": "900"}, {"price": "0.86", "size": "50"}, {"price": "0.8", "size": "400"}, {"price": "0.79", "size": "200"}, {"price": "0.73", "size": "200"}, {"price": "0.66", "size": "100"}, {"price": "0.57", "size": "822"}, {"price": "0.5", "size": "100"}, {"price": "0.49", "size": "1500"}, {"price": "0.48", "size": "150"}, {"price": "0.41", "size": "63.83"}, {"price": "0.4", "size": "5"}, {"price": "0.39", "size": "9.99"}, {"price": "0.38", "size": "20.96"}, {"price": "0.37", "size": "217.46"}, {"price": "0.35", "size": "222.79"}, {"price": "0.34", "size": "20"}, {"price": "0.33", "size": "21.35"}, {"price": "0.32", "size": "12"}, {"price": "0.31", "size": "4008"}, {"price": "0.3", "size": "894.64"}, {"price": "0.29", "size": "220"}, {"price": "0.28", "size": "666"}, {"price": "0.27", "size": "17"}], "event_type": "book", "last_trade_price": "0.270"}]}
{"_local_timestamp": "2026-01-25T23:34:07.075359+00:00", "data": {"market": "0x09aa5f4210ff3e17e65072e73bf084a1d72246ec712b8d33c4efbc958192a435", "price_changes": [{"asset_id": "26587715511882279305915423150785410312515132578982630802567001325158618057442", "price": "0.06", "size": "0", "side": "BUY", "hash": "d626e8c86720611ac8f1a29ed643cb22514e9006", "best_bid": "0.26", "best_ask": "0.27"}, {"asset_id": "112460056466301987895624067988030855175451380171501724318327858610989988015996", "price": "0.94", "size": "0", "side": "SELL", "hash": "9c4323dee8ced1d22d4677cfa00f46c5d9630c4b", "best_bid": "0.73", "best_ask": "0.74"}], "timestamp": "1769384046827", "event_type": "price_change"}}
{"_local_timestamp": "2026-01-25T23:34:07.111346+00:00", "data": {"market": "0x09aa5f4210ff3e17e65072e73bf084a1d72246ec712b8d33c4efbc958192a435", "price_changes": [{"asset_id": "26587715511882279305915423150785410312515132578982630802567001325158618057442", "price": "0.04", "size": "221.66", "side": "BUY", "hash": "28c682fdba10d7216d794567dce133367d40d601", "best_bid": "0.26", "best_ask": "0.27"}, {"asset_id": "112460056466301987895624067988030855175451380171501724318327858610989988015996", "price": "0.96", "size": "221.66", "side": "SELL", "hash": "fdcc8055bba5fa7f1f90764ea11d9a6d6f238b0a", "best_bid": "0.73", "best_ask": "0.74"}], "timestamp": "1769384046871", "event_type": "price_change"}}
{"_local_timestamp": "2026-01-25T23:34:07.127596+00:00", "data": {"market": "0x09aa5f4210ff3e17e65072e73bf084a1d72246ec712b8d33c4efbc958192a435", "price_changes": [{"asset_id": "26587715511882279305915423150785410312515132578982630802567001325158618057442", "price": "0.07", "size": "0", "side": "BUY", "hash": "18d351276db4ae5cb46d68a7a8251b06bde54188", "best_bid": "0.26", "best_ask": "0.27"}, {"asset_id": "112460056466301987895624067988030855175451380171501724318327858610989988015996", "price": "0.93", "size": "0", "side": "SELL", "hash": "235ea86945144d1de4c0984d4fc6f00f99df11e4", "best_bid": "0.73", "best_ask": "0.74"}], "timestamp": "1769384046878", "event_type": "price_change"}}
{"_local_timestamp": "2026-01-25T23:34:07.286677+00:00", "data": {"market": "0x09aa5f4210ff3e17e65072e73bf084a1d72246ec712b8d33c4efbc958192a435", "price_changes": [{"asset_id": "26587715511882279305915423150785410312515132578982630802567001325158618057442", "price": "0.07", "size": "200", "side": "BUY", "hash": "172952545ca43400fa488cdebdfdd472985ccc91", "best_bid": "0.26", "best_ask": "0.27"}, {"asset_id": "112460056466301987895624067988030855175451380171501724318327858610989988015996", "price": "0.93", "size": "200", "side": "SELL", "hash": "593f5632c71decf4b8f08b0cf25bee95d613df36", "best_bid": "0.73", "best_ask": "0.74"}], "timestamp": "1769384047053", "event_type": "price_change"}}
{"_local_timestamp": "2026-01-25T23:34:09.103688+00:00", "data": {"market": "0x09aa5f4210ff3e17e65072e73bf084a1d72246ec712b8d33c4efbc958192a435", "price_changes": [{"asset_id": "26587715511882279305915423150785410312515132578982630802567001325158618057442", "price": "0.08", "size": "200", "side": "BUY", "hash": "54d6579d9a2e713305bee809f79654209c1e7a5b", "best_bid": "0.26", "best_ask": "0.27"}, {"asset_id": "112460056466301987895624067988030855175451380171501724318327858610989988015996", "price": "0.92", "size": "200", "side": "SELL", "hash": "0f4e3b6315db3ec73ac41ebe7ad85827aebbb669", "best_bid": "0.73", "best_ask": "0.74"}], "timestamp": "1769384048864", "event_type": "price_change"}}
{"_local_timestamp": "2026-01-25T23:34:09.104158+00:00", "data": {"market": "0x09aa5f4210ff3e17e65072e73bf084a1d72246ec712b8d33c4efbc958192a435", "price_changes": [{"asset_id": "26587715511882279305915423150785410312515132578982630802567001325158618057442", "price": "0.04", "size": "21.66", "side": "BUY", "hash": "8294040cf7fd09ef7f98f4bca9a90eac45047845", "best_bid": "0.26", "best_ask": "0.27"}, {"asset_id": "112460056466301987895624067988030855175451380171501724318327858610989988015996", "price": "0.96", "size": "21.66", "side": "SELL", "hash": "58927d9721b6fd31a9a344767a2d965c94985bc8", "best_bid": "0.73", "best_ask": "0.74"}], "timestamp": "1769384048865", "event_type": "price_change"}}
