{"_local_timestamp": "2026-01-25T23:33:38.425307+00:00", "data": [{"market": "0x8ea089b2f427a03bddfe18a56e5700d51e9859b9d996190541fddc0e7cd65eba", "asset_id": "24943194647808695809485867320798993312476069979878404857223518148158000700643", "timestamp": "1769384012752", "hash": "de4ced5e5d6232c9ee5e1de849203acec6a32083", "bids": [], "asks": [{"price": "0.99", "size": "8"}, {"price": "0.002", "size": "15"}, {"price": "0.001", "size": "113298"}], "event_type": "book", "last_trade_price": ""}, {"market": "0x8ea089b2f427a03bddfe18a56e5700d51e9859b9d996190541fddc0e7cd65eba", "asset_id": "54310702913570103428126473201459330940122597170373986103761594324159028129113", "timestamp": "1769384012752", "hash": "babae4f4cb2b7183a128f348f1728677c29eb051", "bids": [{"price": "0.01", "size": "8"}, {"price": "0.998", "size": "15"}, {"price": "0.999", "size": "113298"}], "asks": [], "event_type": "book", "last_trade_price": ""}]}
{"_local_timestamp": "2026-01-25T23:33:45.877858+00:00", "data": {"market": "0x8ea089b2f427a03bddfe18a56e5700d51e9859b9d996190541fddc0e7cd65eba", "price_changes": [{"asset_id": "54310702913570103428126473201459330940122597170373986103761594324159028129113", "price": "0.999", "size": "100000", "side": "BUY", "hash": "646ddf285c85d6bc5a46e50684b87ffe7c238b07", "best_bid": "0.999", "best_ask": "1"}, {"asset_id": "24943194647808695809485867320798993312476069979878404857223518148158000700643", "price": "0.001", "size": "100000", "side": "SELL", "hash": "7263eaa5a5b6b3329ca9e1fb25a6cfc74ee7de20", "best_bid": "0", "best_ask": "0.001"}], "timestamp": "1769384025808", "event_type": "price_change"}}
{"_local_timestamp": "2026-01-25T23:33:47.619899+00:00", "data": {"market": "0x8ea089b2f427a03bddfe18a56e5700d51e9859b9d996190541fddc0e7cd65eba", "price_changes": [{"asset_id": "54310702913570103428126473201459330940122597170373986103761594324159028129113", "price": "0.999", "size": "102497", "side": "BUY", "hash": "e77232ec442386102afd4002392c633d0e8ba72e", "best_bid": "0.999", "best_ask": "1"}, {"asset_id": "24943194647808695809485867320798993312476069979878404857223518148158000700643", "price": "0.001", "size": "102497", "side": "SELL", "hash": "3d8dc7e3c5d612632c4dbb4fe0fe1ba9f940a043", "best_bid": "0", "best_ask": "0.001"}], "timestamp": "1769384027527", "event_type": "price_change"}}
{"_local_timestamp": "2026-01-25T23:33:48.001527+00:00", "data": {"market": "0x8ea089b2f427a03bddfe18a56e5700d51e9859b9d996190541fddc0e7cd65eba", "price_changes": [{"asset_id": "54310702913570103428126473201459330940122597170373986103761594324159028129113", "price": "0.999", "size": "104993", "side": "BUY", "hash": "c64144ec2e4bad5b630ce11eb7010bcd833b58d0", "best_bid": "0.999", "best_ask": "1"}, {"asset_id": "24943194647808695809485867320798993312476069979878404857223518148158000700643", "price": "0.001", "size": "104993", "side": "SELL", "hash": "a48ca11318e6e61dec41f041484bdb2563f57eed", "best_bid": "0", "best_ask": "0.001"}], "timestamp": "1769384027917", "event_type": "price_change"}}
{"_local_timestamp": "2026-01-25T23:33:48.524087+00:00", "data": {"market": "0x8ea089b2f427a03bddfe18a56e5700d51e9859b9d996190541fddc0e7cd65eba", "price_changes": [{"asset_id": "54310702913570103428126473201459330940122597170373986103761594324159028129113", "price": "0.999", "size": "107488", "side": "BUY", "hash": "1b80a846921c9802076ba9bb6726883c7a5a131c", "best_bid": "0.999", "best_ask": "1"}, {"asset_id": "24943194647808695809485867320798993312476069979878404857223518148158000700643", "price": "0.001", "size": "107488", "side": "SELL", "hash": "46c595ed171dcab3e571d7f9a95f012039250689", "best_bid": "0", "best_ask": "0.001"}], "timestamp": "1769384028433", "event_type": "price_change"}}
{"_local_timestamp": "2026-01-25T23:33:49.293642+00:00", "data": {"market": "0x8ea089b2f427a03bddfe18a56e5700d51e9859b9d996190541fddc0e7cd65eba", "price_changes": [{"asset_id": "54310702913570103428126473201459330940122597170373986103761594324159028129113", "price": "0.999", "size": "108111", "side": "BUY", "hash": "351e6f21f1505fa4a5645d7bced63f2948dcd836", "best_bid": "0.999", "best_ask": "1"}, {"asset_id": "24943194647808695809485867320798993312476069979878404857223518148158000700643", "price": "0.001", "size": "108111", "side": "SELL", "hash": "f0f0f7954454231bb392080801fc4c8391177d1d", "best_bid": "0", "best_ask": "0.001"}], "timestamp": "1769384029230", "event_type": "price_change"}}
{"_local_timestamp": "2026-01-25T23:33:49.805380+00:00", "data": {"market": "0x8ea089b2f427a03bddfe18a56e5700d51e9859b9d996190541fddc0e7cd65eba", "price_changes": [{"asset_id": "54310702913570103428126473201459330940122597170373986103761594324159028129113", "price": "0.999", "size": "108733", "side": "BUY", "hash": "1ef809cc9cfec05a71202a1916f76febce095c8f", "best_bid": "0.999", "best_ask": "1"}, {"asset_id": "24943194647808695809485867320798993312476069979878404857223518148158000700643", "price": "0.001", "size": "108733", "side": "SELL", "hash": "7d4f75261250ce6e8b4846ed057f38379e209fb3", "best_bid": "0", "best_ask": "0.001"}], "timestamp": "1769384029728", "event_type": "price_change"}}
{"_local_timestamp": "2026-01-25T23:33:51.655981+00:00", "data": {"market": "0x8ea089b2f427a03bddfe18a56e5700d51e9859b9d996190541fddc0e7cd65eba", "price_changes": [{"asset_id": "54310702913570103428126473201459330940122597170373986103761594324159028129113", "price": "0.999", "size": "108888", "side": "BUY", "hash": "39f87af355c39f8f99bf742669f380810f73fe6d", "best_bid": "0.999", "best_ask": "1"}, {"asset_id": "24943194647808695809485867320798993312476069979878404857223518148158000700643", "price": "0.001", "size": "108888", "side": "SELL", "hash": "f451691250eaf9d48065be2d7fe5401ceda3dd53", "best_bid": "0", "best_ask": "0.001"}], "timestamp": "1769384031561", "event_type": "price_change"}}
{"_local_timestamp": "2026-01-25T23:33:52.595261+00:00", "data": {"market": "0x8ea089b2f427a03bddfe18a56e5700d51e9859b9d996190541fddc0e7cd65eba", "price_changes": [{"asset_id": "54310702913570103428126473201459330940122597170373986103761594324159028129113", "price": "0.999", "size": "109042", "side": "BUY", "hash": "c6e11693bba58f727d5714b1990da02134d7f508", "best_bid": "0.999", "best_ask": "1"}, {"asset_id": "24943194647808695809485867320798993312476069979878404857223518148158000700643", "price": "0.001", "size": "109042", "side": "SELL", "hash": "7fe5ba6db85492c42da8ccdb690898ae0aad5e6b", "best_bid": "0", "best_ask": "0.001"}], "timestamp": "1769384032526", "event_type": "price_change"}}
{"_local_timestamp": "2026-01-25T23:33:53.004401+00:00", "data": {"market": "0x8ea089b2f427a03bddfe18a56e5700d51e9859b9d996190541fddc0e7cd65eba", "price_changes": [{"asset_id": "54310702913570103428126473201459330940122597170373986103761594324159028129113", "price": "0.999", "size": "109195", "side": "BUY", "hash": "1b61891ae0433edf11da1a12282ad963ff9dc9f6", "best_bid": "0.999", "best_ask": "1"}, {"asset_id": "24943194647808695809485867320798993312476069979878404857223518148158000700643", "price": "0.001", "size": "109195", "side": "SELL", "hash": "2f070c62803205ddffebde3c266076df4c35f177", "best_bid": "0", "best_ask": "0.001"}], "timestamp": "1769384032919", "event_type": "price_change"}}
{"_local_timestamp": "2026-01-25T23:33:54.555742+00:00", "data": {"market": "0x8ea089b2f427a03bddfe18a56e5700d51e9859b9d996190541fddc0e7cd65eba", "price_changes": [{"asset_id": "54310702913570103428126473201459330940122597170373986103761594324159028129113", "price": "0.999", "size": "109232", "side": "BUY", "hash": "0f0fb0fb9380f48be14aac9aeeb493806c4d344b", "best_bid": "0.999", "best_ask": "1"}, {"asset_id": "24943194647808695809485867320798993312476069979878404857223518148158000700643", "price": "0.001", "size": "109232", "side": "SELL", "hash": "430088df0fa1da7467ac6a1931b4996d904f63d1", "best_bid": "0", "best_ask": "0.001"}], "timestamp": "1769384034486", "event_type": "price_change"}}
{"_local_timestamp": "2026-01-25T23:33:55.244482+00:00", "data": {"market": "0x8ea089b2f427a03bddfe18a56e5700d51e9859b9d996190541fddc0e7cd65eba", "price_changes": [{"asset_id": "54310702913570103428126473201459330940122597170373986103761594324159028129113", "price": "0.999", "size": "109268", "side": "BUY", "hash": "bd42181cef5caed5d8252a92fc81f556e86db40f", "best_bid": "0.999", "best_ask": "1"}, {"asset_id": "24943194647808695809485867320798993312476069979878404857223518148158000700643", "price": "0.001", "size": "109268", "side": "SELL", "hash": "aeab79d5a4eadbefdadda7506190d5e689e66515", "best_bid": "0", "best_ask": "0.001"}], "timestamp": "1769384035141", "event_type": "price_change"}}
{"_local_timestamp": "2026-01-25T23:33:55.634892+00:00", "data": {"market": "0x8ea089b2f427a03bddfe18a56e5700d51e9859b9d996190541fddc0e7cd65eba", "price_changes": [{"asset_id": "54310702913570103428126473201459330940122597170373986103761594324159028129113", "price": "0.999", "size": "109303", "side": "BUY", "hash": "1df603d60ba0c4f9cebcd944a393befb7e02eb7d", "best_bid": "0.999", "best_ask": "1"}, {"asset_id": "24943194647808695809485867320798993312476069979878404857223518148158000700643", "price": "0.001", "size": "109303", "side": "SELL", "hash": "f00ee891d3dfb42a0fd2e59edd4906c01efd4e62", "best_bid": "0", "best_ask": "0.001"}], "timestamp": "1769384035547", "event_type": "price_change"}}
