{"_local_timestamp": "2026-01-25T23:40:48.037247+00:00", "data": [{"market": "0xc9d5bf072c0af15ae31ea30c8d325075e71e5c4e9e3808e294e01c5a9eaa6ae5", "asset_id": "4382190579571943173775865335267480582847298716797440621365433466954306423849", "timestamp": "1769382002395", "hash": "727daa107059ce8bd80683a4441c0339a03b693b", "bids": [{"price": "0.01", "size": "100"}, {"price": "0.02", "size": "21.97"}], "asks": [{"price": "0.99", "size": "100"}, {"price": "0.98", "size": "16.5"}], "event_type": "book", "last_trade_price": ""}, {"market": "0x7a6d3e0629f823ffefeef6256e0bc1ee00319822a0fdf8a3263a2cfa0a46b64a", "asset_id": "83704406726623155117380861146371430263986229889238485361267686437011899102724", "timestamp": "1769384004070", "hash": "a67f964278800904277d9a0a9d85103a94e511e1", "bids": [{"price": "0.01", "size": "144.55"}, {"price": "0.02", "size": "80.48"}, {"price": "0.03", "size": "25.82"}, {"price": "0.04", "size": "5.47"}, {"price": "0.1", "size": "989"}], "asks": [{"price": "0.99", "size": "146.46"}, {"price": "0.98", "size": "81.4"}, {"price": "0.97", "size": "24.57"}, {"price": "0.93", "size": "5000"}, {"price": "0.92", "size": "100"}], "event_type": "book", "last_trade_price": "0.700"}, {"market": "0xe565fc128b34bf4f219fe23c4fbd691531a1598d18f740e5db0a18ae16d77c3c", "asset_id": "27581961518601539712522129713355386774553793621175032006804732096768040308775", "timestamp": "1769384440836", "hash": "2b716c3ea9054e48634c2727de5dd527c9d54c77", "bids": [{"price": "0.01", "size": "78.44"}, {"price": "0.02", "size": "19.21"}, {"price": "0.1", "size": "49999.86"}, {"price": "0.11", "size": "5.1"}, {"price": "0.45", "size": "8.63"}], "asks": [{"price": "0.99", "size": "99.99"}, {"price": "0.98", "size": "38.18"}, {"price": "0.97", "size": "5.47"}, {"price": "0.92", "size": "30000"}, {"price": "0.88", "size": "252.24"}, {"price": "0.87", "size": "215.58"}, {"price": "0.85", "size": "100"}, {"price": "0.84", "size": "213"}], "event_type": "book", "last_trade_price": "0.550"}, {"market": "0x641a11579aad0b34123245ef96ff5a1f93b98c482596bcea7431cb1a1c8716c3", "asset_id": "103986850891406904853918949049021653254715129752915456711953768807852572897409", "timestamp": "1769381031170", "hash": "104ebc150ad4e37f4512a8dc806e5f709ca70078", "bids": [{"price": "0.01", "size": "67.09"}, {"price": "0.02", "size": "6.5"}, {"price": "0.05", "size": "20"}, {"price": "0.06", "size": "10.95"}], "asks": [{"price": "0.99", "size": "100"}, {"price": "0.98", "size": "6.5"}, {"price": "0.96", "size": "25"}], "event_type": "book", "last_trade_price": ""}, {"market": "0x614abf5dc5366d03a28c9d2e0374b81155912d7dc482689ac5408de2cb8e8f3a", "asset_id": "91955209798200224898031675375380495830384686778423172459861660334378604168740", "timestamp": "1769384441821", "hash": "91944e56d268b287fd5f1659f9e25427c3edaa08", "bids": [{"price": "0.01", "size": "67.09"}, {"price": "0.02", "size": "6.5"}, {"price": "0.05", "size": "20"}, {"price": "0.06", "size": "10.95"}], "asks": [{"price": "0.99", "size": "108"}, {"price": "0.96", "size": "25"}], "event_type": "book", "last_trade_price": ""}, {"market": "0x5bb2af80386219014c0bec2c46de472e91a6faebb2605a3cdabd0358e6f6a5b7", "asset_id": "51967533646120722881572882749589708971428691796758999656292156936430062273452", "timestamp": "1769383794095", "hash": "d769f2bc6d6d923b9c707d2735073cfae35c1ae5", "bids": [{"price": "0.01", "size": "67.09"}, {"price": "0.02", "size": "6.5"}, {"price": "0.05", "size": "20"}, {"price": "0.06", "size": "10.95"}], "asks": [{"price": "0.99", "size": "100"}, {"price": "0.98", "size": "6.5"}, {"price": "0.96", "size": "25"}], "event_type": "book", "last_trade_price": ""}, {"market": "0x7a6d3e0629f823ffefeef6256e0bc1ee00319822a0fdf8a3263a2cfa0a46b64a", "asset_id": "89977278763473073193961480330630431899166664602212480421194676165147381391145", "timestamp": "1769384004070", "hash": "e3de9f5ee9fa5e1333c7f2e80cb82ab8a0153bbd", "bids": [{"price": "0.01", "size": "146.46"}, {"price": "0.02", "size": "81.4"}, {"price": "0.03", "size": "24.57"}, {"price": "0.07", "size": "5000"}, {"price": "0.08", "size": "100"}], "asks": [{"price": "0.99", "size": "144.55"}, {"price": "0.98", "size": "80.48"}, {"price": "0.97", "size": "25.82"}, {"price": "0.96", "size": "5.47"}, {"price": "0.9", "size": "989"}], "event_type": "book", "last_trade_price": "0.700"}, {"market": "0x830cda5922ff0ec50d67920329c2b528f82bf24d5dc0c4f69ca03a17208bfed3", "asset_id": "91332427900460750461362851613620053198188980810999553115615841368097584166798", "timestamp": "1769382246738", "hash": "b8bb16156ed2a0b9bb3f4bcd9ec0c18741423e93", "bids": [{"price": "0.01", "size": "67.07"}, {"price": "0.02", "size": "6.52"}, {"price": "0.05", "size": "20"}, {"price": "0.06", "size": "10.95"}], "asks": [{"price": "0.99", "size": "100"}, {"price": "0.98", "size": "6.5"}, {"price": "0.96", "size": "25"}], "event_type": "book", "last_trade_price": ""}, {"market": "0xeb8a81083e6543d99ab5b98e31c197241a92cd9697f7c3c1e6fbf9a8a12c2f36", "asset_id": "73710754008509443614521017043941958201809618652529643725048464609313216949331", "timestamp": "1769384221541", "hash": "bacfda4f9f874402ded12f5d6669e02cdb0c2666", "bids": [{"price": "0.01", "size": "150.9"}, {"price": "0.02", "size": "75"}, {"price": "0.03", "size": "11.24"}, {"price": "0.04", "size": "10.47"}, {"price": "0.05", "size": "8.44"}, {"price": "0.15", "size": "2000"}], "asks": [{"price": "0.99", "size": "160.04"}, {"price": "0.98", "size": "80.35"}, {"price": "0.97", "size": "32.16"}, {"price": "0.92", "size": "8857.46"}, {"price": "0.91", "size": "5"}], "event_type": "book", "last_trade_price": "0.030"}, {"market": "0xaafd7ca7c80d3e7ccaf36e0a87996958226edacbb0526b7e4afdbe4723223829", "asset_id": "22282347280043712619296143960917406743732217874115308953869655624129256095418", "timestamp": "1769384441821", "hash": "041393fcf12892815de0acc3eff40f9472a056cd", "bids": [{"price": "0.01", "size": "84.88"}, {"price": "0.03", "size": "33"}, {"price": "0.04", "size": "5.78"}], "asks": [{"price": "0.99", "size": "67.09"}, {"price": "0.98", "size": "6.5"}, {"price": "0.95", "size": "20"}, {"price": "0.94", "size": "10.95"}], "event_type": "book", "last_trade_price": ""}, {"market": "0x7b66959c47b3e9d7794d7005af768877fb12701095829eb932f0488f57eed1e3", "asset_id": "5703239164534356355618910930194726689917317422060852517715587556944673826762", "timestamp": "1769381408599", "hash": "a367ec8dcbc17a7f2369ec16bc2e9568b195bd7e", "bids": [{"price": "0.01", "size": "100"}, {"price": "0.02", "size": "6.5"}, {"price": "0.04", "size": "25"}], "asks": [{"price": "0.99", "size": "67.09"}, {"price": "0.98", "size": "6.5"}, {"price": "0.95", "size": "20"}, {"price": "0.94", "size": "10.95"}], "event_type": "book", "last_trade_price": ""}, {"market": "0xf5efea463db16a818b442c57121fe1d1e38a40be552cd8cea28db85e2ab9b30c", "asset_id": "102344670436190789849474804305606926355108840969569967174495901245756023562146", "timestamp": "1769384440834", "hash": "2bc5d255834f1d5b2c451c0491ec03fad3ca64d2", "bids": [{"price": "0.01", "size": "67.09"}, {"price": "0.02", "size": "6.5"}, {"price": "0.05", "size": "20"}, {"price": "0.06", "size": "10.95"}], "asks": [{"price": "0.99", "size": "28.98"}, {"price": "0.98", "size": "39.51"}, {"price": "0.96", "size": "25"}], "event_type": "book", "last_trade_price": ""}, {"market": "0xd64f6b9f98e5d5ac03c828eec9e7c48f09315a0110847b50d0d85bf4179fae89", "asset_id": "81340598223686917353989651953437146249055128040625585335007349654365043914237", "timestamp": "1769384442330", "hash": "06c6a7f4c7d7ba54a04e39b2609950521034eb5f", "bids": [{"price": "0.01", "size": "30.04"}, {"price": "0.02", "size": "38.97"}, {"price": "0.04", "size": "30.31"}], "asks": [{"price": "0.99", "size": "67.09"}, {"price": "0.98", "size": "6.5"}, {"price": "0.95", "size": "20"}, {"price": "0.94", "size": "10.95"}], "event_type": "book", "last_trade_price": ""}, {"market": "0xab1fc0558c2b721385584b61fd350f5b9b2bc5b536b60c98e0da05beefe65123", "asset_id": "43787405634771237206958079367504262479759187149100564484898349869867379283025", "timestamp": "1769384445090", "hash": "6b9e26a12d614bf41e96902304451f5d8711aa0d", "bids": [{"price": "0.01", "size": "67.09"}, {"price": "0.02", "size": "6.5"}, {"price": "0.05", "size": "20"}, {"price": "0.06", "size": "10.95"}], "asks": [{"price": "0.99", "size": "108"}, {"price": "0.96", "size": "30.31"}], "event_type": "book", "last_trade_price": ""}, {"market": "0x32764096b20813c340feab561d10b602d3a3eaa48f8bd5268566d0bc1edd93c4", "asset_id": "76796969416548905140578398610006366226301094544018505241656910179483994278810", "timestamp": "1769384445089", "hash": "8e3714edbe5873938573193dbe0c9fd72ff5050a", "bids": [{"price": "0.01", "size": "67.09"}, {"price": "0.02", "size": "6.5"}, {"price": "0.05", "size": "20"}, {"price": "0.06", "size": "10.95"}], "asks": [{"price": "0.99", "size": "108"}, {"price": "0.96", "size": "25"}], "event_type": "book", "last_trade_price": ""}, {"market": "0x85cd9b6cbc9efe83dd00001de8e391663cfdca82153ed93a886a34e85c3817a9", "asset_id": "43998409881346845981163733796843160289290241010971995934204747467844864878294", "timestamp": "1769384441821", "hash": "ea705e708d98b9edfb67d7d59abeda843a2e3b5a", "bids": [{"price": "0.01", "size": "108"}, {"price": "0.04", "size": "25"}], "asks": [{"price": "0.99", "size": "67.09"}, {"price": "0.98", "size": "6.5"}, {"price": "0.95", "size": "20"}, {"price": "0.94", "size": "10.95"}], "event_type": "book", "last_trade_price": ""}, {"market": "0x2bbbaf9db1e7d92c8ee45e011c42922709b1a78ebb8e9d6f93eb75b4151fb78e", "asset_id": "26351854032478931231363564873281312021352388432702575620560388751862465262583", "timestamp": "1769381304501", "hash": "71b41b73b85123a11985b790eb3d49a779066976", "bids": [{"price": "0.01", "size": "100"}, {"price": "0.02", "size": "16.5"}], "asks": [{"price": "0.99", "size": "100"}, {"price": "0.98", "size": "21.97"}], "event_type": "book", "last_trade_price": ""}, {"market": "0x7a8a21202b036aa62fa9b182d5504c1d0fc79067587a47057661c3f566a4b22d", "asset_id": "99870143240816541623802514707843227119161628874478156515939883838400607421482", "timestamp": "1769381407116", "hash": "df8b60bf151b103cf1b6038a79ba5acb1e1b438d", "bids": [{"price": "0.01", "size": "100.02"}, {"price": "0.02", "size": "21.96"}], "asks": [{"price": "0.99", "size": "100"}, {"price": "0.98", "size": "16.5"}], "event_type": "book", "last_trade_price": ""}, {"market": "0xa1be36d0f392f119922ffb640054b4c9e65df23ce72d0573b86a6d87f1b188a8", "asset_id": "10108234864089589567717008472855952386380338526853886808783447767395935119001", "timestamp": "1769382012230", "hash": "1b651106a1ace99a8711490d49193064ea2e5471", "bids": [{"price": "0.01", "size": "100"}, {"price": "0.02", "size": "14"}], "asks": [{"price": "0.99", "size": "100"}, {"price": "0.98", "size": "21.97"}], "event_type": "book", "last_trade_price": ""}, {"market": "0x495541ff715d4c6ed0b15eda32d27a8f4200240f33c40625918781eadf51fc6d", "asset_id": "7803788429296422044307698061103486671642792381864939458686528412684418771020", "timestamp": "1769384438026", "hash": "74b5d9f9c85c60fb20ef22f042051cd7211b265f", "bids": [{"price": "0.01", "size": "67.09"}, {"price": "0.02", "size": "6.5"}, {"price": "0.05", "size": "20"}, {"price": "0.06", "size": "10.95"}], "asks": [{"price": "0.99", "size": "83.28"}, {"price": "0.97", "size": "33"}, {"price": "0.96", "size": "6.18"}], "event_type": "book", "last_trade_price": ""}, {"market": "0x8e4d81b9c6f167e6433a0b97aa4c3ed7a78ef90b4cbbbda9dcf5da274eda2005", "asset_id": "26885402320178536167326559962896758998157866461156073934480880481607924781395", "timestamp": "1769382651257", "hash": "16bbf3acf240016e2a4ba49bb9f2106d19b59849", "bids": [{"price": "0.01", "size": "100"}, {"price": "0.02", "size": "21.97"}], "asks": [{"price": "0.99", "size": "100"}, {"price": "0.98", "size": "16.5"}], "event_type": "book", "last_trade_price": ""}, {"market": "0xda84b21db345e6b63622a32494716670342b327a0a32c250ad5a49d2e85f4538", "asset_id": "69735801170844609135813662330103028638688003808734678880974505729262914180143", "timestamp": "1769382122264", "hash": "34de858a72f01fb4fa2a0018af5fb4e342edd045", "bids": [{"price": "0.01", "size": "100"}, {"price": "0.02", "size": "6.5"}, {"price": "0.04", "size": "25"}], "asks": [{"price": "0.99", "size": "67.09"}, {"price": "0.98", "size": "6.5"}, {"price": "0.95", "size": "20"}, {"price": "0.94", "size": "10.95"}], "event_type": "book", "last_trade_price": ""}, {"market": "0xd11d3cd14907f8bd0d163d9d5c367abdf6457a1f1554db78df3474535c80409c", "asset_id": "82716045104760012428470473325635519324942301156987561078328341666623800728189", "timestamp": "1769381989474", "hash": "b7a23bc2446a50935a737f39ec168e7c62502c83", "bids": [{"price": "0.01", "size": "67.09"}, {"price": "0.02", "size": "6.5"}, {"price": "0.05", "size": "20"}, {"price": "0.06", "size": "10.95"}], "asks": [{"price": "0.99", "size": "100"}, {"price": "0.98", "size": "6.5"}, {"price": "0.96", "size": "25"}], "event_type": "book", "last_trade_price": ""}, {"market": "0x576caae37ee3040280e1be9628f72aa2c1ddbcc4dd642dd27dcdd65725cc90df", "asset_id": "45349056960950927330121879689600825359395787843181573655548473258137793011413", "timestamp": "1769381408468", "hash": "4b2249200b2823a607246c380a44657e5f4c6731", "bids": [{"price": "0.01", "size": "100"}, {"price": "0.02", "size": "6.5"}, {"price": "0.04", "size": "25"}], "asks": [{"price": "0.99", "size": "67.09"}, {"price": "0.98", "size": "6.5"}, {"price": "0.95", "size": "20"}, {"price": "0.94", "size": "10.95"}], "event_type": "book", "last_trade_price": ""}, {"market": "0xa32432df3f2bbee3b01cd4411a3c90a146afac5632bcc49d3e3a2ac944e71a53", "asset_id": "65277849936091729497074739081227476479277353445485988103436113696420896974635", "timestamp": "1769384045242", "hash": "295379ad6bc2ab835a50e86ec4979274e9ee4fd9", "bids": [{"price": "0.01", "size": "144.96"}, {"price": "0.02", "size": "75"}, {"price": "0.03", "size": "11.08"}, {"price": "0.07", "size": "5982"}, {"price": "0.09", "size": "606.16"}, {"price": "0.1", "size": "5.48"}, {"price": "0.3", "size": "555"}, {"price": "0.31", "size": "540"}, {"price": "0.32", "size": "560"}], "asks": [{"price": "0.99", "size": "151.16"}, {"price": "0.98", "size": "75"}, {"price": "0.97", "size": "27.28"}, {"price": "0.96", "size": "5.47"}, {"price": "0.92", "size": "6940"}, {"price": "0.86", "size": "9.8"}], "event_type": "book", "last_trade_price": "0.690"}, {"market": "0x00a6d77a8d0345ea724a7c783b95dd6846c1c8ee444ba301e8c78afbacdcff65", "asset_id": "68659501519216729981657776855109076953745443652427790626261914620783478472923", "timestamp": "1769381407429", "hash": "a4204f62f899752e1ac938da8b50fe53249b2b49", "bids": [{"price": "0.01", "size": "100"}, {"price": "0.02", "size": "6.5"}, {"price": "0.04", "size": "25"}], "asks": [{"price": "0.99", "size": "67.09"}, {"price": "0.98", "size": "6.5"}, {"price": "0.95", "size": "20"}, {"price": "0.94", "size": "10.95"}], "event_type": "book", "last_trade_price": ""}, {"market": "0xeefd2ae03060c60038308af4a6241726a1010de1d662d6e52246418c2b73cc50", "asset_id": "9883894062365326896592126239587570130976717439774475206318331707770892757584", "timestamp": "1769384442330", "hash": "e562a960edc146447626e769f971f2d93ed8ac03", "bids": [{"price": "0.01", "size": "30.04"}, {"price": "0.02", "size": "38.97"}, {"price": "0.04", "size": "30.31"}], "asks": [{"price": "0.99", "size": "67.09"}, {"price": "0.98", "size": "6.5"}, {"price": "0.95", "size": "20"}, {"price": "0.94", "size": "10.95"}], "event_type": "book", "last_trade_price": ""}, {"market": "0x8e4d81b9c6f167e6433a0b97aa4c3ed7a78ef90b4cbbbda9dcf5da274eda2005", "asset_id": "48716739427396997388785268172213284656802372885426017377020411874577195498508", "timestamp": "1769382651257", "hash": "f0c6c268c57afb072843315ece22d63312ac61fc", "bids": [{"price": "0.01", "size": "100"}, {"price": "0.02", "size": "16.5"}], "asks": [{"price": "0.99", "size": "100"}, {"price": "0.98", "size": "21.97"}], "event_type": "book", "last_trade_price": ""}, {"market": "0x96594cd0e3bb40760ccf4ddf9b2168b062723625b68b73ca1fff10342d9b7782", "asset_id": "16215889044933102237616087156593010997453882627000153373435840826284741185376", "timestamp": "1769382647442", "hash": "57dd1a511b1801c72fe16759aca9cb4c1d3129ad", "bids": [{"price": "0.01", "size": "1417.05"}, {"price": "0.02", "size": "300"}, {"price": "0.03", "size": "5.25"}, {"price": "0.05", "size": "220"}, {"price": "0.06", "size": "12.53"}, {"price": "0.2", "size": "14.49"}, {"price": "0.24", "size": "14.49"}, {"price": "0.3", "size": "24004.82"}, {"price": "0.31", "size": "857.98"}, {"price": "0.33", "size": "555"}, {"price": "0.34", "size": "555"}, {"price": "0.35", "size": "555"}, {"price": "0.36", "size": "555"}, {"price": "0.37", "size": "14574.17"}], "asks": [{"price": "0.99", "size": "1423.07"}, {"price": "0.98", "size": "300"}, {"price": "0.97", "size": "10.5"}, {"price": "0.95", "size": "220"}, {"price": "0.9", "size": "150"}, {"price": "0.89", "size": "5.31"}, {"price": "0.66", "size": "136.04"}, {"price": "0.58", "size": "5"}, {"price": "0.4", "size": "19.98"}, {"price": "0.39", "size": "14702.73"}, {"price": "0.38", "size": "17818.14"}], "event_type": "book", "last_trade_price": "0.630"}, {"market": "0xbb7b58ee374c0812805e2505ad16dfde67b1f77dcec19f2783a784cec6f79e01", "asset_id": "31474204278938562423912617601175534421502054125658549438895581957090521066425", "timestamp": "1769382653719", "hash": "c2643e80f577600cb3aaa1aa685a14a832ce0bca", "bids": [{"price": "0.01", "size": "98.99"}, {"price": "0.02", "size": "37"}, {"price": "0.03", "size": "5.47"}, {"price": "0.1", "size": "10"}, {"price": "0.15", "size": "99995.02"}, {"price": "0.16", "size": "118.12"}, {"price": "0.17", "size": "96.67"}, {"price": "0.18", "size": "304"}], "asks": [{"price": "0.99", "size": "78.24"}, {"price": "0.98", "size": "18.5"}, {"price": "0.9", "size": "100213"}, {"price": "0.89", "size": "5.24"}, {"price": "0.52", "size": "2042"}, {"price": "0.5", "size": "173.88"}, {"price": "0.48", "size": "18913.65"}, {"price": "0.47", "size": "16"}], "event_type": "book", "last_trade_price": "0.210"}, {"market": "0x7a8a21202b036aa62fa9b182d5504c1d0fc79067587a47057661c3f566a4b22d", "asset_id": "51093817852718392652366863978113727562876991611716408107900104567352376017022", "timestamp": "1769381407116", "hash": "cea4572b6d4da626245ea8a7405fc6ad446b8b4c", "bids": [{"price": "0.01", "size": "100"}, {"price": "0.02", "size": "16.5"}], "asks": [{"price": "0.99", "size": "100.02"}, {"price": "0.98", "size": "21.96"}], "event_type": "book", "last_trade_price": ""}, {"market": "0xbb7b58ee374c0812805e2505ad16dfde67b1f77dcec19f2783a784cec6f79e01", "asset_id": "47027688581004836204979941068132296125011047847688039136588807495226212069410", "timestamp": "1769382653719", "hash": "fa0bce8390e617b8796714eea77c9ccb01fa7ee6", "bids": [{"price": "0.01", "size": "78.24"}, {"price": "0.02", "size": "18.5"}, {"price": "0.1", "size": "100213"}, {"price": "0.11", "size": "5.24"}, {"price": "0.48", "size": "2042"}, {"price": "0.5", "size": "173.88"}, {"price": "0.52", "size": "18913.65"}, {"price": "0.53", "size": "16"}], "asks": [{"price": "0.99", "size": "98.99"}, {"price": "0.98", "size": "37"}, {"price": "0.97", "size": "5.47"}, {"price": "0.9", "size": "10"}, {"price": "0.85", "size": "99995.02"}, {"price": "0.84", "size": "118.12"}, {"price": "0.83", "size": "96.67"}, {"price": "0.82", "size": "304"}], "event_type": "book", "last_trade_price": "0.210"}, {"market": "0xa58487123be88f1ac04a176952dfbb742d1e595adebdd885718a32083595c893", "asset_id": "11838606356804776067174147321294792977237034901220664143630680045727772252958", "timestamp": "1769382818713", "hash": "d9b469d395b0a6cda46b0f69c7a0f44c03bfff74", "bids": [{"price": "0.01", "size": "100"}, {"price": "0.02", "size": "6.5"}, {"price": "0.04", "size": "25"}], "asks": [{"price": "0.99", "size": "67.11"}, {"price": "0.98", "size": "6.5"}, {"price": "0.95", "size": "20"}, {"price": "0.94", "size": "10.95"}], "event_type": "book", "last_trade_price": ""}, {"market": "0xdf98894c5914b4c351d66309457e62e1e73b7043541087cbdbaaff0499a982be", "asset_id": "24143329029936373909456444495655584162890181354206385196743692310561167056542", "timestamp": "1769381025624", "hash": "bcfc0260e59d707d4876241edeeb252fea9e4479", "bids": [{"price": "0.01", "size": "100"}, {"price": "0.02", "size": "6.5"}, {"price": "0.04", "size": "25"}], "asks": [{"price": "0.99", "size": "67.09"}, {"price": "0.95", "size": "20"}, {"price": "0.94", "size": "10.95"}], "event_type": "book", "last_trade_price": ""}, {"market": "0xb8dbe72037a4f708f9e5ffecb81b65eabde8c4503f5ce4abd98509af7ac3706c", "asset_id": "51683896038820288945328685271512441260080416914048187185797917140795977647073", "timestamp": "1769381041035", "hash": "092f3182ab5b9e1ea85468dd544ca6ec4e3c74d2", "bids": [{"price": "0.01", "size": "67.09"}, {"price": "0.02", "size": "6.5"}, {"price": "0.05", "size": "20"}, {"price": "0.06", "size": "10.95"}], "asks": [{"price": "0.99", "size": "100"}, {"price": "0.98", "size": "6.5"}, {"price": "0.96", "size": "25"}], "event_type": "book", "last_trade_price": ""}, {"market": "0xd64f6b9f98e5d5ac03c828eec9e7c48f09315a0110847b50d0d85bf4179fae89", "asset_id": "95950732552596602629875570600898657296222341661544973013114145954108336564992", "timestamp": "1769384442330", "hash": "14d2ae592460d1c098953cc09c04b7682ec0c3b4", "bids": [{"price": "0.01", "size": "67.09"}, {"price": "0.02", "size": "6.5"}, {"price": "0.05", "size": "20"}, {"price": "0.06", "size": "10.95"}], "asks": [{"price": "0.99", "size": "30.04"}, {"price": "0.98", "size": "38.97"}, {"price": "0.96", "size": "30.31"}], "event_type": "book", "last_trade_price": ""}, {"market": "0x32764096b20813c340feab561d10b602d3a3eaa48f8bd5268566d0bc1edd93c4", "asset_id": "35861866099952482785645753833379147351005826928034997534774823685591510092381", "timestamp": "1769384445089", "hash": "3e928401dac7acf59ec31007f5399a68412b5da6", "bids": [{"price": "0.01", "size": "108"}, {"price": "0.04", "size": "25"}], "asks": [{"price": "0.99", "size": "67.09"}, {"price": "0.98", "size": "6.5"}, {"price": "0.95", "size": "20"}, {"price": "0.94", "size": "10.95"}], "event_type": "book", "last_trade_price": ""}, {"market": "0xa58487123be88f1ac04a176952dfbb742d1e595adebdd885718a32083595c893", "asset_id": "73567425180914509341639279959869939173572902805888448626234647760831801265084", "timestamp": "1769382818713", "hash": "2640fd3d3d1c4ed6f8d7c483a079ed90c9acf349", "bids": [{"price": "0.01", "size": "67.11"}, {"price": "0.02", "size": "6.5"}, {"price": "0.05", "size": "20"}, {"price": "0.06", "size": "10.95"}], "asks": [{"price": "0.99", "size": "100"}, {"price": "0.98", "size": "6.5"}, {"price": "0.96", "size": "25"}], "event_type": "book", "last_trade_price": ""}, {"market": "0x5bb2af80386219014c0bec2c46de472e91a6faebb2605a3cdabd0358e6f6a5b7", "asset_id": "22932485721882583735869379173323026239431049048717141876967691497658334257323", "timestamp": "1769383794095", "hash": "aa05a308600eb8a750423033194836c88f71dfc9", "bids": [{"price": "0.01", "size": "100"}, {"price": "0.02", "size": "6.5"}, {"price": "0.04", "size": "25"}], "asks": [{"price": "0.99", "size": "67.09"}, {"price": "0.98", "size": "6.5"}, {"price": "0.95", "size": "20"}, {"price": "0.94", "size": "10.95"}], "event_type": "book", "last_trade_price": ""}, {"market": "0x5a4c1a7343a57e26158c2a9d44c8dd1641559ac9a923c62523ed8d730c621ce0", "asset_id": "49206558202345805488373232821793754445908497082931808277952699323063029867505", "timestamp": "1769381031960", "hash": "e069445dc34e5704eceb36bb5394ee4c516ef819", "bids": [{"price": "0.01", "size": "67.09"}, {"price": "0.02", "size": "6.5"}, {"price": "0.05", "size": "20"}, {"price": "0.06", "size": "10.95"}], "asks": [{"price": "0.99", "size": "100"}, {"price": "0.98", "size": "6.5"}, {"price": "0.96", "size": "25"}], "event_type": "book", "last_trade_price": ""}, {"market": "0xc9d5bf072c0af15ae31ea30c8d325075e71e5c4e9e3808e294e01c5a9eaa6ae5", "asset_id": "71107586566763495588175229928937456739159713549030366880708207908854455783684", "timestamp": "1769382002395", "hash": "0d6ad296e97882c3985788073b40e41a6840f8c0", "bids": [{"price": "0.01", "size": "100"}, {"price": "0.02", "size": "16.5"}], "asks": [{"price": "0.99", "size": "100"}, {"price": "0.98", "size": "21.97"}], "event_type": "book", "last_trade_price": ""}, {"market": "0x445b1ed638945ed6f3412b8acdad659edb3e8710d1182a79d30a12e740cf762f", "asset_id": "2025766273729335092683251334754234783892220300113160741825200703517260076582", "timestamp": "1769382297871", "hash": "e97d15c8dd33e179cf1af558d545a45926eb5ba1", "bids": [{"price": "0.01", "size": "67.09"}, {"price": "0.02", "size": "6.5"}, {"price": "0.05", "size": "20"}, {"price": "0.06", "size": "10.95"}], "asks": [{"price": "0.99", "size": "100"}, {"price": "0.98", "size": "6.5"}, {"price": "0.96", "size": "25"}], "event_type": "book", "last_trade_price": ""}, {"market": "0x48365895f8f9fa0544725f249d75ba2d6fb17b5d9062e584587921fd6e7a9c5f", "asset_id": "79808751713151072256570834080591671515399432038291477518019175413610876901590", "timestamp": "1769383150625", "hash": "6d8dd6dc288eb44d16d2b5c044c11ecef1b43fcf", "bids": [{"price": "0.001", "size": "120.4"}, {"price": "0.002", "size": "48.97"}, {"price": "0.01", "size": "133"}, {"price": "0.02", "size": "75"}, {"price": "0.021", "size": "15.42"}, {"price": "0.1", "size": "7.92"}, {"price": "0.101", "size": "5.67"}, {"price": "0.5", "size": "245.2"}, {"price": "0.51", "size": "15.12"}], "asks": [{"price": "0.999", "size": "120.75"}, {"price": "0.998", "size": "53.3"}, {"price": "0.99", "size": "142.61"}, {"price": "0.98", "size": "39.58"}, {"price": "0.979", "size": "15.05"}, {"price": "0.93", "size": "8888"}, {"price": "0.91", "size": "5000"}, {"price": "0.909", "size": "6.28"}, {"price": "0.7", "size": "555"}, {"price": "0.69", "size": "555"}, {"price": "0.65", "size": "555"}, {"price": "0.64", "size": "555"}, {"price": "0.628", "size": "555"}, {"price": "0.626", "size": "555"}, {"price": "0.625", "size": "555"}, {"price": "0.624", "size": "673.39"}], "event_type": "book", "last_trade_price": "0.376"}, {"market": "0x99b605c15db77c8450dd8c1509c818741dac23efcae49b24d39e76002393fece", "asset_id": "21888735935396092865322510169345708962601175282050303580145790898659218897898", "timestamp": "1769384445624", "hash": "35a962ceca94756ba4c237fb306113e4f84283db", "bids": [{"price": "0.01", "size": "67.09"}, {"price": "0.02", "size": "6.5"}, {"price": "0.05", "size": "20"}, {"price": "0.06", "size": "10.95"}], "asks": [{"price": "0.99", "size": "8"}, {"price": "0.96", "size": "25"}], "event_type": "book", "last_trade_price": ""}, {"market": "0xa4760f4f0dc8d131cd4609368e957ab2a801259fc273e7fd3a9ad4433544e58d", "asset_id": "69126689322402166787272517490043372585374690992839708255392213821025783300667", "timestamp": "1769382683542", "hash": "ef659236fed875c47d8e89d8e7183c94f42a944e", "bids": [{"price": "0.01", "size": "67.12"}, {"price": "0.02", "size": "6.5"}, {"price": "0.05", "size": "20"}, {"price": "0.06", "size": "10.95"}], "asks": [{"price": "0.99", "size": "100"}, {"price": "0.98", "size": "6.5"}, {"price": "0.96", "size": "25"}], "event_type": "book", "last_trade_price": ""}, {"market": "0x85cd9b6cbc9efe83dd00001de8e391663cfdca82153ed93a886a34e85c3817a9", "asset_id": "68264262751985716190315097365544254790941745420824391958935335416619050949882", "timestamp": "1769384441821", "hash": "f5e30dd82d8673e0f7ae6ea3685694f7259ece33", "bids": [{"price": "0.01", "size": "67.09"}, {"price": "0.02", "size": "6.5"}, {"price": "0.05", "size": "20"}, {"price": "0.06", "size": "10.95"}], "asks": [{"price": "0.99", "size": "108"}, {"price": "0.96", "size": "25"}], "event_type": "book", "last_trade_price": ""}, {"market": "0x495541ff715d4c6ed0b15eda32d27a8f4200240f33c40625918781eadf51fc6d", "asset_id": "52803374562018467831564072252888403657754668398371559998678519445005520302742", "timestamp": "1769384438026", "hash": "349efe7a7c25626057b6cec3831cd2b5fcbfd5a1", "bids": [{"price": "0.01", "size": "83.28"}, {"price": "0.03", "size": "33"}, {"price": "0.04", "size": "6.18"}], "asks": [{"price": "0.99", "size": "67.09"}, {"price": "0.98", "size": "6.5"}, {"price": "0.95", "size": "20"}, {"price": "0.94", "size": "10.95"}], "event_type": "book", "last_trade_price": ""}, {"market": "0x7b66959c47b3e9d7794d7005af768877fb12701095829eb932f0488f57eed1e3", "asset_id": "76112025214772746686852165291370191011160045546088964519485482410975123629227", "timestamp": "1769381408599", "hash": "d7c067652e2da05dbadd8f3c45e8baca125155ae", "bids": [{"price": "0.01", "size": "67.09"}, {"price": "0.02", "size": "6.5"}, {"price": "0.05", "size": "20"}, {"price": "0.06", "size": "10.95"}], "asks": [{"price": "0.99", "size": "100"}, {"price": "0.98", "size": "6.5"}, {"price": "0.96", "size": "25"}], "event_type": "book", "last_trade_price": ""}, {"market": "0x54fa148f5f6e94c1832e0ab0461f937f957433c59a645ad38a5d01aa7e2a5e4e", "asset_id": "17346784782247438391197361318697623921860035144404912490436024433939836018045", "timestamp": "1769384122521", "hash": "971c0bdec7e4a41f3b8a933bb21fa906578f17fc", "bids": [{"price": "0.01", "size": "143.34"}, {"price": "0.02", "size": "75"}, {"price": "0.03", "size": "29.88"}, {"price": "0.16", "size": "51.3"}, {"price": "0.37", "size": "6"}, {"price": "0.49", "size": "3085.81"}, {"price": "0.5", "size": "127"}], "asks": [{"price": "0.99", "size": "153.72"}, {"price": "0.98", "size": "75"}, {"price": "0.97", "size": "29.62"}, {"price": "0.71", "size": "1081.19"}, {"price": "0.67", "size": "50"}, {"price": "0.66", "size": "50"}, {"price": "0.65", "size": "50"}, {"price": "0.64", "size": "83.59"}, {"price": "0.63", "size": "3170.58"}, {"price": "0.61", "size": "131"}, {"price": "0.6", "size": "30"}], "event_type": "book", "last_trade_price": "0.450"}, {"market": "0x641a11579aad0b34123245ef96ff5a1f93b98c482596bcea7431cb1a1c8716c3", "asset_id": "25029321673653028024756110166707262773145268991807446549630816464801028738117", "timestamp": "1769381031170", "hash": "ee9c574325659d9acf216298220d0f9ea1df10fa", "bids": [{"price": "0.01", "size": "100"}, {"price": "0.02", "size": "6.5"}, {"price": "0.04", "size": "25"}], "asks": [{"price": "0.99", "size": "67.09"}, {"price": "0.98", "size": "6.5"}, {"price": "0.95", "size": "20"}, {"price": "0.94", "size": "10.95"}], "event_type": "book", "last_trade_price": ""}, {"market": "0x8a08c2ce34de2b9ed8969bb2c496a5f2951c0227b073c3f5d7fc4b8660eafdc4", "asset_id": "106058346862405319659281283765067941257188703708333038499816092018986803534225", "timestamp": "1769384445089", "hash": "4d72ceac404eac9ceb05f03f890766a22243d4df", "bids": [{"price": "0.01", "size": "108"}, {"price": "0.04", "size": "25"}], "asks": [{"price": "0.99", "size": "67.09"}, {"price": "0.98", "size": "6.5"}, {"price": "0.95", "size": "20"}, {"price": "0.94", "size": "10.95"}], "event_type": "book", "last_trade_price": ""}, {"market": "0x4cf9529c9266f1c1f5cf712b5c00bbf1d963d77893b1a1a9e88368c8a0307e3e", "asset_id": "100602409168566637599770160846933787957919310091756160947993485642577360558590", "timestamp": "1769384442330", "hash": "1b6fd640da7144c79d212267220bbfe4318a1c22", "bids": [{"price": "0.01", "size": "100"}, {"price": "0.02", "size": "11.97"}, {"price": "0.3", "size": "1000"}], "asks": [{"price": "0.99", "size": "15.55"}, {"price": "0.98", "size": "46.22"}, {"price": "0.91", "size": "5"}, {"price": "0.89", "size": "5"}, {"price": "0.8", "size": "1000"}], "event_type": "book", "last_trade_price": ""}, {"market": "0x54fa148f5f6e94c1832e0ab0461f937f957433c59a645ad38a5d01aa7e2a5e4e", "asset_id": "98771727312470523513687749701774132696985961234918794268719756448282130006901", "timestamp": "1769384122521", "hash": "75201eab8d316a75aae2ae9b3f9e06fb88fa81cd", "bids": [{"price": "0.01", "size": "153.72"}, {"price": "0.02", "size": "75"}, {"price": "0.03", "size": "29.62"}, {"price": "0.29", "size": "1081.19"}, {"price": "0.33", "size": "50"}, {"price": "0.34", "size": "50"}, {"price": "0.35", "size": "50"}, {"price": "0.36", "size": "83.59"}, {"price": "0.37", "size": "3170.58"}, {"price": "0.39", "size": "131"}, {"price": "0.4", "size": "30"}], "asks": [{"price": "0.99", "size": "143.34"}, {"price": "0.98", "size": "75"}, {"price": "0.97", "size": "29.88"}, {"price": "0.84", "size": "51.3"}, {"price": "0.63", "size": "6"}, {"price": "0.51", "size": "3085.81"}, {"price": "0.5", "size": "127"}], "event_type": "book", "last_trade_price": "0.450"}, {"market": "0xeefd2ae03060c60038308af4a6241726a1010de1d662d6e52246418c2b73cc50", "asset_id": "102047403289167290975047675569013567984984194724389414198671907265117523555574", "timestamp": "1769384442330", "hash": "22693bff9644f3165fce4508f9926f5d9e2a6736", "bids": [{"price": "0.01", "size": "67.09"}, {"price": "0.02", "size": "6.5"}, {"price": "0.05", "size": "20"}, {"price": "0.06", "size": "10.95"}], "asks": [{"price": "0.99", "size": "30.04"}, {"price": "0.98", "size": "38.97"}, {"price": "0.96", "size": "30.31"}], "event_type": "book", "last_trade_price": ""}, {"market": "0x4455336f94c7eec499a701c4577135859d88545071bd9bf4e2674b8ae10051c7", "asset_id": "15897709208972776136664115504653937903579780862589315673986333382200729839123", "timestamp": "1769384275000", "hash": "121a9e92c21d5535f2ea885c7198eb2b3f61001e", "bids": [{"price": "0.001", "size": "4127.5"}, {"price": "0.002", "size": "161.05"}, {"price": "0.01", "size": "13"}, {"price": "0.011", "size": "11.81"}, {"price": "0.04", "size": "25"}, {"price": "0.041", "size": "25"}, {"price": "0.042", "size": "12.74"}, {"price": "0.1", "size": "7.68"}, {"price": "0.101", "size": "5.47"}], "asks": [{"price": "0.999", "size": "1174.79"}, {"price": "0.998", "size": "228.54"}, {"price": "0.99", "size": "13"}], "event_type": "book", "last_trade_price": ""}, {"market": "0xf8abf41f1af346ef63bae6faa4ba5974035e18af61b56e2dd1054d293746f03d", "asset_id": "29445521599507836258045451326205552253913591669663506336788488288338134933684", "timestamp": "1769381311027", "hash": "c864b237440dd8f12801f7d0c00dc63517992a36", "bids": [{"price": "0.01", "size": "100"}, {"price": "0.02", "size": "6.5"}, {"price": "0.04", "size": "25"}], "asks": [{"price": "0.99", "size": "67.09"}, {"price": "0.98", "size": "6.5"}, {"price": "0.95", "size": "20"}, {"price": "0.94", "size": "10.95"}], "event_type": "book", "last_trade_price": ""}, {"market": "0xa1be36d0f392f119922ffb640054b4c9e65df23ce72d0573b86a6d87f1b188a8", "asset_id": "110468226507885428665780370951792867398033449700874227652570477498209943213102", "timestamp": "1769382012230", "hash": "0f4a89ebba926614a709a95cd2084819956b8031", "bids": [{"price": "0.01", "size": "100"}, {"price": "0.02", "size": "21.97"}], "asks": [{"price": "0.99", "size": "100"}, {"price": "0.98", "size": "14"}], "event_type": "book", "last_trade_price": ""}, {"market": "0x346c85b1efe7812413770f1d93d75580af7c1daacbe5c8bfa3a6de1a47ccb8fe", "asset_id": "77555577169164257157842499874314910793401677222102184810644347683082522628176", "timestamp": "1769384441821", "hash": "5419cc6e079ed61836b9fc3f94a2c7123e7d8862", "bids": [{"price": "0.01", "size": "67.09"}, {"price": "0.02", "size": "6.5"}, {"price": "0.05", "size": "20"}, {"price": "0.06", "size": "10.95"}], "asks": [{"price": "0.99", "size": "84.88"}, {"price": "0.97", "size": "33"}, {"price": "0.96", "size": "5.78"}], "event_type": "book", "last_trade_price": ""}, {"market": "0x614abf5dc5366d03a28c9d2e0374b81155912d7dc482689ac5408de2cb8e8f3a", "asset_id": "108757612526192789942355956185626415704192121122810118256114979884302598258169", "timestamp": "1769384441821", "hash": "7c5339dfec4507954bb50dd1f8369bbadc4302e5", "bids": [{"price": "0.01", "size": "108"}, {"price": "0.04", "size": "25"}], "asks": [{"price": "0.99", "size": "67.09"}, {"price": "0.98", "size": "6.5"}, {"price": "0.95", "size": "20"}, {"price": "0.94", "size": "10.95"}], "event_type": "book", "last_trade_price": ""}, {"market": "0x6981bcd98a1d9cfafed57b6c83f1db1b943817cdea1c2cf5ee421cfc01b1b7ec", "asset_id": "12986027676138379190858310037698008968051467665358221233574868019457640871578", "timestamp": "1769382246742", "hash": "11158bf2cb4985dd3e87b297299e1e6290c29cd6", "bids": [{"price": "0.01", "size": "100"}, {"price": "0.02", "size": "6.5"}, {"price": "0.04", "size": "25"}], "asks": [{"price": "0.99", "size": "67.13"}, {"price": "0.98", "size": "6.49"}, {"price": "0.95", "size": "20"}, {"price": "0.94", "size": "10.94"}], "event_type": "book", "last_trade_price": ""}, {"market": "0x4cf9529c9266f1c1f5cf712b5c00bbf1d963d77893b1a1a9e88368c8a0307e3e", "asset_id": "7512438079544232824771358292679659180491703971275419959237477435978715697467", "timestamp": "1769384442330", "hash": "2d807d17541829864b200fd29200a83796afd9e2", "bids": [{"price": "0.01", "size": "15.55"}, {"price": "0.02", "size": "46.22"}, {"price": "0.09", "size": "5"}, {"price": "0.11", "size": "5"}, {"price": "0.2", "size": "1000"}], "asks": [{"price": "0.99", "size": "100"}, {"price": "0.98", "size": "11.97"}, {"price": "0.7", "size": "1000"}], "event_type": "book", "last_trade_price": ""}, {"market": "0xce1e3f6996807e224f00ac2e64aa57458bd95bcaf3c62a82c7bdebc7416699b1", "asset_id": "20975435070682328167720632865482198228695328164166213509855891536399852269691", "timestamp": "1769381304502", "hash": "7b22bfc46269254f23d1107d03266f0e95c797bb", "bids": [{"price": "0.01", "size": "200082.27"}, {"price": "0.02", "size": "23.4"}, {"price": "0.07", "size": "205.47"}, {"price": "0.08", "size": "105.48"}, {"price": "0.1", "size": "204.48"}, {"price": "0.13", "size": "120"}], "asks": [{"price": "0.99", "size": "100"}, {"price": "0.98", "size": "36.5"}, {"price": "0.89", "size": "50000"}, {"price": "0.56", "size": "82.87"}], "event_type": "book", "last_trade_price": "0.560"}, {"market": "0x346c85b1efe7812413770f1d93d75580af7c1daacbe5c8bfa3a6de1a47ccb8fe", "asset_id": "2976043315479472160704439907906597799002391422909995080760380458138860950320", "timestamp": "1769384441821", "hash": "2325b663ca1989401caf2b919be41209617ec160", "bids": [{"price": "0.01", "size": "84.88"}, {"price": "0.03", "size": "33"}, {"price": "0.04", "size": "5.78"}], "asks": [{"price": "0.99", "size": "67.09"}, {"price": "0.98", "size": "6.5"}, {"price": "0.95", "size": "20"}, {"price": "0.94", "size": "10.95"}], "event_type": "book", "last_trade_price": ""}, {"market": "0xab1fc0558c2b721385584b61fd350f5b9b2bc5b536b60c98e0da05beefe65123", "asset_id": "74641521423813891782112861504940371275269043029979178422963843174055083873333", "timestamp": "1769384445090", "hash": "39f550135ff09b11dbc868f467d83a315a44de8a", "bids": [{"price": "0.01", "size": "108"}, {"price": "0.04", "size": "30.31"}], "asks": [{"price": "0.99", "size": "67.09"}, {"price": "0.98", "size": "6.5"}, {"price": "0.95", "size": "20"}, {"price": "0.94", "size": "10.95"}], "event_type": "book", "last_trade_price": ""}, {"market": "0xa4760f4f0dc8d131cd4609368e957ab2a801259fc273e7fd3a9ad4433544e58d", "asset_id": "9018753268534649212634342866903253106703257416493381840987599385725700197830", "timestamp": "1769382683542", "hash": "c6bb03bfd003f69d20da0769829537b5770a627d", "bids": [{"price": "0.01", "size": "100"}, {"price": "0.02", "size": "6.5"}, {"price": "0.04", "size": "25"}], "asks": [{"price": "0.99", "size": "67.12"}, {"price": "0.98", "size": "6.5"}, {"price": "0.95", "size": "20"}, {"price": "0.94", "size": "10.95"}], "event_type": "book", "last_trade_price": ""}, {"market": "0x4455336f94c7eec499a701c4577135859d88545071bd9bf4e2674b8ae10051c7", "asset_id": "94012278062402346078464966602391506978996388208116816128110495858467024642678", "timestamp": "1769384275000", "hash": "eb6b65ff571e7f65cc4ea28af33a67903cae8c4c", "bids": [{"price": "0.001", "size": "1174.79"}, {"price": "0.002", "size": "228.54"}, {"price": "0.01", "size": "13"}], "asks": [{"price": "0.999", "size": "4127.5"}, {"price": "0.998", "size": "161.05"}, {"price": "0.99", "size": "13"}, {"price": "0.989", "size": "11.81"}, {"price": "0.96", "size": "25"}, {"price": "0.959", "size": "25"}, {"price": "0.958", "size": "12.74"}, {"price": "0.9", "size": "7.68"}, {"price": "0.899", "size": "5.47"}], "event_type": "book", "last_trade_price": ""}, {"market": "0xdf98894c5914b4c351d66309457e62e1e73b7043541087cbdbaaff0499a982be", "asset_id": "35488440954525475801313411346470959367815342969923817934973046606664595420531", "timestamp": "1769381025624", "hash": "1e5b42c0794822a9875a5adb8d704e57a6bc33dd", "bids": [{"price": "0.01", "size": "67.09"}, {"price": "0.05", "size": "20"}, {"price": "0.06", "size": "10.95"}], "asks": [{"price": "0.99", "size": "100"}, {"price": "0.98", "size": "6.5"}, {"price": "0.96", "size": "25"}], "event_type": "book", "last_trade_price": ""}, {"market": "0xeb8a81083e6543d99ab5b98e31c197241a92cd9697f7c3c1e6fbf9a8a12c2f36", "asset_id": "57673657350235596154935966922272472201476665601339368861313128057982983614842", "timestamp": "1769384221541", "hash": "c06fb2f7330fe5c18749d348be30aca5197daab5", "bids": [{"price": "0.01", "size": "160.04"}, {"price": "0.02", "size": "80.35"}, {"price": "0.03", "size": "32.16"}, {"price": "0.08", "size": "8857.46"}, {"price": "0.09", "size": "5"}], "asks": [{"price": "0.99", "size": "150.9"}, {"price": "0.98", "size": "75"}, {"price": "0.97", "size": "11.24"}, {"price": "0.96", "size": "10.47"}, {"price": "0.95", "size": "8.44"}, {"price": "0.85", "size": "2000"}], "event_type": "book", "last_trade_price": "0.030"}, {"market": "0x830cda5922ff0ec50d67920329c2b528f82bf24d5dc0c4f69ca03a17208bfed3", "asset_id": "51044142392536406362922170389694301286325248782021253141321696055282960460724", "timestamp": "1769382246738", "hash": "460e256a72ad9763a0e26f4d5b6813a66ad73d38", "bids": [{"price": "0.01", "size": "100"}, {"price": "0.02", "size": "6.5"}, {"price": "0.04", "size": "25"}], "asks": [{"price": "0.99", "size": "67.07"}, {"price": "0.98", "size": "6.52"}, {"price": "0.95", "size": "20"}, {"price": "0.94", "size": "10.95"}], "event_type": "book", "last_trade_price": ""}, {"market": "0xb8dbe72037a4f708f9e5ffecb81b65eabde8c4503f5ce4abd98509af7ac3706c", "asset_id": "107679866392092098961007223554289799530667485966520574895885598582630145367183", "timestamp": "1769381041035", "hash": "83cc3f116c372e38ebb9fd691147f1dd172b8bb2", "bids": [{"price": "0.01", "size": "100"}, {"price": "0.02", "size": "6.5"}, {"price": "0.04", "size": "25"}], "asks": [{"price": "0.99", "size": "67.09"}, {"price": "0.98", "size": "6.5"}, {"price": "0.95", "size": "20"}, {"price": "0.94", "size": "10.95"}], "event_type": "book", "last_trade_price": ""}, {"market": "0xda84b21db345e6b63622a32494716670342b327a0a32c250ad5a49d2e85f4538", "asset_id": "14336789295159006912247945262023602932324021761069929149094326025723822467976", "timestamp": "1769382122264", "hash": "a62fa0ccd1e20409d0d3938cde98cebb3fc0f562", "bids": [{"price": "0.01", "size": "67.09"}, {"price": "0.02", "size": "6.5"}, {"price": "0.05", "size": "20"}, {"price": "0.06", "size": "10.95"}], "asks": [{"price": "0.99", "size": "100"}, {"price": "0.98", "size": "6.5"}, {"price": "0.96", "size": "25"}], "event_type": "book", "last_trade_price": ""}, {"market": "0x00a6d77a8d0345ea724a7c783b95dd6846c1c8ee444ba301e8c78afbacdcff65", "asset_id": "114150906652068165517336090535171866487547996290489417386219097671684406401118", "timestamp": "1769381407429", "hash": "8553d2c3768bbe4e89c0b5f97a39afcdf886643b", "bids": [{"price": "0.01", "size": "67.09"}, {"price": "0.02", "size": "6.5"}, {"price": "0.05", "size": "20"}, {"price": "0.06", "size": "10.95"}], "asks": [{"price": "0.99", "size": "100"}, {"price": "0.98", "size": "6.5"}, {"price": "0.96", "size": "25"}], "event_type": "book", "last_trade_price": ""}, {"market": "0x326717b826838876281641ca9512b3076dd7cd519ac4178ed90babf244f4a5fb", "asset_id": "73894903963738326495310149924084006562324817660993331339566095932626472086781", "timestamp": "1769381409251", "hash": "b7907f4055fb87a1b72357ce059918cc0bead0b8", "bids": [{"price": "0.01", "size": "100"}, {"price": "0.02", "size": "6.5"}, {"price": "0.04", "size": "25"}], "asks": [{"price": "0.99", "size": "67.11"}, {"price": "0.98", "size": "6.5"}, {"price": "0.95", "size": "20"}, {"price": "0.94", "size": "10.95"}], "event_type": "book", "last_trade_price": ""}, {"market": "0xce1e3f6996807e224f00ac2e64aa57458bd95bcaf3c62a82c7bdebc7416699b1", "asset_id": "82137641648477722844164676918927977662002665070448840678705963572148093843958", "timestamp": "1769381304502", "hash": "f5fcc005a038f6bee32f7028795676bb67bf60b2", "bids": [{"price": "0.01", "size": "100"}, {"price": "0.02", "size": "36.5"}, {"price": "0.11", "size": "50000"}, {"price": "0.44", "size": "82.87"}], "asks": [{"price": "0.99", "size": "200082.27"}, {"price": "0.98", "size": "23.4"}, {"price": "0.93", "size": "205.47"}, {"price": "0.92", "size": "105.48"}, {"price": "0.9", "size": "204.48"}, {"price": "0.87", "size": "120"}], "event_type": "book", "last_trade_price": "0.560"}, {"market": "0xf5efea463db16a818b442c57121fe1d1e38a40be552cd8cea28db85e2ab9b30c", "asset_id": "1659015592525540822236723767285396392794493683903988961522385345807392475974", "timestamp": "1769384440834", "hash": "5af5049b3e4ae6136994e86e2ff54d4cee7fdf91", "bids": [{"price": "0.01", "size": "28.98"}, {"price": "0.02", "size": "39.51"}, {"price": "0.04", "size": "25"}], "asks": [{"price": "0.99", "size": "67.09"}, {"price": "0.98", "size": "6.5"}, {"price": "0.95", "size": "20"}, {"price": "0.94", "size": "10.95"}], "event_type": "book", "last_trade_price": ""}, {"market": "0x2bbbaf9db1e7d92c8ee45e011c42922709b1a78ebb8e9d6f93eb75b4151fb78e", "asset_id": "53558579379999448316387122455570137676869767647004202568713270600990671060603", "timestamp": "1769381304501", "hash": "dabb6835e937d7d374b76b2bc6c9f1ace61bbcfc", "bids": [{"price": "0.01", "size": "100"}, {"price": "0.02", "size": "21.97"}], "asks": [{"price": "0.99", "size": "100"}, {"price": "0.98", "size": "16.5"}], "event_type": "book", "last_trade_price": ""}, {"market": "0x5a4c1a7343a57e26158c2a9d44c8dd1641559ac9a923c62523ed8d730c621ce0", "asset_id": "110786886996172408972888913732663446839282630365458795456453906494744518474844", "timestamp": "1769381031960", "hash": "86acd5d0aa96687d8d0dbf05381262f6f16fe762", "bids": [{"price": "0.01", "size": "100"}, {"price": "0.02", "size": "6.5"}, {"price": "0.04", "size": "25"}], "asks": [{"price": "0.99", "size": "67.09"}, {"price": "0.98", "size": "6.5"}, {"price": "0.95", "size": "20"}, {"price": "0.94", "size": "10.95"}], "event_type": "book", "last_trade_price": ""}, {"market": "0x326717b826838876281641ca9512b3076dd7cd519ac4178ed90babf244f4a5fb", "asset_id": "30873807258526941020007574618729230433695098459881988230143536453942370267950", "timestamp": "1769381409251", "hash": "8be706147046c468b6e6510a2b59fa55da6bde02", "bids": [{"price": "0.01", "size": "67.11"}, {"price": "0.02", "size": "6.5"}, {"price": "0.05", "size": "20"}, {"price": "0.06", "size": "10.95"}], "asks": [{"price": "0.99", "size": "100"}, {"price": "0.98", "size": "6.5"}, {"price": "0.96", "size": "25"}], "event_type": "book", "last_trade_price": ""}, {"market": "0xaafd7ca7c80d3e7ccaf36e0a87996958226edacbb0526b7e4afdbe4723223829", "asset_id": "68238602519048572996616624606364567535369439113639526257599913300509634332048", "timestamp": "1769384441821", "hash": "b31bd0d8a763847f0a4d94e27cc0675942f97151", "bids": [{"price": "0.01", "size": "67.09"}, {"price": "0.02", "size": "6.5"}, {"price": "0.05", "size": "20"}, {"price": "0.06", "size": "10.95"}], "asks": [{"price": "0.99", "size": "84.88"}, {"price": "0.97", "size": "33"}, {"price": "0.96", "size": "5.78"}], "event_type": "book", "last_trade_price": ""}, {"market": "0xd11d3cd14907f8bd0d163d9d5c367abdf6457a1f1554db78df3474535c80409c", "asset_id": "35240851701973759154627154105641723395781993653958949747116567220161339675621", "timestamp": "1769381989474", "hash": "708e4daf68ab81aa58ec744a03ef3747a1f09caf", "bids": [{"price": "0.01", "size": "100"}, {"price": "0.02", "size": "6.5"}, {"price": "0.04", "size": "25"}], "asks": [{"price": "0.99", "size": "67.09"}, {"price": "0.98", "size": "6.5"}, {"price": "0.95", "size": "20"}, {"price": "0.94", "size": "10.95"}], "event_type": "book", "last_trade_price": ""}, {"market": "0x445b1ed638945ed6f3412b8acdad659edb3e8710d1182a79d30a12e740cf762f", "asset_id": "92758068237845544112201011470009461472891789178611144901817061471042336053468", "timestamp": "1769382297871", "hash": "029501cc6c156642e0ad8e4d87c3b7aa0d1483c5", "bids": [{"price": "0.01", "size": "100"}, {"price": "0.02", "size": "6.5"}, {"price": "0.04", "size": "25"}], "asks": [{"price": "0.99", "size": "67.09"}, {"price": "0.98", "size": "6.5"}, {"price": "0.95", "size": "20"}, {"price": "0.94", "size": "10.95"}], "event_type": "book", "last_trade_price": ""}, {"market": "0x8a08c2ce34de2b9ed8969bb2c496a5f2951c0227b073c3f5d7fc4b8660eafdc4", "asset_id": "58788443955349288953042928501470989841030523809354184534615293978192390467429", "timestamp": "1769384445089", "hash": "49db27d350fd73156547faf8660f2046624bc48a", "bids": [{"price": "0.01", "size": "67.09"}, {"price": "0.02", "size": "6.5"}, {"price": "0.05", "size": "20"}, {"price": "0.06", "size": "10.95"}], "asks": [{"price": "0.99", "size": "108"}, {"price": "0.96", "size": "25"}], "event_type": "book", "last_trade_price": ""}, {"market": "0xf8abf41f1af346ef63bae6faa4ba5974035e18af61b56e2dd1054d293746f03d", "asset_id": "37842812472670899958741429443935986698866346514395188784387928874774051487140", "timestamp": "1769381311027", "hash": "758b627744b9bbebc521e9d414637a7517352211", "bids": [{"price": "0.01", "size": "67.09"}, {"price": "0.02", "size": "6.5"}, {"price": "0.05", "size": "20"}, {"price": "0.06", "size": "10.95"}], "asks": [{"price": "0.99", "size": "100"}, {"price": "0.98", "size": "6.5"}, {"price": "0.96", "size": "25"}], "event_type": "book", "last_trade_price": ""}, {"market": "0xe565fc128b34bf4f219fe23c4fbd691531a1598d18f740e5db0a18ae16d77c3c", "asset_id": "24587836685963427634257875886818443715167458299401327895077391062176956691605", "timestamp": "1769384440836", "hash": "ffb86dbe6782f6afe27a8bc17ff0ef7cb9da5edf", "bids": [{"price": "0.01", "size": "99.99"}, {"price": "0.02", "size": "38.18"}, {"price": "0.03", "size": "5.47"}, {"price": "0.08", "size": "30000"}, {"price": "0.12", "size": "252.24"}, {"price": "0.13", "size": "215.58"}, {"price": "0.15", "size": "100"}, {"price": "0.16", "size": "213"}], "asks": [{"price": "0.99", "size": "78.44"}, {"price": "0.98", "size": "19.21"}, {"price": "0.9", "size": "49999.86"}, {"price": "0.89", "size": "5.1"}, {"price": "0.55", "size": "8.63"}], "event_type": "book", "last_trade_price": "0.550"}, {"market": "0x48365895f8f9fa0544725f249d75ba2d6fb17b5d9062e584587921fd6e7a9c5f", "asset_id": "89038701535245903414764240413428694664700298213446082406015082889948571447987", "timestamp": "1769383150625", "hash": "2294dd5883159b55ad143faedb934210c8a035c0", "bids": [{"price": "0.001", "size": "120.75"}, {"price": "0.002", "size": "53.3"}, {"price": "0.01", "size": "142.61"}, {"price": "0.02", "size": "39.58"}, {"price": "0.021", "size": "15.05"}, {"price": "0.07", "size": "8888"}, {"price": "0.09", "size": "5000"}, {"price": "0.091", "size": "6.28"}, {"price": "0.3", "size": "555"}, {"price": "0.31", "size": "555"}, {"price": "0.35", "size": "555"}, {"price": "0.36", "size": "555"}, {"price": "0.372", "size": "555"}, {"price": "0.374", "size": "555"}, {"price": "0.375", "size": "555"}, {"price": "0.376", "size": "673.39"}], "asks": [{"price": "0.999", "size": "120.4"}, {"price": "0.998", "size": "48.97"}, {"price": "0.99", "size": "133"}, {"price": "0.98", "size": "75"}, {"price": "0.979", "size": "15.42"}, {"price": "0.9", "size": "7.92"}, {"price": "0.899", "size": "5.67"}, {"price": "0.5", "size": "245.2"}, {"price": "0.49", "size": "15.12"}], "event_type": "book", "last_trade_price": "0.376"}, {"market": "0x6981bcd98a1d9cfafed57b6c83f1db1b943817cdea1c2cf5ee421cfc01b1b7ec", "asset_id": "2830135648777526823129965570756528734694076679224210053354711234623364224638", "timestamp": "1769382246742", "hash": "6c2e8e9a0a769be4cc2734ac85107bb517e0d9e6", "bids": [{"price": "0.01", "size": "67.13"}, {"price": "0.02", "size": "6.49"}, {"price": "0.05", "size": "20"}, {"price": "0.06", "size": "10.94"}], "asks": [{"price": "0.99", "size": "100"}, {"price": "0.98", "size": "6.5"}, {"price": "0.96", "size": "25"}], "event_type": "book", "last_trade_price": ""}, {"market": "0xa32432df3f2bbee3b01cd4411a3c90a146afac5632bcc49d3e3a2ac944e71a53", "asset_id": "53572522899361185266125904197458856657395612923459688019078542456607271179590", "timestamp": "1769384045242", "hash": "eb7eed07de9c7f7c25182aec2d06f0907b1c518f", "bids": [{"price": "0.01", "size": "151.16"}, {"price": "0.02", "size": "75"}, {"price": "0.03", "size": "27.28"}, {"price": "0.04", "size": "5.47"}, {"price": "0.08", "size": "6940"}, {"price": "0.14", "size": "9.8"}], "asks": [{"price": "0.99", "size": "144.96"}, {"price": "0.98", "size": "75"}, {"price": "0.97", "size": "11.08"}, {"price": "0.93", "size": "5982"}, {"price": "0.91", "size": "606.16"}, {"price": "0.9", "size": "5.48"}, {"price": "0.7", "size": "555"}, {"price": "0.69", "size": "540"}, {"price": "0.68", "size": "560"}], "event_type": "book", "last_trade_price": "0.690"}, {"market": "0x99b605c15db77c8450dd8c1509c818741dac23efcae49b24d39e76002393fece", "asset_id": "4245274027963352168194249089623232853343516031947815977270224200136807976926", "timestamp": "1769384445624", "hash": "408f6853e8a6a790d229bddadf752c458c200547", "bids": [{"price": "0.01", "size": "8"}, {"price": "0.04", "size": "25"}], "asks": [{"price": "0.99", "size": "67.09"}, {"price": "0.98", "size": "6.5"}, {"price": "0.95", "size": "20"}, {"price": "0.94", "size": "10.95"}], "event_type": "book", "last_trade_price": ""}, {"market": "0x576caae37ee3040280e1be9628f72aa2c1ddbcc4dd642dd27dcdd65725cc90df", "asset_id": "57453902433387833482491420684981479909851693867111654461293153023258396858812", "timestamp": "1769381408468", "hash": "1b820194b2203c5deb37214e17d5f53079527543", "bids": [{"price": "0.01", "size": "67.09"}, {"price": "0.02", "size": "6.5"}, {"price": "0.05", "size": "20"}, {"price": "0.06", "size": "10.95"}], "asks": [{"price": "0.99", "size": "100"}, {"price": "0.98", "size": "6.5"}, {"price": "0.96", "size": "25"}], "event_type": "book", "last_trade_price": ""}, {"market": "0x96594cd0e3bb40760ccf4ddf9b2168b062723625b68b73ca1fff10342d9b7782", "asset_id": "94515776290373751754638142228993059501097351216445649452643423016914071837398", "timestamp": "1769382647442", "hash": "c5f2929dbe3b642e80a4e8fde25e0f2b2451fec2", "bids": [{"price": "0.01", "size": "1423.07"}, {"price": "0.02", "size": "300"}, {"price": "0.03", "size": "10.5"}, {"price": "0.05", "size": "220"}, {"price": "0.1", "size": "150"}, {"price": "0.11", "size": "5.31"}, {"price": "0.34", "size": "136.04"}, {"price": "0.42", "size": "5"}, {"price": "0.6", "size": "19.98"}, {"price": "0.61", "size": "14702.73"}, {"price": "0.62", "size": "17818.14"}], "asks": [{"price": "0.99", "size": "1417.05"}, {"price": "0.98", "size": "300"}, {"price": "0.97", "size": "5.25"}, {"price": "0.95", "size": "220"}, {"price": "0.94", "size": "12.53"}, {"price": "0.8", "size": "14.49"}, {"price": "0.76", "size": "14.49"}, {"price": "0.7", "size": "24004.82"}, {"price": "0.69", "size": "857.98"}, {"price": "0.67", "size": "555"}, {"price": "0.66", "size": "555"}, {"price": "0.65", "size": "555"}, {"price": "0.64", "size": "555"}, {"price": "0.63", "size": "14574.17"}], "event_type": "book", "last_trade_price": "0.630"}]}
{"_local_timestamp": "2026-01-25T23:40:48.975973+00:00", "data": {"market": "0x99b605c15db77c8450dd8c1509c818741dac23efcae49b24d39e76002393fece", "price_changes": [{"asset_id": "4245274027963352168194249089623232853343516031947815977270224200136807976926", "price": "0.01", "size": "108", "side": "BUY", "hash": "120f79043b8140b9ad50ad7792dab520eb9a3878", "best_bid": "0.04", "best_ask": "0.94"}, {"asset_id": "21888735935396092865322510169345708962601175282050303580145790898659218897898", "price": "0.99", "size": "108", "side": "SELL", "hash": "0bb19c718f4059e5216a7c33a87f80fd9b2cfe90", "best_bid": "0.06", "best_ask": "0.96"}], "timestamp": "1769384448906", "event_type": "price_change"}}
{"_local_timestamp": "2026-01-25T23:41:35.732485+00:00", "data": {"market": "0xeb8a81083e6543d99ab5b98e31c197241a92cd9697f7c3c1e6fbf9a8a12c2f36", "price_changes": [{"asset_id": "57673657350235596154935966922272472201476665601339368861313128057982983614842", "price": "0.09", "size": "0", "side": "BUY", "hash": "9760fa593736ecb122a9c059e6ffb3754c2468a0", "best_bid": "0.08", "best_ask": "0.85"}, {"asset_id": "73710754008509443614521017043941958201809618652529643725048464609313216949331", "price": "0.91", "size": "0", "side": "SELL", "hash": "4e52c4185b38164b8f6d2198e91325134da0c6d5", "best_bid": "0.15", "best_ask": "0.92"}], "timestamp": "1769384495658", "event_type": "price_change"}}
{"_local_timestamp": "2026-01-25T23:41:35.990846+00:00", "data": {"market": "0xeb8a81083e6543d99ab5b98e31c197241a92cd9697f7c3c1e6fbf9a8a12c2f36", "price_changes": [{"asset_id": "57673657350235596154935966922272472201476665601339368861313128057982983614842", "price": "0.09", "size": "5", "side": "BUY", "hash": "6a4e39b82a020a1a2a96bf41d6c41c23dd52e88c", "best_bid": "0.09", "best_ask": "0.85"}, {"asset_id": "73710754008509443614521017043941958201809618652529643725048464609313216949331", "price": "0.91", "size": "5", "side": "SELL", "hash": "3aa8c4aba45b0bc53f30ffba99abb7c175c62c82", "best_bid": "0.15", "best_ask": "0.91"}], "timestamp": "1769384495916", "event_type": "price_change"}}
{"_local_timestamp": "2026-01-25T23:41:49.425938+00:00", "data": {"market": "0x4455336f94c7eec499a701c4577135859d88545071bd9bf4e2674b8ae10051c7", "price_changes": [{"asset_id": "94012278062402346078464966602391506978996388208116816128110495858467024642678", "price": "0.9", "size": "0", "side": "SELL", "hash": "599ba31be1b0ae117d5d4072ac2ca673ebb77655", "best_bid": "0.01", "best_ask": "0.899"}, {"asset_id": "15897709208972776136664115504653937903579780862589315673986333382200729839123", "price": "0.1", "size": "0", "side": "BUY", "hash": "39f71bbad5f1295053027ca14a9e421df47119a5", "best_bid": "0.101", "best_ask": "0.99"}], "timestamp": "1769384509352", "event_type": "price_change"}}
{"_local_timestamp": "2026-01-25T23:41:49.798718+00:00", "data": {"market": "0x4455336f94c7eec499a701c4577135859d88545071bd9bf4e2674b8ae10051c7", "price_changes": [{"asset_id": "94012278062402346078464966602391506978996388208116816128110495858467024642678", "price": "0.898", "size": "7.68", "side": "SELL", "hash": "58f69f6414bf58c67f2b6ab726fb7e9f83e33310", "best_bid": "0.01", "best_ask": "0.898"}, {"asset_id": "15897709208972776136664115504653937903579780862589315673986333382200729839123", "price": "0.102", "size": "7.68", "side": "BUY", "hash": "c3bfbbf11b0fd9578e6eeaaacda1357c75d963ed", "best_bid": "0.102", "best_ask": "0.99"}], "timestamp": "1769384509678", "event_type": "price_change"}}
{"_local_timestamp": "2026-01-25T23:41:50.959518+00:00", "data": {"market": "0x4455336f94c7eec499a701c4577135859d88545071bd9bf4e2674b8ae10051c7", "price_changes": [{"asset_id": "94012278062402346078464966602391506978996388208116816128110495858467024642678", "price": "0.899", "size": "0", "side": "SELL", "hash": "aa9bc0ce9d686e3cabbc36f13df5a4c4fad94992", "best_bid": "0.01", "best_ask": "0.898"}, {"asset_id": "15897709208972776136664115504653937903579780862589315673986333382200729839123", "price": "0.101", "size": "0", "side": "BUY", "hash": "2558c9438543a8e77a4c7b35007b204db6f6d07b", "best_bid": "0.102", "best_ask": "0.99"}], "timestamp": "1769384510770", "event_type": "price_change"}}
{"_local_timestamp": "2026-01-25T23:41:51.011385+00:00", "data": {"market": "0x4455336f94c7eec499a701c4577135859d88545071bd9bf4e2674b8ae10051c7", "price_changes": [{"asset_id": "94012278062402346078464966602391506978996388208116816128110495858467024642678", "price": "0.897", "size": "5.47", "side": "SELL", "hash": "1fefb77bbd52b38742eeac1422ded718708f6ce5", "best_bid": "0.01", "best_ask": "0.897"}, {"asset_id": "15897709208972776136664115504653937903579780862589315673986333382200729839123", "price": "0.103", "size": "5.47", "side": "BUY", "hash": "f7c418e6f37f6c1d5f352c9520ef28e7986b85c8", "best_bid": "0.103", "best_ask": "0.99"}], "timestamp": "1769384510919", "event_type": "price_change"}}
{"_local_timestamp": "2026-01-25T23:42:04.686232+00:00", "data": {"market": "0x4455336f94c7eec499a701c4577135859d88545071bd9bf4e2674b8ae10051c7", "price_changes": [{"asset_id": "15897709208972776136664115504653937903579780862589315673986333382200729839123", "price": "0.002", "size": "76.48", "side": "BUY", "hash": "6312083a8132ac2a7bd265e09a1c29ae98ea13c7", "best_bid": "0.103", "best_ask": "0.99"}, {"asset_id": "94012278062402346078464966602391506978996388208116816128110495858467024642678", "price": "0.998", "size": "76.48", "side": "SELL", "hash": "593c227e22f381cb2d80dc9b6abfcdd78d0f2fc2", "best_bid": "0.01", "best_ask": "0.897"}], "timestamp": "1769384524612", "event_type": "price_change"}}
{"_local_timestamp": "2026-01-25T23:42:05.190362+00:00", "data": {"market": "0x4455336f94c7eec499a701c4577135859d88545071bd9bf4e2674b8ae10051c7", "price_changes": [{"asset_id": "15897709208972776136664115504653937903579780862589315673986333382200729839123", "price": "0.002", "size": "161.25", "side": "BUY", "hash": "25ec1265696c5c0433b5d0d2bfae3ceadc086e48", "best_bid": "0.103", "best_ask": "0.99"}, {"asset_id": "94012278062402346078464966602391506978996388208116816128110495858467024642678", "price": "0.998", "size": "161.25", "side": "SELL", "hash": "38e697c4d5d0388f64585b6d59f1d98f33ec036d", "best_bid": "0.01", "best_ask": "0.897"}], "timestamp": "1769384525104", "event_type": "price_change"}}
{"_local_timestamp": "2026-01-25T23:42:32.373699+00:00", "data": {"market": "0xeb8a81083e6543d99ab5b98e31c197241a92cd9697f7c3c1e6fbf9a8a12c2f36", "price_changes": [{"asset_id": "57673657350235596154935966922272472201476665601339368861313128057982983614842", "price": "0.09", "size": "0", "side": "BUY", "hash": "94c88cb98ce8893bb511ff9d9402c33bfeed3376", "best_bid": "0.08", "best_ask": "0.85"}, {"asset_id": "73710754008509443614521017043941958201809618652529643725048464609313216949331", "price": "0.91", "size": "0", "side": "SELL", "hash": "7f71837b122df24be0b3dfb7dbdd5edec5cf16ca", "best_bid": "0.15", "best_ask": "0.92"}], "timestamp": "1769384552198", "event_type": "price_change"}}
{"_local_timestamp": "2026-01-25T23:42:32.709215+00:00", "data": {"market": "0xeb8a81083e6543d99ab5b98e31c197241a92cd9697f7c3c1e6fbf9a8a12c2f36", "price_changes": [{"asset_id": "57673657350235596154935966922272472201476665601339368861313128057982983614842", "price": "0.09", "size": "5", "side": "BUY", "hash": "f6be255b8277c25453ec0ca53a3241c9acb033a6", "best_bid": "0.09", "best_ask": "0.85"}, {"asset_id": "73710754008509443614521017043941958201809618652529643725048464609313216949331", "price": "0.91", "size": "5", "side": "SELL", "hash": "d787e92ad27c58b42e8c536f620bf814bb097c2d", "best_bid": "0.15", "best_ask": "0.91"}], "timestamp": "1769384552531", "event_type": "price_change"}}
{"_local_timestamp": "2026-01-25T23:42:37.204422+00:00", "data": {"market": "0x641a11579aad0b34123245ef96ff5a1f93b98c482596bcea7431cb1a1c8716c3", "price_changes": [{"asset_id": "25029321673653028024756110166707262773145268991807446549630816464801028738117", "price": "0.01", "size": "13", "side": "BUY", "hash": "c40e16c12330220aa72215eebce4c6e6f3f66b0d", "best_bid": "0.04", "best_ask": "0.94"}, {"asset_id": "103986850891406904853918949049021653254715129752915456711953768807852572897409", "price": "0.99", "size": "13", "side": "SELL", "hash": "cdfb0e7d6b55d63fa7156038786a23dd6073c740", "best_bid": "0.06", "best_ask": "0.96"}], "timestamp": "1769384557001", "event_type": "price_change"}}
{"_local_timestamp": "2026-01-25T23:42:37.220284+00:00", "data": {"market": "0x8e4d81b9c6f167e6433a0b97aa4c3ed7a78ef90b4cbbbda9dcf5da274eda2005", "price_changes": [{"asset_id": "26885402320178536167326559962896758998157866461156073934480880481607924781395", "price": "0.01", "size": "82.95", "side": "BUY", "hash": "e5918db78b6c6b29dd699cedfe3848d874036051", "best_bid": "0.02", "best_ask": "0.98"}, {"asset_id": "48716739427396997388785268172213284656802372885426017377020411874577195498508", "price": "0.99", "size": "82.95", "side": "SELL", "hash": "020a8d0f223022cf9c459419942b0c60adff9c61", "best_bid": "0.02", "best_ask": "0.98"}], "timestamp": "1769384557001", "event_type": "price_change"}}
{"_local_timestamp": "2026-01-25T23:42:37.225418+00:00", "data": {"market": "0xa4760f4f0dc8d131cd4609368e957ab2a801259fc273e7fd3a9ad4433544e58d", "price_changes": [{"asset_id": "69126689322402166787272517490043372585374690992839708255392213821025783300667", "price": "0.06", "size": "5.47", "side": "BUY", "hash": "3cd3ccecff258df3df9318ec506b23f88e498b41", "best_bid": "0.06", "best_ask": "0.96"}, {"asset_id": "9018753268534649212634342866903253106703257416493381840987599385725700197830", "price": "0.94", "size": "5.47", "side": "SELL", "hash": "099ed4f2da68e66791754611fb67cb621611071a", "best_bid": "0.04", "best_ask": "0.94"}], "timestamp": "1769384557001", "event_type": "price_change"}}
{"_local_timestamp": "2026-01-25T23:42:37.225825+00:00", "data": {"market": "0x5a4c1a7343a57e26158c2a9d44c8dd1641559ac9a923c62523ed8d730c621ce0", "price_changes": [{"asset_id": "49206558202345805488373232821793754445908497082931808277952699323063029867505", "price": "0.02", "size": "0", "side": "BUY", "hash": "7528d86298e053cdd56cc223abed82bf757a5b04", "best_bid": "0.06", "best_ask": "0.96"}, {"asset_id": "110786886996172408972888913732663446839282630365458795456453906494744518474844", "price": "0.98", "size": "0", "side": "SELL", "hash": "329a933a739290acec6cab1411192ef0be6552cc", "best_bid": "0.04", "best_ask": "0.94"}], "timestamp": "1769384557001", "event_type": "price_change"}}
{"_local_timestamp": "2026-01-25T23:42:37.226236+00:00", "data": {"market": "0x5a4c1a7343a57e26158c2a9d44c8dd1641559ac9a923c62523ed8d730c621ce0", "price_changes": [{"asset_id": "110786886996172408972888913732663446839282630365458795456453906494744518474844", "price": "0.01", "size": "13", "side": "BUY", "hash": "c1655d5205e00f3cc06d19bcd7867ba91c10062c", "best_bid": "0.04", "best_ask": "0.94"}, {"asset_id": "49206558202345805488373232821793754445908497082931808277952699323063029867505", "price": "0.99", "size": "13", "side": "SELL", "hash": "700815384bf56d738b12620de125e6c89d615910", "best_bid": "0.06", "best_ask": "0.96"}], "timestamp": "1769384557003", "event_type": "price_change"}}
{"_local_timestamp": "2026-01-25T23:42:37.226561+00:00", "data": {"market": "0x641a11579aad0b34123245ef96ff5a1f93b98c482596bcea7431cb1a1c8716c3", "price_changes": [{"asset_id": "103986850891406904853918949049021653254715129752915456711953768807852572897409", "price": "0.06", "size": "5.47", "side": "BUY", "hash": "a7ea28dec3620e1c90f7550494efa731a316f906", "best_bid": "0.06", "best_ask": "0.96"}, {"asset_id": "25029321673653028024756110166707262773145268991807446549630816464801028738117", "price": "0.94", "size": "5.47", "side": "SELL", "hash": "07bf59d6db05a1bc11bbaf707fece9246f0ece7e", "best_bid": "0.04", "best_ask": "0.94"}], "timestamp": "1769384557001", "event_type": "price_change"}}
{"_local_timestamp": "2026-01-25T23:42:37.227040+00:00", "data": {"market": "0xb8dbe72037a4f708f9e5ffecb81b65eabde8c4503f5ce4abd98509af7ac3706c", "price_changes": [{"asset_id": "51683896038820288945328685271512441260080416914048187185797917140795977647073", "price": "0.06", "size": "5.47", "side": "BUY", "hash": "6da9aa3f273ba64aa05049e238cb0d21d549aa75", "best_bid": "0.06", "best_ask": "0.96"}, {"asset_id": "107679866392092098961007223554289799530667485966520574895885598582630145367183", "price": "0.94", "size": "5.47", "side": "SELL", "hash": "92eb3e7c1e2c9c2c99ca2de38df60f858e23987d", "best_bid": "0.04", "best_ask": "0.94"}], "timestamp": "1769384557000", "event_type": "price_change"}}
{"_local_timestamp": "2026-01-25T23:42:37.230834+00:00", "data": {"market": "0x326717b826838876281641ca9512b3076dd7cd519ac4178ed90babf244f4a5fb", "price_changes": [{"asset_id": "30873807258526941020007574618729230433695098459881988230143536453942370267950", "price": "0.06", "size": "5.47", "side": "BUY", "hash": "bebf73ade13e405add8db79514b8e6b1ac0e4129", "best_bid": "0.06", "best_ask": "0.96"}, {"asset_id": "73894903963738326495310149924084006562324817660993331339566095932626472086781", "price": "0.94", "size": "5.47", "side": "SELL", "hash": "441ae0baba7b0b9220ca8ec42896a979ebc7bbee", "best_bid": "0.04", "best_ask": "0.94"}], "timestamp": "1769384557003", "event_type": "price_change"}}
{"_local_timestamp": "2026-01-25T23:42:37.231235+00:00", "data": {"market": "0x00a6d77a8d0345ea724a7c783b95dd6846c1c8ee444ba301e8c78afbacdcff65", "price_changes": [{"asset_id": "114150906652068165517336090535171866487547996290489417386219097671684406401118", "price": "0.06", "size": "5.47", "side": "BUY", "hash": "f719253a4ea9356725fab0c4d81d70e8f4e4ca81", "best_bid": "0.06", "best_ask": "0.96"}, {"asset_id": "68659501519216729981657776855109076953745443652427790626261914620783478472923", "price": "0.94", "size": "5.47", "side": "SELL", "hash": "2f09caf941452fe16828aefad62c6a213b56e011", "best_bid": "0.04", "best_ask": "0.94"}], "timestamp": "1769384557000", "event_type": "price_change"}}
{"_local_timestamp": "2026-01-25T23:42:37.231828+00:00", "data": {"market": "0x830cda5922ff0ec50d67920329c2b528f82bf24d5dc0c4f69ca03a17208bfed3", "price_changes": [{"asset_id": "51044142392536406362922170389694301286325248782021253141321696055282960460724", "price": "0.01", "size": "13", "side": "BUY", "hash": "36cf7d4af3a92b37700d56a94695cab1ce8e5375", "best_bid": "0.04", "best_ask": "0.94"}, {"asset_id": "91332427900460750461362851613620053198188980810999553115615841368097584166798", "price": "0.99", "size": "13", "side": "SELL", "hash": "86e607f2d2e14cd9848086990a33b8fb6a3caded", "best_bid": "0.06", "best_ask": "0.96"}], "timestamp": "1769384557002", "event_type": "price_change"}}
{"_local_timestamp": "2026-01-25T23:42:37.466268+00:00", "data": {"market": "0x5a4c1a7343a57e26158c2a9d44c8dd1641559ac9a923c62523ed8d730c621ce0", "price_changes": [{"asset_id": "110786886996172408972888913732663446839282630365458795456453906494744518474844", "price": "0.02", "size": "0", "side": "BUY", "hash": "c1655d5205e00f3cc06d19bcd7867ba91c10062c", "best_bid": "0.04", "best_ask": "0.94"}, {"asset_id": "49206558202345805488373232821793754445908497082931808277952699323063029867505", "price": "0.98", "size": "0", "side": "SELL", "hash": "700815384bf56d738b12620de125e6c89d615910", "best_bid": "0.06", "best_ask": "0.96"}], "timestamp": "1769384557003", "event_type": "price_change"}}
{"_local_timestamp": "2026-01-25T23:42:37.466665+00:00", "data": {"market": "0xa4760f4f0dc8d131cd4609368e957ab2a801259fc273e7fd3a9ad4433544e58d", "price_changes": [{"asset_id": "9018753268534649212634342866903253106703257416493381840987599385725700197830", "price": "0.02", "size": "0", "side": "BUY", "hash": "b1f9f55351215be992ba9a01dc570e2c8f35a502", "best_bid": "0.04", "best_ask": "0.94"}, {"asset_id": "69126689322402166787272517490043372585374690992839708255392213821025783300667", "price": "0.98", "size": "0", "side": "SELL", "hash": "2e872c728f0c0c289b5c29f2fc1e31e9f0661b25", "best_bid": "0.06", "best_ask": "0.96"}], "timestamp": "1769384557003", "event_type": "price_change"}}
{"_local_timestamp": "2026-01-25T23:42:37.466973+00:00", "data": {"market": "0x5a4c1a7343a57e26158c2a9d44c8dd1641559ac9a923c62523ed8d730c621ce0", "price_changes": [{"asset_id": "49206558202345805488373232821793754445908497082931808277952699323063029867505", "price": "0.01", "size": "13", "side": "BUY", "hash": "c43193f4bc0b8b4c3c424447b8b7b6c6f294ea9b", "best_bid": "0.06", "best_ask": "0.96"}, {"asset_id": "110786886996172408972888913732663446839282630365458795456453906494744518474844", "price": "0.99", "size": "13", "side": "SELL", "hash": "cad6d7a517f4db181bfbe0bc81c789702d5fa654", "best_bid": "0.04", "best_ask": "0.94"}], "timestamp": "1769384557004", "event_type": "price_change"}}
{"_local_timestamp": "2026-01-25T23:42:37.467267+00:00", "data": {"market": "0xdf98894c5914b4c351d66309457e62e1e73b7043541087cbdbaaff0499a982be", "price_changes": [{"asset_id": "24143329029936373909456444495655584162890181354206385196743692310561167056542", "price": "0.01", "size": "13", "side": "BUY", "hash": "f0c368fc30f0f2507b0d9ce22b6dbe4b27d81f4a", "best_bid": "0.04", "best_ask": "0.94"}, {"asset_id": "35488440954525475801313411346470959367815342969923817934973046606664595420531", "price": "0.99", "size": "13", "side": "SELL", "hash": "7bf47107dcf6a0d47f94890edc3e172c3f933680", "best_bid": "0.06", "best_ask": "0.96"}], "timestamp": "1769384557001", "event_type": "price_change"}}
{"_local_timestamp": "2026-01-25T23:42:37.485419+00:00", "data": {"market": "0xb8dbe72037a4f708f9e5ffecb81b65eabde8c4503f5ce4abd98509af7ac3706c", "price_changes": [{"asset_id": "51683896038820288945328685271512441260080416914048187185797917140795977647073", "price": "0.01", "size": "13", "side": "BUY", "hash": "859631473f60c20917f731747d11c174aff06f0b", "best_bid": "0.06", "best_ask": "0.96"}, {"asset_id": "107679866392092098961007223554289799530667485966520574895885598582630145367183", "price": "0.99", "size": "13", "side": "SELL", "hash": "c4a266848f39165454a57df26103611e97ba1e42", "best_bid": "0.04", "best_ask": "0.94"}], "timestamp": "1769384557004", "event_type": "price_change"}}
{"_local_timestamp": "2026-01-25T23:42:37.485961+00:00", "data": {"market": "0x00a6d77a8d0345ea724a7c783b95dd6846c1c8ee444ba301e8c78afbacdcff65", "price_changes": [{"asset_id": "114150906652068165517336090535171866487547996290489417386219097671684406401118", "price": "0.01", "size": "13", "side": "BUY", "hash": "79364f4df1c3973bdd0e485f4d54a965a12d80cb", "best_bid": "0.06", "best_ask": "0.96"}, {"asset_id": "68659501519216729981657776855109076953745443652427790626261914620783478472923", "price": "0.99", "size": "13", "side": "SELL", "hash": "d7f79fbb95cd4a55b152d10bf4453fd0ac47638e", "best_bid": "0.04", "best_ask": "0.94"}], "timestamp": "1769384557004", "event_type": "price_change"}}
{"_local_timestamp": "2026-01-25T23:42:37.486294+00:00", "data": {"market": "0x5a4c1a7343a57e26158c2a9d44c8dd1641559ac9a923c62523ed8d730c621ce0", "price_changes": [{"asset_id": "49206558202345805488373232821793754445908497082931808277952699323063029867505", "price": "0.06", "size": "5.47", "side": "BUY", "hash": "a8b3a6221199a9f5941d6f2bbcce48938f2cf8d7", "best_bid": "0.06", "best_ask": "0.96"}, {"asset_id": "110786886996172408972888913732663446839282630365458795456453906494744518474844", "price": "0.94", "size": "5.47", "side": "SELL", "hash": "43e9d8714b3bbb375432893b3e9b25b24c094fd0", "best_bid": "0.04", "best_ask": "0.94"}], "timestamp": "1769384557005", "event_type": "price_change"}}
{"_local_timestamp": "2026-01-25T23:42:37.486597+00:00", "data": {"market": "0x7b66959c47b3e9d7794d7005af768877fb12701095829eb932f0488f57eed1e3", "price_changes": [{"asset_id": "76112025214772746686852165291370191011160045546088964519485482410975123629227", "price": "0.06", "size": "5.47", "side": "BUY", "hash": "c30aeda67dc54ffa009d7f1cad59700e1b8abe58", "best_bid": "0.06", "best_ask": "0.96"}, {"asset_id": "5703239164534356355618910930194726689917317422060852517715587556944673826762", "price": "0.94", "size": "5.47", "side": "SELL", "hash": "43cc36803a054f11c9d0c40bf8cbaefb004064bb", "best_bid": "0.04", "best_ask": "0.94"}], "timestamp": "1769384557000", "event_type": "price_change"}}
{"_local_timestamp": "2026-01-25T23:42:37.486896+00:00", "data": {"market": "0x830cda5922ff0ec50d67920329c2b528f82bf24d5dc0c4f69ca03a17208bfed3", "price_changes": [{"asset_id": "51044142392536406362922170389694301286325248782021253141321696055282960460724", "price": "0.02", "size": "0", "side": "BUY", "hash": "e8068ebd7007ee5310cfb2f8607f4a0382a9e844", "best_bid": "0.04", "best_ask": "0.94"}, {"asset_id": "91332427900460750461362851613620053198188980810999553115615841368097584166798", "price": "0.98", "size": "0", "side": "SELL", "hash": "fe9b456b23945f3c33d268a40ae6abc4110dceb2", "best_bid": "0.06", "best_ask": "0.96"}], "timestamp": "1769384557005", "event_type": "price_change"}}
{"_local_timestamp": "2026-01-25T23:42:37.487195+00:00", "data": {"market": "0xd11d3cd14907f8bd0d163d9d5c367abdf6457a1f1554db78df3474535c80409c", "price_changes": [{"asset_id": "82716045104760012428470473325635519324942301156987561078328341666623800728189", "price": "0.01", "size": "13", "side": "BUY", "hash": "1b732a61fba8570786da5594e0dd1f44f7d374b2", "best_bid": "0.06", "best_ask": "0.96"}, {"asset_id": "35240851701973759154627154105641723395781993653958949747116567220161339675621", "price": "0.99", "size": "13", "side": "SELL", "hash": "df44f4cc62e847abe66b3909a36a08fb7bbd027a", "best_bid": "0.04", "best_ask": "0.94"}], "timestamp": "1769384557000", "event_type": "price_change"}}
{"_local_timestamp": "2026-01-25T23:42:37.487488+00:00", "data": {"market": "0xa4760f4f0dc8d131cd4609368e957ab2a801259fc273e7fd3a9ad4433544e58d", "price_changes": [{"asset_id": "9018753268534649212634342866903253106703257416493381840987599385725700197830", "price": "0.01", "size": "13", "side": "BUY", "hash": "f92406f1ba6f590616a0676550ac372e7bf19355", "best_bid": "0.04", "best_ask": "0.94"}, {"asset_id": "69126689322402166787272517490043372585374690992839708255392213821025783300667", "price": "0.99", "size": "13", "side": "SELL", "hash": "2cda640cd91b87b342a361b2348d1e2e3108ccb3", "best_bid": "0.06", "best_ask": "0.96"}], "timestamp": "1769384557005", "event_type": "price_change"}}
{"_local_timestamp": "2026-01-25T23:42:37.487783+00:00", "data": {"market": "0x7b66959c47b3e9d7794d7005af768877fb12701095829eb932f0488f57eed1e3", "price_changes": [{"asset_id": "76112025214772746686852165291370191011160045546088964519485482410975123629227", "price": "0.01", "size": "13", "side": "BUY", "hash": "6c68d4c006bce1183afcf036f33a8c91ec7491ae", "best_bid": "0.06", "best_ask": "0.96"}, {"asset_id": "5703239164534356355618910930194726689917317422060852517715587556944673826762", "price": "0.99", "size": "13", "side": "SELL", "hash": "ffd3f5a43074727373bef2fb5bb2d1dff2df63f0", "best_bid": "0.04", "best_ask": "0.94"}], "timestamp": "1769384557005", "event_type": "price_change"}}
{"_local_timestamp": "2026-01-25T23:42:37.488081+00:00", "data": {"market": "0x7a8a21202b036aa62fa9b182d5504c1d0fc79067587a47057661c3f566a4b22d", "price_changes": [{"asset_id": "99870143240816541623802514707843227119161628874478156515939883838400607421482", "price": "0.02", "size": "5.47", "side": "BUY", "hash": "afd4a242ee16746ff3b2a4f18a508d53b4270cda", "best_bid": "0.02", "best_ask": "0.98"}, {"asset_id": "51093817852718392652366863978113727562876991611716408107900104567352376017022", "price": "0.98", "size": "5.47", "side": "SELL", "hash": "129d93b8761bf08c1ccfd320812da8ee51f053ea", "best_bid": "0.02", "best_ask": "0.98"}], "timestamp": "1769384557000", "event_type": "price_change"}}
{"_local_timestamp": "2026-01-25T23:42:37.488375+00:00", "data": {"market": "0x6981bcd98a1d9cfafed57b6c83f1db1b943817cdea1c2cf5ee421cfc01b1b7ec", "price_changes": [{"asset_id": "12986027676138379190858310037698008968051467665358221233574868019457640871578", "price": "0.02", "size": "0", "side": "BUY", "hash": "276abf43a51d9224cfac1b135fa906e82ae1de12", "best_bid": "0.04", "best_ask": "0.94"}, {"asset_id": "2830135648777526823129965570756528734694076679224210053354711234623364224638", "price": "0.98", "size": "0", "side": "SELL", "hash": "51a0438a4074876daa3001c4a34cbd3fd03a9f8d", "best_bid": "0.06", "best_ask": "0.96"}], "timestamp": "1769384557000", "event_type": "price_change"}}
{"_local_timestamp": "2026-01-25T23:42:37.488667+00:00", "data": {"market": "0x7b66959c47b3e9d7794d7005af768877fb12701095829eb932f0488f57eed1e3", "price_changes": [{"asset_id": "76112025214772746686852165291370191011160045546088964519485482410975123629227", "price": "0.02", "size": "0", "side": "BUY", "hash": "2e6e11c8f1026051377ddd0f7fad1ae4ff0d468a", "best_bid": "0.06", "best_ask": "0.96"}, {"asset_id": "5703239164534356355618910930194726689917317422060852517715587556944673826762", "price": "0.98", "size": "0", "side": "SELL", "hash": "e9aac93919dae019132dd37866f5b594b8874e99", "best_bid": "0.04", "best_ask": "0.94"}], "timestamp": "1769384557006", "event_type": "price_change"}}
{"_local_timestamp": "2026-01-25T23:42:37.488962+00:00", "data": {"market": "0x6981bcd98a1d9cfafed57b6c83f1db1b943817cdea1c2cf5ee421cfc01b1b7ec", "price_changes": [{"asset_id": "12986027676138379190858310037698008968051467665358221233574868019457640871578", "price": "0.01", "size": "13", "side": "BUY", "hash": "2d924f62f946dafb79347b93f3c30156edf3c02a", "best_bid": "0.04", "best_ask": "0.94"}, {"asset_id": "2830135648777526823129965570756528734694076679224210053354711234623364224638", "price": "0.99", "size": "13", "side": "SELL", "hash": "04beae30e779a9cfb08a0fc351a0c942884a8218", "best_bid": "0.06", "best_ask": "0.96"}], "timestamp": "1769384557006", "event_type": "price_change"}}
{"_local_timestamp": "2026-01-25T23:42:37.489255+00:00", "data": {"market": "0xdf98894c5914b4c351d66309457e62e1e73b7043541087cbdbaaff0499a982be", "price_changes": [{"asset_id": "35488440954525475801313411346470959367815342969923817934973046606664595420531", "price": "0.02", "size": "0", "side": "BUY", "hash": "856bec348171361c7cf9b8ea8918cde9dfb50669", "best_bid": "0.06", "best_ask": "0.96"}, {"asset_id": "24143329029936373909456444495655584162890181354206385196743692310561167056542", "price": "0.98", "size": "0", "side": "SELL", "hash": "cb91ca4ececf26d1480452c512fc742586b0b0cf", "best_bid": "0.04", "best_ask": "0.94"}], "timestamp": "1769384557005", "event_type": "price_change"}}
{"_local_timestamp": "2026-01-25T23:42:37.489565+00:00", "data": {"market": "0x7a8a21202b036aa62fa9b182d5504c1d0fc79067587a47057661c3f566a4b22d", "price_changes": [{"asset_id": "51093817852718392652366863978113727562876991611716408107900104567352376017022", "price": "0.02", "size": "0", "side": "BUY", "hash": "f0652953366e8b71c34ec42d98a77b79235354ac", "best_bid": "0.01", "best_ask": "0.98"}, {"asset_id": "99870143240816541623802514707843227119161628874478156515939883838400607421482", "price": "0.98", "size": "0", "side": "SELL", "hash": "c4037ab7c170edb88e34c05fd1b596bdb6eb9f1a", "best_bid": "0.02", "best_ask": "0.99"}], "timestamp": "1769384557006", "event_type": "price_change"}}
{"_local_timestamp": "2026-01-25T23:42:37.489915+00:00", "data": {"market": "0x641a11579aad0b34123245ef96ff5a1f93b98c482596bcea7431cb1a1c8716c3", "price_changes": [{"asset_id": "103986850891406904853918949049021653254715129752915456711953768807852572897409", "price": "0.02", "size": "0", "side": "BUY", "hash": "2c868c7ad73f9964bb57be203cf9b72feae568e4", "best_bid": "0.06", "best_ask": "0.96"}, {"asset_id": "25029321673653028024756110166707262773145268991807446549630816464801028738117", "price": "0.98", "size": "0", "side": "SELL", "hash": "cfe1915e60773e06bf5784f0895b8a9930940a49", "best_bid": "0.04", "best_ask": "0.94"}], "timestamp": "1769384557005", "event_type": "price_change"}}
{"_local_timestamp": "2026-01-25T23:42:37.490217+00:00", "data": {"market": "0x7a8a21202b036aa62fa9b182d5504c1d0fc79067587a47057661c3f566a4b22d", "price_changes": [{"asset_id": "51093817852718392652366863978113727562876991611716408107900104567352376017022", "price": "0.01", "size": "33", "side": "BUY", "hash": "f0652953366e8b71c34ec42d98a77b79235354ac", "best_bid": "0.01", "best_ask": "0.98"}, {"asset_id": "99870143240816541623802514707843227119161628874478156515939883838400607421482", "price": "0.99", "size": "33", "side": "SELL", "hash": "c4037ab7c170edb88e34c05fd1b596bdb6eb9f1a", "best_bid": "0.02", "best_ask": "0.99"}], "timestamp": "1769384557006", "event_type": "price_change"}}
{"_local_timestamp": "2026-01-25T23:42:37.490509+00:00", "data": {"market": "0x00a6d77a8d0345ea724a7c783b95dd6846c1c8ee444ba301e8c78afbacdcff65", "price_changes": [{"asset_id": "114150906652068165517336090535171866487547996290489417386219097671684406401118", "price": "0.02", "size": "0", "side": "BUY", "hash": "e4b7949bb14232fd4d0d585c5cb28aae12635ce7", "best_bid": "0.06", "best_ask": "0.96"}, {"asset_id": "68659501519216729981657776855109076953745443652427790626261914620783478472923", "price": "0.98", "size": "0", "side": "SELL", "hash": "881ee5f23c646c8bcf709056be9a0c0ad5e205be", "best_bid": "0.04", "best_ask": "0.94"}], "timestamp": "1769384557006", "event_type": "price_change"}}
{"_local_timestamp": "2026-01-25T23:42:37.490811+00:00", "data": {"market": "0x6981bcd98a1d9cfafed57b6c83f1db1b943817cdea1c2cf5ee421cfc01b1b7ec", "price_changes": [{"asset_id": "2830135648777526823129965570756528734694076679224210053354711234623364224638", "price": "0.01", "size": "13", "side": "BUY", "hash": "65b680ae9a6bfb2846ffa663f8393653812c97f9", "best_bid": "0.06", "best_ask": "0.96"}, {"asset_id": "12986027676138379190858310037698008968051467665358221233574868019457640871578", "price": "0.99", "size": "13", "side": "SELL", "hash": "a6eddb808deb4ba9f839541f726b6de3d1127424", "best_bid": "0.04", "best_ask": "0.94"}], "timestamp": "1769384557006", "event_type": "price_change"}}
{"_local_timestamp": "2026-01-25T23:42:37.491134+00:00", "data": {"market": "0xdf98894c5914b4c351d66309457e62e1e73b7043541087cbdbaaff0499a982be", "price_changes": [{"asset_id": "35488440954525475801313411346470959367815342969923817934973046606664595420531", "price": "0.01", "size": "13", "side": "BUY", "hash": "ad505db4d6ae731cdfeec7e6b2e2a1dad142dec5", "best_bid": "0.06", "best_ask": "0.96"}, {"asset_id": "24143329029936373909456444495655584162890181354206385196743692310561167056542", "price": "0.99", "size": "13", "side": "SELL", "hash": "1e665566c81421604039123c8b37e630f9d5beb2", "best_bid": "0.04", "best_ask": "0.94"}], "timestamp": "1769384557006", "event_type": "price_change"}}
{"_local_timestamp": "2026-01-25T23:42:37.491449+00:00", "data": {"market": "0x576caae37ee3040280e1be9628f72aa2c1ddbcc4dd642dd27dcdd65725cc90df", "price_changes": [{"asset_id": "57453902433387833482491420684981479909851693867111654461293153023258396858812", "price": "0.02", "size": "0", "side": "BUY", "hash": "289d75de29c708d86c0275c8abece455d52c38ea", "best_bid": "0.06", "best_ask": "0.96"}, {"asset_id": "45349056960950927330121879689600825359395787843181573655548473258137793011413", "price": "0.98", "size": "0", "side": "SELL", "hash": "34b355a6ab6a94cafd80e1c0e8322f8a271e76c7", "best_bid": "0.04", "best_ask": "0.94"}], "timestamp": "1769384557000", "event_type": "price_change"}}
{"_local_timestamp": "2026-01-25T23:42:37.491770+00:00", "data": {"market": "0xb8dbe72037a4f708f9e5ffecb81b65eabde8c4503f5ce4abd98509af7ac3706c", "price_changes": [{"asset_id": "51683896038820288945328685271512441260080416914048187185797917140795977647073", "price": "0.02", "size": "0", "side": "BUY", "hash": "cd000b7f751f8a9d5c74f001cfc6c7b96e6a6739", "best_bid": "0.06", "best_ask": "0.96"}, {"asset_id": "107679866392092098961007223554289799530667485966520574895885598582630145367183", "price": "0.98", "size": "0", "side": "SELL", "hash": "e7a032359eafa42fb12a9ec44215bee7c645e6c1", "best_bid": "0.04", "best_ask": "0.94"}], "timestamp": "1769384557005", "event_type": "price_change"}}
{"_local_timestamp": "2026-01-25T23:42:37.492097+00:00", "data": {"market": "0x641a11579aad0b34123245ef96ff5a1f93b98c482596bcea7431cb1a1c8716c3", "price_changes": [{"asset_id": "25029321673653028024756110166707262773145268991807446549630816464801028738117", "price": "0.02", "size": "0", "side": "BUY", "hash": "4b8c768dbc979b61985df50f1a35396e02d3837f", "best_bid": "0.04", "best_ask": "0.94"}, {"asset_id": "103986850891406904853918949049021653254715129752915456711953768807852572897409", "price": "0.98", "size": "0", "side": "SELL", "hash": "66759322407e68527524e6a46a2598076928d050", "best_bid": "0.06", "best_ask": "0.96"}], "timestamp": "1769384557007", "event_type": "price_change"}}
{"_local_timestamp": "2026-01-25T23:42:37.492430+00:00", "data": {"market": "0xdf98894c5914b4c351d66309457e62e1e73b7043541087cbdbaaff0499a982be", "price_changes": [{"asset_id": "24143329029936373909456444495655584162890181354206385196743692310561167056542", "price": "0.02", "size": "0", "side": "BUY", "hash": "463db594dc95ea9c22524ce3d8a05471a97da7ed", "best_bid": "0.04", "best_ask": "0.94"}, {"asset_id": "35488440954525475801313411346470959367815342969923817934973046606664595420531", "price": "0.98", "size": "0", "side": "SELL", "hash": "4dd4fbe420e5ade075ef52667e24e1408c4486ea", "best_bid": "0.06", "best_ask": "0.96"}], "timestamp": "1769384557007", "event_type": "price_change"}}
{"_local_timestamp": "2026-01-25T23:42:37.492753+00:00", "data": {"market": "0x7a8a21202b036aa62fa9b182d5504c1d0fc79067587a47057661c3f566a4b22d", "price_changes": [{"asset_id": "99870143240816541623802514707843227119161628874478156515939883838400607421482", "price": "0.01", "size": "77.98", "side": "BUY", "hash": "0842dfaf250a317d6805570537f62753f481e86e", "best_bid": "0.02", "best_ask": "0.99"}, {"asset_id": "51093817852718392652366863978113727562876991611716408107900104567352376017022", "price": "0.99", "size": "77.98", "side": "SELL", "hash": "078e7fae4791e8ee30a91550b48df7a0e899bf08", "best_bid": "0.01", "best_ask": "0.98"}], "timestamp": "1769384557007", "event_type": "price_change"}}
{"_local_timestamp": "2026-01-25T23:42:37.493156+00:00", "data": {"market": "0x641a11579aad0b34123245ef96ff5a1f93b98c482596bcea7431cb1a1c8716c3", "price_changes": [{"asset_id": "103986850891406904853918949049021653254715129752915456711953768807852572897409", "price": "0.01", "size": "13", "side": "BUY", "hash": "66759322407e68527524e6a46a2598076928d050", "best_bid": "0.06", "best_ask": "0.96"}, {"asset_id": "25029321673653028024756110166707262773145268991807446549630816464801028738117", "price": "0.99", "size": "13", "side": "SELL", "hash": "4b8c768dbc979b61985df50f1a35396e02d3837f", "best_bid": "0.04", "best_ask": "0.94"}], "timestamp": "1769384557007", "event_type": "price_change"}}
{"_local_timestamp": "2026-01-25T23:42:37.493493+00:00", "data": {"market": "0xdf98894c5914b4c351d66309457e62e1e73b7043541087cbdbaaff0499a982be", "price_changes": [{"asset_id": "35488440954525475801313411346470959367815342969923817934973046606664595420531", "price": "0.06", "size": "5.47", "side": "BUY", "hash": "4dd4fbe420e5ade075ef52667e24e1408c4486ea", "best_bid": "0.06", "best_ask": "0.96"}, {"asset_id": "24143329029936373909456444495655584162890181354206385196743692310561167056542", "price": "0.94", "size": "5.47", "side": "SELL", "hash": "463db594dc95ea9c22524ce3d8a05471a97da7ed", "best_bid": "0.04", "best_ask": "0.94"}], "timestamp": "1769384557007", "event_type": "price_change"}}
{"_local_timestamp": "2026-01-25T23:42:37.493831+00:00", "data": {"market": "0x576caae37ee3040280e1be9628f72aa2c1ddbcc4dd642dd27dcdd65725cc90df", "price_changes": [{"asset_id": "57453902433387833482491420684981479909851693867111654461293153023258396858812", "price": "0.06", "size": "5.47", "side": "BUY", "hash": "4ce15e54bebe6ce1bb61bc1abe92f943a54b3812", "best_bid": "0.06", "best_ask": "0.96"}, {"asset_id": "45349056960950927330121879689600825359395787843181573655548473258137793011413", "price": "0.94", "size": "5.47", "side": "SELL", "hash": "56a0745fd0a773a034d8532753e3ad30043436ad", "best_bid": "0.04", "best_ask": "0.94"}], "timestamp": "1769384557007", "event_type": "price_change"}}
{"_local_timestamp": "2026-01-25T23:42:37.494151+00:00", "data": {"market": "0xd11d3cd14907f8bd0d163d9d5c367abdf6457a1f1554db78df3474535c80409c", "price_changes": [{"asset_id": "82716045104760012428470473325635519324942301156987561078328341666623800728189", "price": "0.06", "size": "5.47", "side": "BUY", "hash": "3ab4d834bde726acfed9bc79dfb4ddf05a2245e0", "best_bid": "0.06", "best_ask": "0.96"}, {"asset_id": "35240851701973759154627154105641723395781993653958949747116567220161339675621", "price": "0.94", "size": "5.47", "side": "SELL", "hash": "63b48131f648256b2873eae55004aa62468ccc9e", "best_bid": "0.04", "best_ask": "0.94"}], "timestamp": "1769384557007", "event_type": "price_change"}}
{"_local_timestamp": "2026-01-25T23:42:37.494475+00:00", "data": {"market": "0x576caae37ee3040280e1be9628f72aa2c1ddbcc4dd642dd27dcdd65725cc90df", "price_changes": [{"asset_id": "45349056960950927330121879689600825359395787843181573655548473258137793011413", "price": "0.02", "size": "0", "side": "BUY", "hash": "49bf02cbe5dbbc9024ebd82eb494dc01ec72ed39", "best_bid": "0.04", "best_ask": "0.94"}, {"asset_id": "57453902433387833482491420684981479909851693867111654461293153023258396858812", "price": "0.98", "size": "0", "side": "SELL", "hash": "7ba8bd441ce9ccacf4569c17de1bde8c02f8536a", "best_bid": "0.06", "best_ask": "0.96"}], "timestamp": "1769384557007", "event_type": "price_change"}}
{"_local_timestamp": "2026-01-25T23:42:37.494839+00:00", "data": {"market": "0xd11d3cd14907f8bd0d163d9d5c367abdf6457a1f1554db78df3474535c80409c", "price_changes": [{"asset_id": "82716045104760012428470473325635519324942301156987561078328341666623800728189", "price": "0.02", "size": "0", "side": "BUY", "hash": "3ab4d834bde726acfed9bc79dfb4ddf05a2245e0", "best_bid": "0.06", "best_ask": "0.96"}, {"asset_id": "35240851701973759154627154105641723395781993653958949747116567220161339675621", "price": "0.98", "size": "0", "side": "SELL", "hash": "63b48131f648256b2873eae55004aa62468ccc9e", "best_bid": "0.04", "best_ask": "0.94"}], "timestamp": "1769384557007", "event_type": "price_change"}}
{"_local_timestamp": "2026-01-25T23:42:37.495168+00:00", "data": {"market": "0x830cda5922ff0ec50d67920329c2b528f82bf24d5dc0c4f69ca03a17208bfed3", "price_changes": [{"asset_id": "91332427900460750461362851613620053198188980810999553115615841368097584166798", "price": "0.06", "size": "5.47", "side": "BUY", "hash": "abaf1b8a45befbeda1fbeee5eb411e3c26a65a80", "best_bid": "0.06", "best_ask": "0.96"}, {"asset_id": "51044142392536406362922170389694301286325248782021253141321696055282960460724", "price": "0.94", "size": "5.47", "side": "SELL", "hash": "00156e429a17efe2205ec0703ee51c08c0833644", "best_bid": "0.04", "best_ask": "0.94"}], "timestamp": "1769384557007", "event_type": "price_change"}}
{"_local_timestamp": "2026-01-25T23:42:37.495783+00:00", "data": {"market": "0x576caae37ee3040280e1be9628f72aa2c1ddbcc4dd642dd27dcdd65725cc90df", "price_changes": [{"asset_id": "57453902433387833482491420684981479909851693867111654461293153023258396858812", "price": "0.01", "size": "13", "side": "BUY", "hash": "9c3af2ae92f2ebaf6936039b04f57a6cf968ddf5", "best_bid": "0.06", "best_ask": "0.96"}, {"asset_id": "45349056960950927330121879689600825359395787843181573655548473258137793011413", "price": "0.99", "size": "13", "side": "SELL", "hash": "100eaaab99b065ed0881029e7a885a81a2bedc5b", "best_bid": "0.04", "best_ask": "0.94"}], "timestamp": "1769384557008", "event_type": "price_change"}}
{"_local_timestamp": "2026-01-25T23:42:37.496220+00:00", "data": {"market": "0x830cda5922ff0ec50d67920329c2b528f82bf24d5dc0c4f69ca03a17208bfed3", "price_changes": [{"asset_id": "91332427900460750461362851613620053198188980810999553115615841368097584166798", "price": "0.01", "size": "13", "side": "BUY", "hash": "7cb90f8fa29231f81009fe68de926ecbb4b310a5", "best_bid": "0.06", "best_ask": "0.96"}, {"asset_id": "51044142392536406362922170389694301286325248782021253141321696055282960460724", "price": "0.99", "size": "13", "side": "SELL", "hash": "a80650115ff942e58148308e6b10792a2609e0dc", "best_bid": "0.04", "best_ask": "0.94"}], "timestamp": "1769384557008", "event_type": "price_change"}}
{"_local_timestamp": "2026-01-25T23:42:53.180297+00:00", "data": {"market": "0xc9d5bf072c0af15ae31ea30c8d325075e71e5c4e9e3808e294e01c5a9eaa6ae5", "price_changes": [{"asset_id": "4382190579571943173775865335267480582847298716797440621365433466954306423849", "price": "0.01", "size": "67.11", "side": "BUY", "hash": "f2b15db0aeed8b2e6d4c21c6fd2e760daf075b98", "best_bid": "0.02", "best_ask": "0.98"}, {"asset_id": "71107586566763495588175229928937456739159713549030366880708207908854455783684", "price": "0.99", "size": "67.11", "side": "SELL", "hash": "5757eaa57e5f00fb06177a676a93898c415c71c2", "best_bid": "0.02", "best_ask": "0.98"}], "timestamp": "1769384573004", "event_type": "price_change"}}
{"_local_timestamp": "2026-01-25T23:42:53.181236+00:00", "data": {"market": "0xb8dbe72037a4f708f9e5ffecb81b65eabde8c4503f5ce4abd98509af7ac3706c", "price_changes": [{"asset_id": "107679866392092098961007223554289799530667485966520574895885598582630145367183", "price": "0.01", "size": "13", "side": "BUY", "hash": "1cb66642ce5ade33f3d9f75e8a2374461b49c6b7", "best_bid": "0.04", "best_ask": "0.94"}, {"asset_id": "51683896038820288945328685271512441260080416914048187185797917140795977647073", "price": "0.99", "size": "13", "side": "SELL", "hash": "0c504dcd19d2b7eb0b885e2ccb2a342b95a66116", "best_bid": "0.06", "best_ask": "0.96"}], "timestamp": "1769384573005", "event_type": "price_change"}}
{"_local_timestamp": "2026-01-25T23:42:53.181626+00:00", "data": {"market": "0xda84b21db345e6b63622a32494716670342b327a0a32c250ad5a49d2e85f4538", "price_changes": [{"asset_id": "69735801170844609135813662330103028638688003808734678880974505729262914180143", "price": "0.02", "size": "0", "side": "BUY", "hash": "d5cf23a7ec0304f27104b9537940eacb0003ff22", "best_bid": "0.04", "best_ask": "0.94"}, {"asset_id": "14336789295159006912247945262023602932324021761069929149094326025723822467976", "price": "0.98", "size": "0", "side": "SELL", "hash": "2cbd2a1a8dfb070caf2d0811184569c2c2a31eef", "best_bid": "0.06", "best_ask": "0.96"}], "timestamp": "1769384573006", "event_type": "price_change"}}
{"_local_timestamp": "2026-01-25T23:42:53.187022+00:00", "data": {"market": "0xda84b21db345e6b63622a32494716670342b327a0a32c250ad5a49d2e85f4538", "price_changes": [{"asset_id": "69735801170844609135813662330103028638688003808734678880974505729262914180143", "price": "0.01", "size": "13", "side": "BUY", "hash": "d5cf23a7ec0304f27104b9537940eacb0003ff22", "best_bid": "0.04", "best_ask": "0.94"}, {"asset_id": "14336789295159006912247945262023602932324021761069929149094326025723822467976", "price": "0.99", "size": "13", "side": "SELL", "hash": "2cbd2a1a8dfb070caf2d0811184569c2c2a31eef", "best_bid": "0.06", "best_ask": "0.96"}], "timestamp": "1769384573006", "event_type": "price_change"}}
{"_local_timestamp": "2026-01-25T23:42:53.187624+00:00", "data": {"market": "0xb8dbe72037a4f708f9e5ffecb81b65eabde8c4503f5ce4abd98509af7ac3706c", "price_changes": [{"asset_id": "107679866392092098961007223554289799530667485966520574895885598582630145367183", "price": "0.02", "size": "0", "side": "BUY", "hash": "6342ed016e6846f7d790a7442c3f542932ee0ef7", "best_bid": "0.04", "best_ask": "0.94"}, {"asset_id": "51683896038820288945328685271512441260080416914048187185797917140795977647073", "price": "0.98", "size": "0", "side": "SELL", "hash": "3fda34951433dc3597d1b1038246a696b5830320", "best_bid": "0.06", "best_ask": "0.96"}], "timestamp": "1769384573007", "event_type": "price_change"}}
