{"_local_timestamp": "2026-01-25T23:34:00.096195+00:00", "data": [{"market": "0x1fc322c68723e7d66ccf795cdb8cf229ddb02e0e44b7d92e4d7818a6a8effab1", "asset_id": "12538008096049809260959942696355073549474960063955610419251367912602775702371", "timestamp": "1769384028874", "hash": "2c01b23daa37982b459a8c903a36ff1456b14fcc", "bids": [{"price": "0.01", "size": "91334.57"}, {"price": "0.02", "size": "2450"}, {"price": "0.03", "size": "258.11"}, {"price": "0.04", "size": "14.02"}, {"price": "0.05", "size": "20"}, {"price": "0.07", "size": "2000"}, {"price": "0.08", "size": "100"}, {"price": "0.13", "size": "900"}, {"price": "0.14", "size": "250"}, {"price": "0.2", "size": "400"}, {"price": "0.27", "size": "200"}, {"price": "0.32", "size": "5"}, {"price": "0.34", "size": "100"}, {"price": "0.39", "size": "413.3"}, {"price": "0.41", "size": "6441"}, {"price": "0.42", "size": "200"}, {"price": "0.61", "size": "23.6"}, {"price": "0.65", "size": "200"}, {"price": "0.66", "size": "4304.02"}], "asks": [{"price": "0.99", "size": "91866.99"}, {"price": "0.98", "size": "1961.96"}, {"price": "0.97", "size": "250"}, {"price": "0.96", "size": "22.01"}, {"price": "0.9", "size": "20"}, {"price": "0.89", "size": "822"}, {"price": "0.88", "size": "2000"}, {"price": "0.84", "size": "1500"}, {"price": "0.8", "size": "63.27"}, {"price": "0.79", "size": "31.91"}, {"price": "0.78", "size": "10"}, {"price": "0.77", "size": "1894"}, {"price": "0.75", "size": "5032.26"}, {"price": "0.74", "size": "93.99"}, {"price": "0.73", "size": "270"}, {"price": "0.72", "size": "212.42"}, {"price": "0.71", "size": "49.93"}, {"price": "0.7", "size": "208"}, {"price": "0.69", "size": "336.38"}, {"price": "0.68", "size": "256.82"}, {"price": "0.67", "size": "24.52"}], "event_type": "book", "last_trade_price": "0.340"}, {"market": "0x1fc322c68723e7d66ccf795cdb8cf229ddb02e0e44b7d92e4d7818a6a8effab1", "asset_id": "76809761131255305174563085621337434197956510341263600982501995457278117669614", "timestamp": "1769384028874", "hash": "91ab83a29b9fc281611b273dee25ae26bb2d5ff1", "bids": [{"price": "0.01", "size": "91866.99"}, {"price": "0.02", "size": "1961.96"}, {"price": "0.03", "size": "250"}, {"price": "0.04", "size": "22.01"}, {"price": "0.1", "size": "20"}, {"price": "0.11", "size": "822"}, {"price": "0.12", "size": "2000"}, {"price": "0.16", "size": "1500"}, {"price": "0.2", "size": "63.27"}, {"price": "0.21", "size": "31.91"}, {"price": "0.22", "size": "10"}, {"price": "0.23", "size": "1894"}, {"price": "0.25", "size": "5032.26"}, {"price": "0.26", "size": "93.99"}, {"price": "0.27", "size": "270"}, {"price": "0.28", "size": "212.42"}, {"price": "0.29", "size": "49.93"}, {"price": "0.3", "size": "208"}, {"price": "0.31", "size": "336.38"}, {"price": "0.32", "size": "256.82"}, {"price": "0.33", "size": "24.52"}], "asks": [{"price": "0.99", "size": "91334.57"}, {"price": "0.98", "size": "2450"}, {"price": "0.97", "size": "258.11"}, {"price": "0.96", "size": "14.02"}, {"price": "0.95", "size": "20"}, {"price": "0.93", "size": "2000"}, {"price": "0.92", "size": "100"}, {"price": "0.87", "size": "900"}, {"price": "0.86", "size": "250"}, {"price": "0.8", "size": "400"}, {"price": "0.73", "size": "200"}, {"price": "0.68", "size": "5"}, {"price": "0.66", "size": "100"}, {"price": "0.61", "size": "413.3"}, {"price": "0.59", "size": "6441"}, {"price": "0.58", "size": "200"}, {"price": "0.39", "size": "23.6"}, {"price": "0.35", "size": "200"}, {"price": "0.34", "size": "4304.02"}], "event_type": "book", "last_trade_price": "0.340"}]}
{"_local_timestamp": "2026-01-25T23:34:48.167477+00:00", "data": {"market": "0x1fc322c68723e7d66ccf795cdb8cf229ddb02e0e44b7d92e4d7818a6a8effab1", "price_changes": [{"asset_id": "12538008096049809260959942696355073549474960063955610419251367912602775702371", "price": "0.41", "size": "8440.11", "side": "BUY", "hash": "bf92f95ebfbd9ee581e75e21b5d38169c824153c", "best_bid": "0.66", "best_ask": "0.67"}, {"asset_id": "76809761131255305174563085621337434197956510341263600982501995457278117669614", "price": "0.59", "size": "8440.11", "side": "SELL", "hash": "4afd486189479c3d055356502d7b2578cf9a4505", "best_bid": "0.33", "best_ask": "0.34"}], "timestamp": "1769384088098", "event_type": "price_change"}}
{"_local_timestamp": "2026-01-25T23:34:48.169728+00:00", "data": {"market": "0x1fc322c68723e7d66ccf795cdb8cf229ddb02e0e44b7d92e4d7818a6a8effab1", "price_changes": [{"asset_id": "12538008096049809260959942696355073549474960063955610419251367912602775702371", "price": "0.42", "size": "3199.11", "side": "BUY", "hash": "0dc87931b1c7c66398c5c3e04634de2ae1ca85af", "best_bid": "0.66", "best_ask": "0.67"}, {"asset_id": "76809761131255305174563085621337434197956510341263600982501995457278117669614", "price": "0.58", "size": "3199.11", "side": "SELL", "hash": "a52e64e6cc337c120666e70e0e1cfd7c69ba1d48", "best_bid": "0.33", "best_ask": "0.34"}], "timestamp": "1769384088099", "event_type": "price_change"}}
{"_local_timestamp": "2026-01-25T23:34:48.170572+00:00", "data": {"market": "0x1fc322c68723e7d66ccf795cdb8cf229ddb02e0e44b7d92e4d7818a6a8effab1", "price_changes": [{"asset_id": "76809761131255305174563085621337434197956510341263600982501995457278117669614", "price": "0.25", "size": "7031.37", "side": "BUY", "hash": "e293c0981549a85ce69ac68b6dae5d10f23acb46", "best_bid": "0.33", "best_ask": "0.34"}, {"asset_id": "12538008096049809260959942696355073549474960063955610419251367912602775702371", "price": "0.75", "size": "7031.37", "side": "SELL", "hash": "efe6dd6311b987d7e6ff762017e82792843f3fa9", "best_bid": "0.66", "best_ask": "0.67"}], "timestamp": "1769384088099", "event_type": "price_change"}}
{"_local_timestamp": "2026-01-25T23:34:48.170874+00:00", "data": {"market": "0x1fc322c68723e7d66ccf795cdb8cf229ddb02e0e44b7d92e4d7818a6a8effab1", "price_changes": [{"asset_id": "76809761131255305174563085621337434197956510341263600982501995457278117669614", "price": "0.02", "size": "4961.07", "side": "BUY", "hash": "416221f12fa6fbc94d983dd0b8b5b150dea7ff22", "best_bid": "0.33", "best_ask": "0.34"}, {"asset_id": "12538008096049809260959942696355073549474960063955610419251367912602775702371", "price": "0.98", "size": "4961.07", "side": "SELL", "hash": "649e4fe5bd1d35783d41d5548ac945445bb11f75", "best_bid": "0.66", "best_ask": "0.67"}], "timestamp": "1769384088100", "event_type": "price_change"}}
{"_local_timestamp": "2026-01-25T23:34:48.171146+00:00", "data": {"market": "0x1fc322c68723e7d66ccf795cdb8cf229ddb02e0e44b7d92e4d7818a6a8effab1", "price_changes": [{"asset_id": "12538008096049809260959942696355073549474960063955610419251367912602775702371", "price": "0.42", "size": "6198.22", "side": "BUY", "hash": "c636ce335ee3a88f51f414e1e7994dcd1c57f2a1", "best_bid": "0.66", "best_ask": "0.67"}, {"asset_id": "76809761131255305174563085621337434197956510341263600982501995457278117669614", "price": "0.58", "size": "6198.22", "side": "SELL", "hash": "292ec6d85be79966dc5e291ec2334fe068ecd01b", "best_bid": "0.33", "best_ask": "0.34"}], "timestamp": "1769384088101", "event_type": "price_change"}}
{"_local_timestamp": "2026-01-25T23:34:48.171417+00:00", "data": {"market": "0x1fc322c68723e7d66ccf795cdb8cf229ddb02e0e44b7d92e4d7818a6a8effab1", "price_changes": [{"asset_id": "12538008096049809260959942696355073549474960063955610419251367912602775702371", "price": "0.42", "size": "8197.33", "side": "BUY", "hash": "cb619b70e7be492c08c46970d1f89210e82cd91b", "best_bid": "0.66", "best_ask": "0.67"}, {"asset_id": "76809761131255305174563085621337434197956510341263600982501995457278117669614", "price": "0.58", "size": "8197.33", "side": "SELL", "hash": "b0fcc660e348deacb9f45dbe876f3445ab544c1e", "best_bid": "0.33", "best_ask": "0.34"}], "timestamp": "1769384088102", "event_type": "price_change"}}
{"_local_timestamp": "2026-01-25T23:34:48.171686+00:00", "data": {"market": "0x1fc322c68723e7d66ccf795cdb8cf229ddb02e0e44b7d92e4d7818a6a8effab1", "price_changes": [{"asset_id": "12538008096049809260959942696355073549474960063955610419251367912602775702371", "price": "0.42", "size": "10196.44", "side": "BUY", "hash": "86cf66c8b66416f28f8ec9a5bec06559afd3f9e5", "best_bid": "0.66", "best_ask": "0.67"}, {"asset_id": "76809761131255305174563085621337434197956510341263600982501995457278117669614", "price": "0.58", "size": "10196.44", "side": "SELL", "hash": "49ce60d002066a656087b46a0e13d7ce130fc4b1", "best_bid": "0.33", "best_ask": "0.34"}], "timestamp": "1769384088102", "event_type": "price_change"}}
{"_local_timestamp": "2026-01-25T23:34:48.171972+00:00", "data": {"market": "0x1fc322c68723e7d66ccf795cdb8cf229ddb02e0e44b7d92e4d7818a6a8effab1", "price_changes": [{"asset_id": "76809761131255305174563085621337434197956510341263600982501995457278117669614", "price": "0.02", "size": "7960.18", "side": "BUY", "hash": "eb1a09edfbcf39e2d0ac9ce831f6f713bcb1c6f8", "best_bid": "0.33", "best_ask": "0.34"}, {"asset_id": "12538008096049809260959942696355073549474960063955610419251367912602775702371", "price": "0.98", "size": "7960.18", "side": "SELL", "hash": "b4855944128f13cfc69295cdb3369614f7d62eb4", "best_bid": "0.66", "best_ask": "0.67"}], "timestamp": "1769384088103", "event_type": "price_change"}}
{"_local_timestamp": "2026-01-25T23:34:48.172503+00:00", "data": {"market": "0x1fc322c68723e7d66ccf795cdb8cf229ddb02e0e44b7d92e4d7818a6a8effab1", "price_changes": [{"asset_id": "76809761131255305174563085621337434197956510341263600982501995457278117669614", "price": "0.02", "size": "9959.29", "side": "BUY", "hash": "23b405282b3ea0992ed46831f0801ecb777fb9ab", "best_bid": "0.33", "best_ask": "0.34"}, {"asset_id": "12538008096049809260959942696355073549474960063955610419251367912602775702371", "price": "0.98", "size": "9959.29", "side": "SELL", "hash": "20ebe9a3452c138534e9c68eded9093b2e4e047d", "best_bid": "0.66", "best_ask": "0.67"}], "timestamp": "1769384088104", "event_type": "price_change"}}
{"_local_timestamp": "2026-01-25T23:34:48.172815+00:00", "data": {"market": "0x1fc322c68723e7d66ccf795cdb8cf229ddb02e0e44b7d92e4d7818a6a8effab1", "price_changes": [{"asset_id": "76809761131255305174563085621337434197956510341263600982501995457278117669614", "price": "0.26", "size": "2093.1", "side": "BUY", "hash": "443f78af7a7b84f0b575e2c2530b56fd9e5f1e13", "best_bid": "0.33", "best_ask": "0.34"}, {"asset_id": "12538008096049809260959942696355073549474960063955610419251367912602775702371", "price": "0.74", "size": "2093.1", "side": "SELL", "hash": "965f5f16d31199db4f4a3fea5aff19c9cca6f59d", "best_bid": "0.66", "best_ask": "0.67"}], "timestamp": "1769384088104", "event_type": "price_change"}}
{"_local_timestamp": "2026-01-25T23:34:48.173095+00:00", "data": {"market": "0x1fc322c68723e7d66ccf795cdb8cf229ddb02e0e44b7d92e4d7818a6a8effab1", "price_changes": [{"asset_id": "12538008096049809260959942696355073549474960063955610419251367912602775702371", "price": "0.02", "size": "5449.11", "side": "BUY", "hash": "384ebdeb6ad6776c32b759653e9d7bd9fa2270c2", "best_bid": "0.66", "best_ask": "0.67"}, {"asset_id": "76809761131255305174563085621337434197956510341263600982501995457278117669614", "price": "0.98", "size": "5449.11", "side": "SELL", "hash": "77b0245ca4bafab57d0b3372c59e4ef02f6f53dd", "best_bid": "0.33", "best_ask": "0.34"}], "timestamp": "1769384088105", "event_type": "price_change"}}
{"_local_timestamp": "2026-01-25T23:34:48.173343+00:00", "data": {"market": "0x1fc322c68723e7d66ccf795cdb8cf229ddb02e0e44b7d92e4d7818a6a8effab1", "price_changes": [{"asset_id": "76809761131255305174563085621337434197956510341263600982501995457278117669614", "price": "0.02", "size": "12958.4", "side": "BUY", "hash": "bfcdf7c10544be33b3fa0e784e0020d95957bfca", "best_bid": "0.33", "best_ask": "0.34"}, {"asset_id": "12538008096049809260959942696355073549474960063955610419251367912602775702371", "price": "0.98", "size": "12958.4", "side": "SELL", "hash": "e92d7b7e701f763e01bea1f044f8a05cac98edae", "best_bid": "0.66", "best_ask": "0.67"}], "timestamp": "1769384088106", "event_type": "price_change"}}
{"_local_timestamp": "2026-01-25T23:34:48.297919+00:00", "data": {"market": "0x1fc322c68723e7d66ccf795cdb8cf229ddb02e0e44b7d92e4d7818a6a8effab1", "price_changes": [{"asset_id": "12538008096049809260959942696355073549474960063955610419251367912602775702371", "price": "0.43", "size": "200", "side": "BUY", "hash": "2132648b0363a6469a4dd57f27c243dc647d56ac", "best_bid": "0.66", "best_ask": "0.67"}, {"asset_id": "76809761131255305174563085621337434197956510341263600982501995457278117669614", "price": "0.57", "size": "200", "side": "SELL", "hash": "3a0efe55c781e83f3a56bf3789e06c38b74a39ac", "best_bid": "0.33", "best_ask": "0.34"}], "timestamp": "1769384088167", "event_type": "price_change"}}
{"_local_timestamp": "2026-01-25T23:34:48.298434+00:00", "data": {"market": "0x1fc322c68723e7d66ccf795cdb8cf229ddb02e0e44b7d92e4d7818a6a8effab1", "price_changes": [{"asset_id": "12538008096049809260959942696355073549474960063955610419251367912602775702371", "price": "0.42", "size": "9996.44", "side": "BUY", "hash": "c7cc67a5fa5858c63d8618cc989ff46b6c2f8ba9", "best_bid": "0.66", "best_ask": "0.67"}, {"asset_id": "76809761131255305174563085621337434197956510341263600982501995457278117669614", "price": "0.58", "size": "9996.44", "side": "SELL", "hash": "26a8c5865caa37f1262b76993381656c6adc5932", "best_bid": "0.33", "best_ask": "0.34"}], "timestamp": "1769384088172", "event_type": "price_change"}}
{"_local_timestamp": "2026-01-25T23:34:50.173277+00:00", "data": {"market": "0x1fc322c68723e7d66ccf795cdb8cf229ddb02e0e44b7d92e4d7818a6a8effab1", "price_changes": [{"asset_id": "76809761131255305174563085621337434197956510341263600982501995457278117669614", "price": "0.27", "size": "320", "side": "BUY", "hash": "26b6bccfd8fdb210d58410dbc11192e1b1127a61", "best_bid": "0.33", "best_ask": "0.34"}, {"asset_id": "12538008096049809260959942696355073549474960063955610419251367912602775702371", "price": "0.73", "size": "320", "side": "SELL", "hash": "0e23699d107da4733706486afc94dce02e145a45", "best_bid": "0.66", "best_ask": "0.67"}], "timestamp": "1769384090104", "event_type": "price_change"}}
{"_local_timestamp": "2026-01-25T23:34:50.182898+00:00", "data": {"market": "0x1fc322c68723e7d66ccf795cdb8cf229ddb02e0e44b7d92e4d7818a6a8effab1", "price_changes": [{"asset_id": "76809761131255305174563085621337434197956510341263600982501995457278117669614", "price": "0.27", "size": "620", "side": "BUY", "hash": "23d229224acf54c04f7a70ca0cccdf7d5c7346aa", "best_bid": "0.33", "best_ask": "0.34"}, {"asset_id": "12538008096049809260959942696355073549474960063955610419251367912602775702371", "price": "0.73", "size": "620", "side": "SELL", "hash": "969c039359fd1a80a1ecef12e8de415fe3fa2f2f", "best_bid": "0.66", "best_ask": "0.67"}], "timestamp": "1769384090112", "event_type": "price_change"}}
{"_local_timestamp": "2026-01-25T23:34:51.881773+00:00", "data": {"market": "0x1fc322c68723e7d66ccf795cdb8cf229ddb02e0e44b7d92e4d7818a6a8effab1", "price_changes": [{"asset_id": "76809761131255305174563085621337434197956510341263600982501995457278117669614", "price": "0.27", "size": "670", "side": "BUY", "hash": "47707f9e2f12d5f809b6f55164bbed5ab2220131", "best_bid": "0.33", "best_ask": "0.34"}, {"asset_id": "12538008096049809260959942696355073549474960063955610419251367912602775702371", "price": "0.73", "size": "670", "side": "SELL", "hash": "c485470768dde43ada1471b8d42fd581d52c6ff7", "best_bid": "0.66", "best_ask": "0.67"}], "timestamp": "1769384091812", "event_type": "price_change"}}
{"_local_timestamp": "2026-01-25T23:34:56.534649+00:00", "data": {"market": "0x1fc322c68723e7d66ccf795cdb8cf229ddb02e0e44b7d92e4d7818a6a8effab1", "price_changes": [{"asset_id": "76809761131255305174563085621337434197956510341263600982501995457278117669614", "price": "0.28", "size": "262.42", "side": "BUY", "hash": "d366e6f4e4eea8930c571159be7b2d8101979906", "best_bid": "0.33", "best_ask": "0.34"}, {"asset_id": "12538008096049809260959942696355073549474960063955610419251367912602775702371", "price": "0.72", "size": "262.42", "side": "SELL", "hash": "9e55f9b55720f9a6af57f35d730f68d386a102e7", "best_bid": "0.66", "best_ask": "0.67"}], "timestamp": "1769384096456", "event_type": "price_change"}}
{"_local_timestamp": "2026-01-25T23:34:58.420244+00:00", "data": {"market": "0x1fc322c68723e7d66ccf795cdb8cf229ddb02e0e44b7d92e4d7818a6a8effab1", "price_changes": [{"asset_id": "76809761131255305174563085621337434197956510341263600982501995457278117669614", "price": "0.27", "size": "970", "side": "BUY", "hash": "9ba450ac1910e852da8096d4f6f97b51c6dc2a45", "best_bid": "0.33", "best_ask": "0.34"}, {"asset_id": "12538008096049809260959942696355073549474960063955610419251367912602775702371", "price": "0.73", "size": "970", "side": "SELL", "hash": "79bea2026956bc7762f03fb862e32c322018fc30", "best_bid": "0.66", "best_ask": "0.67"}], "timestamp": "1769384098351", "event_type": "price_change"}}
{"_local_timestamp": "2026-01-25T23:35:10.398623+00:00", "data": {"market": "0x1fc322c68723e7d66ccf795cdb8cf229ddb02e0e44b7d92e4d7818a6a8effab1", "price_changes": [{"asset_id": "76809761131255305174563085621337434197956510341263600982501995457278117669614", "price": "0.32", "size": "188", "side": "BUY", "hash": "2dc8710a4d9ef7532500442c8a9e5db1ccf51535", "best_bid": "0.33", "best_ask": "0.34"}, {"asset_id": "12538008096049809260959942696355073549474960063955610419251367912602775702371", "price": "0.68", "size": "188", "side": "SELL", "hash": "747832644eac48bb3764b8a57f09533ce04d4363", "best_bid": "0.66", "best_ask": "0.67"}], "timestamp": "1769384110330", "event_type": "price_change"}}
{"_local_timestamp": "2026-01-25T23:35:18.091369+00:00", "data": {"market": "0x1fc322c68723e7d66ccf795cdb8cf229ddb02e0e44b7d92e4d7818a6a8effab1", "price_changes": [{"asset_id": "76809761131255305174563085621337434197956510341263600982501995457278117669614", "price": "0.02", "size": "12658.4", "side": "BUY", "hash": "bbfd194cea91cbafc729e2df2edeadd599894548", "best_bid": "0.33", "best_ask": "0.34"}, {"asset_id": "12538008096049809260959942696355073549474960063955610419251367912602775702371", "price": "0.98", "size": "12658.4", "side": "SELL", "hash": "9509bb09ce0aa1fd5c128d85226b50ea9925a62a", "best_bid": "0.66", "best_ask": "0.67"}], "timestamp": "1769384118009", "event_type": "price_change"}}
{"_local_timestamp": "2026-01-25T23:35:23.836169+00:00", "data": {"market": "0x1fc322c68723e7d66ccf795cdb8cf229ddb02e0e44b7d92e4d7818a6a8effab1", "price_changes": [{"asset_id": "76809761131255305174563085621337434197956510341263600982501995457278117669614", "price": "0.32", "size": "210.94", "side": "BUY", "hash": "b90a81252d6bb50dfa6ee97455d845e561b3830d", "best_bid": "0.33", "best_ask": "0.34"}, {"asset_id": "12538008096049809260959942696355073549474960063955610419251367912602775702371", "price": "0.68", "size": "210.94", "side": "SELL", "hash": "cc31296c133961d06bdc8b838a6f71b8eb45b80c", "best_bid": "0.66", "best_ask": "0.67"}], "timestamp": "1769384123718", "event_type": "price_change"}}
{"_local_timestamp": "2026-01-25T23:35:23.836858+00:00", "data": {"market": "0x1fc322c68723e7d66ccf795cdb8cf229ddb02e0e44b7d92e4d7818a6a8effab1", "price_changes": [{"asset_id": "76809761131255305174563085621337434197956510341263600982501995457278117669614", "price": "0.32", "size": "233.88", "side": "BUY", "hash": "572aaa9be4dcb6307e8708dce1a7be2e3eced7f1", "best_bid": "0.33", "best_ask": "0.34"}, {"asset_id": "12538008096049809260959942696355073549474960063955610419251367912602775702371", "price": "0.68", "size": "233.88", "side": "SELL", "hash": "145d06bfc167c645121e265e5eaadb7e1a726706", "best_bid": "0.66", "best_ask": "0.67"}], "timestamp": "1769384123719", "event_type": "price_change"}}
{"_local_timestamp": "2026-01-25T23:35:23.837312+00:00", "data": {"market": "0x1fc322c68723e7d66ccf795cdb8cf229ddb02e0e44b7d92e4d7818a6a8effab1", "price_changes": [{"asset_id": "76809761131255305174563085621337434197956510341263600982501995457278117669614", "price": "0.32", "size": "256.82", "side": "BUY", "hash": "47b443cb03d8018e35a046fc31642491db39ac50", "best_bid": "0.33", "best_ask": "0.34"}, {"asset_id": "12538008096049809260959942696355073549474960063955610419251367912602775702371", "price": "0.68", "size": "256.82", "side": "SELL", "hash": "bbf8631d7098280f58cb13eb9dd360ffe3a0f5e5", "best_bid": "0.66", "best_ask": "0.67"}], "timestamp": "1769384123719", "event_type": "price_change"}}
{"_local_timestamp": "2026-01-25T23:35:30.058871+00:00", "data": {"market": "0x1fc322c68723e7d66ccf795cdb8cf229ddb02e0e44b7d92e4d7818a6a8effab1", "price_changes": [{"asset_id": "76809761131255305174563085621337434197956510341263600982501995457278117669614", "price": "0.02", "size": "12958.4", "side": "BUY", "hash": "53226c9d21e14e8088d2e5d5aba706019475c1d5", "best_bid": "0.33", "best_ask": "0.34"}, {"asset_id": "12538008096049809260959942696355073549474960063955610419251367912602775702371", "price": "0.98", "size": "12958.4", "side": "SELL", "hash": "e9992f3678c659270d1540563887656b1ba42605", "best_bid": "0.66", "best_ask": "0.67"}], "timestamp": "1769384129987", "event_type": "price_change"}}
{"_local_timestamp": "2026-01-25T23:35:51.287695+00:00", "data": {"market": "0x1fc322c68723e7d66ccf795cdb8cf229ddb02e0e44b7d92e4d7818a6a8effab1", "price_changes": [{"asset_id": "76809761131255305174563085621337434197956510341263600982501995457278117669614", "price": "0.27", "size": "670", "side": "BUY", "hash": "5c5d92e0ad359478a97ec234290ffd00f25bc9e1", "best_bid": "0.33", "best_ask": "0.34"}, {"asset_id": "12538008096049809260959942696355073549474960063955610419251367912602775702371", "price": "0.73", "size": "670", "side": "SELL", "hash": "fb1da5f7d78480a96df0cd7c1cc98fb291803077", "best_bid": "0.66", "best_ask": "0.67"}], "timestamp": "1769384151220", "event_type": "price_change"}}
{"_local_timestamp": "2026-01-25T23:35:51.516406+00:00", "data": {"market": "0x1fc322c68723e7d66ccf795cdb8cf229ddb02e0e44b7d92e4d7818a6a8effab1", "price_changes": [{"asset_id": "76809761131255305174563085621337434197956510341263600982501995457278117669614", "price": "0.28", "size": "562.42", "side": "BUY", "hash": "573405df64ea9c8b505117e4c2a523eb18b22864", "best_bid": "0.33", "best_ask": "0.34"}, {"asset_id": "12538008096049809260959942696355073549474960063955610419251367912602775702371", "price": "0.72", "size": "562.42", "side": "SELL", "hash": "75c120ef28a83cfd5cb76c359d26e154484eb32c", "best_bid": "0.66", "best_ask": "0.67"}], "timestamp": "1769384151445", "event_type": "price_change"}}
{"_local_timestamp": "2026-01-25T23:35:52.271988+00:00", "data": {"market": "0x1fc322c68723e7d66ccf795cdb8cf229ddb02e0e44b7d92e4d7818a6a8effab1", "price_changes": [{"asset_id": "76809761131255305174563085621337434197956510341263600982501995457278117669614", "price": "0.27", "size": "620", "side": "BUY", "hash": "f6348d29aa96f7abb0b478a5fc4c423e193585ee", "best_bid": "0.33", "best_ask": "0.34"}, {"asset_id": "12538008096049809260959942696355073549474960063955610419251367912602775702371", "price": "0.73", "size": "620", "side": "SELL", "hash": "6347657ea2847dd375458ff910a2ab1f0d9d1aca", "best_bid": "0.66", "best_ask": "0.67"}], "timestamp": "1769384152205", "event_type": "price_change"}}
{"_local_timestamp": "2026-01-25T23:35:52.499147+00:00", "data": {"market": "0x1fc322c68723e7d66ccf795cdb8cf229ddb02e0e44b7d92e4d7818a6a8effab1", "price_changes": [{"asset_id": "76809761131255305174563085621337434197956510341263600982501995457278117669614", "price": "0.28", "size": "612.42", "side": "BUY", "hash": "44fb77e8a91f1cd59bf466c1701790fceda34137", "best_bid": "0.33", "best_ask": "0.34"}, {"asset_id": "12538008096049809260959942696355073549474960063955610419251367912602775702371", "price": "0.72", "size": "612.42", "side": "SELL", "hash": "458bea38ecff560b7b700a0c4b39ba764419598f", "best_bid": "0.66", "best_ask": "0.67"}], "timestamp": "1769384152434", "event_type": "price_change"}}
{"_local_timestamp": "2026-01-25T23:35:53.200862+00:00", "data": {"market": "0x1fc322c68723e7d66ccf795cdb8cf229ddb02e0e44b7d92e4d7818a6a8effab1", "price_changes": [{"asset_id": "76809761131255305174563085621337434197956510341263600982501995457278117669614", "price": "0.27", "size": "570", "side": "BUY", "hash": "2ca1774028cae6b6d548149d04c33e90dade2db6", "best_bid": "0.33", "best_ask": "0.34"}, {"asset_id": "12538008096049809260959942696355073549474960063955610419251367912602775702371", "price": "0.73", "size": "570", "side": "SELL", "hash": "90583f5f299eb9fcd7b274ef11adf95651427b60", "best_bid": "0.66", "best_ask": "0.67"}], "timestamp": "1769384153131", "event_type": "price_change"}}
{"_local_timestamp": "2026-01-25T23:35:53.419750+00:00", "data": {"market": "0x1fc322c68723e7d66ccf795cdb8cf229ddb02e0e44b7d92e4d7818a6a8effab1", "price_changes": [{"asset_id": "76809761131255305174563085621337434197956510341263600982501995457278117669614", "price": "0.28", "size": "662.42", "side": "BUY", "hash": "5895b236de34c95f2ee07d29b484e2861f2afd6e", "best_bid": "0.33", "best_ask": "0.34"}, {"asset_id": "12538008096049809260959942696355073549474960063955610419251367912602775702371", "price": "0.72", "size": "662.42", "side": "SELL", "hash": "a8e171a2083caa188d386e8140f38f626a74cbef", "best_bid": "0.66", "best_ask": "0.67"}], "timestamp": "1769384153350", "event_type": "price_change"}}
{"_local_timestamp": "2026-01-25T23:35:58.406869+00:00", "data": {"market": "0x1fc322c68723e7d66ccf795cdb8cf229ddb02e0e44b7d92e4d7818a6a8effab1", "price_changes": [{"asset_id": "76809761131255305174563085621337434197956510341263600982501995457278117669614", "price": "0.28", "size": "612.42", "side": "BUY", "hash": "fb88443f85e76c6a36d827497091e0b0c5368b7c", "best_bid": "0.33", "best_ask": "0.34"}, {"asset_id": "12538008096049809260959942696355073549474960063955610419251367912602775702371", "price": "0.72", "size": "612.42", "side": "SELL", "hash": "97271aa2dab4a89cf83be21ca8be74caed99871f", "best_bid": "0.66", "best_ask": "0.67"}], "timestamp": "1769384158337", "event_type": "price_change"}}
{"_local_timestamp": "2026-01-25T23:35:58.624791+00:00", "data": {"market": "0x1fc322c68723e7d66ccf795cdb8cf229ddb02e0e44b7d92e4d7818a6a8effab1", "price_changes": [{"asset_id": "76809761131255305174563085621337434197956510341263600982501995457278117669614", "price": "0.29", "size": "99.93", "side": "BUY", "hash": "54955a5dcf6f41784d89aac3c230dadc2ddd44bb", "best_bid": "0.33", "best_ask": "0.34"}, {"asset_id": "12538008096049809260959942696355073549474960063955610419251367912602775702371", "price": "0.71", "size": "99.93", "side": "SELL", "hash": "1a909fbb0fb6b25b606c033fbd8a4e67ec861427", "best_bid": "0.66", "best_ask": "0.67"}], "timestamp": "1769384158558", "event_type": "price_change"}}
{"_local_timestamp": "2026-01-25T23:36:26.206525+00:00", "data": {"market": "0x1fc322c68723e7d66ccf795cdb8cf229ddb02e0e44b7d92e4d7818a6a8effab1", "price_changes": [{"asset_id": "12538008096049809260959942696355073549474960063955610419251367912602775702371", "price": "0.01", "size": "91324.61", "side": "BUY", "hash": "a27ac6fd35f5a622588c7af2e91eb34378e25ebe", "best_bid": "0.66", "best_ask": "0.67"}, {"asset_id": "76809761131255305174563085621337434197956510341263600982501995457278117669614", "price": "0.99", "size": "91324.61", "side": "SELL", "hash": "f021a5a6ec3444c422961309d1b9bbbecd138ad7", "best_bid": "0.33", "best_ask": "0.34"}], "timestamp": "1769384186134", "event_type": "price_change"}}
{"_local_timestamp": "2026-01-25T23:36:26.206958+00:00", "data": {"market": "0x1fc322c68723e7d66ccf795cdb8cf229ddb02e0e44b7d92e4d7818a6a8effab1", "price_changes": [{"asset_id": "12538008096049809260959942696355073549474960063955610419251367912602775702371", "price": "0.04", "size": "0", "side": "BUY", "hash": "a27ac6fd35f5a622588c7af2e91eb34378e25ebe", "best_bid": "0.66", "best_ask": "0.67"}, {"asset_id": "76809761131255305174563085621337434197956510341263600982501995457278117669614", "price": "0.96", "size": "0", "side": "SELL", "hash": "f021a5a6ec3444c422961309d1b9bbbecd138ad7", "best_bid": "0.33", "best_ask": "0.34"}], "timestamp": "1769384186134", "event_type": "price_change"}}
{"_local_timestamp": "2026-01-25T23:36:27.478239+00:00", "data": {"market": "0x1fc322c68723e7d66ccf795cdb8cf229ddb02e0e44b7d92e4d7818a6a8effab1", "price_changes": [{"asset_id": "12538008096049809260959942696355073549474960063955610419251367912602775702371", "price": "0.09", "size": "7.34", "side": "BUY", "hash": "34de2b91ff0b4ec946966dac47ec8940f65d8d47", "best_bid": "0.66", "best_ask": "0.67"}, {"asset_id": "76809761131255305174563085621337434197956510341263600982501995457278117669614", "price": "0.91", "size": "7.34", "side": "SELL", "hash": "6c51af12f1fbd1b9d2109a0782d891420c0ef36f", "best_bid": "0.33", "best_ask": "0.34"}], "timestamp": "1769384187410", "event_type": "price_change"}}
{"_local_timestamp": "2026-01-25T23:36:53.525077+00:00", "data": {"market": "0x1fc322c68723e7d66ccf795cdb8cf229ddb02e0e44b7d92e4d7818a6a8effab1", "price_changes": [{"asset_id": "76809761131255305174563085621337434197956510341263600982501995457278117669614", "price": "0.28", "size": "312.42", "side": "BUY", "hash": "db450223df8c075b5506217d3095ba7cd29ef79d", "best_bid": "0.33", "best_ask": "0.34"}, {"asset_id": "12538008096049809260959942696355073549474960063955610419251367912602775702371", "price": "0.72", "size": "312.42", "side": "SELL", "hash": "4e6de0cc999c14d1efcf680e5ef730ef04d465e6", "best_bid": "0.66", "best_ask": "0.67"}], "timestamp": "1769384213340", "event_type": "price_change"}}
{"_local_timestamp": "2026-01-25T23:36:53.749440+00:00", "data": {"market": "0x1fc322c68723e7d66ccf795cdb8cf229ddb02e0e44b7d92e4d7818a6a8effab1", "price_changes": [{"asset_id": "76809761131255305174563085621337434197956510341263600982501995457278117669614", "price": "0.27", "size": "870", "side": "BUY", "hash": "300497a9b3c6e46fe4f183d66334336e258d2369", "best_bid": "0.33", "best_ask": "0.34"}, {"asset_id": "12538008096049809260959942696355073549474960063955610419251367912602775702371", "price": "0.73", "size": "870", "side": "SELL", "hash": "9f1e6e225b6290c908ed3f698acbe073fce3da57", "best_bid": "0.66", "best_ask": "0.67"}], "timestamp": "1769384213564", "event_type": "price_change"}}
{"_local_timestamp": "2026-01-25T23:37:00.830737+00:00", "data": {"market": "0x1fc322c68723e7d66ccf795cdb8cf229ddb02e0e44b7d92e4d7818a6a8effab1", "price_changes": [{"asset_id": "76809761131255305174563085621337434197956510341263600982501995457278117669614", "price": "0.29", "size": "49.93", "side": "BUY", "hash": "4e557fbcde477eafad73858912eb7baf8b4faff4", "best_bid": "0.33", "best_ask": "0.34"}, {"asset_id": "12538008096049809260959942696355073549474960063955610419251367912602775702371", "price": "0.71", "size": "49.93", "side": "SELL", "hash": "d7c25646d28592670cbc1ac6917586dab18dd388", "best_bid": "0.66", "best_ask": "0.67"}], "timestamp": "1769384220627", "event_type": "price_change"}}
{"_local_timestamp": "2026-01-25T23:37:01.032024+00:00", "data": {"market": "0x1fc322c68723e7d66ccf795cdb8cf229ddb02e0e44b7d92e4d7818a6a8effab1", "price_changes": [{"asset_id": "76809761131255305174563085621337434197956510341263600982501995457278117669614", "price": "0.28", "size": "362.42", "side": "BUY", "hash": "ac34c7e77de71bfe8723c4656e4360d397aee562", "best_bid": "0.33", "best_ask": "0.34"}, {"asset_id": "12538008096049809260959942696355073549474960063955610419251367912602775702371", "price": "0.72", "size": "362.42", "side": "SELL", "hash": "4ed178fadc0d7ede97d22be06acb5b5bc04f53bb", "best_bid": "0.66", "best_ask": "0.67"}], "timestamp": "1769384220843", "event_type": "price_change"}}
{"_local_timestamp": "2026-01-25T23:37:51.390646+00:00", "data": {"market": "0x1fc322c68723e7d66ccf795cdb8cf229ddb02e0e44b7d92e4d7818a6a8effab1", "price_changes": [{"asset_id": "76809761131255305174563085621337434197956510341263600982501995457278117669614", "price": "0.32", "size": "188", "side": "BUY", "hash": "8aa1b813e350b6b625ebe7e420510dad97780e02", "best_bid": "0.33", "best_ask": "0.34"}, {"asset_id": "12538008096049809260959942696355073549474960063955610419251367912602775702371", "price": "0.68", "size": "188", "side": "SELL", "hash": "f7596844c3dc5a2f0bb9685727b9f5f9b371e892", "best_bid": "0.66", "best_ask": "0.67"}], "timestamp": "1769384271109", "event_type": "price_change"}}
{"_local_timestamp": "2026-01-25T23:38:04.355367+00:00", "data": {"market": "0x1fc322c68723e7d66ccf795cdb8cf229ddb02e0e44b7d92e4d7818a6a8effab1", "price_changes": [{"asset_id": "76809761131255305174563085621337434197956510341263600982501995457278117669614", "price": "0.32", "size": "210.94", "side": "BUY", "hash": "6a6b1742f0ec9afc66d6927954656d270ffd22df", "best_bid": "0.33", "best_ask": "0.34"}, {"asset_id": "12538008096049809260959942696355073549474960063955610419251367912602775702371", "price": "0.68", "size": "210.94", "side": "SELL", "hash": "ea7cde8bab3a21611f9ca24e862c8b9229ec352b", "best_bid": "0.66", "best_ask": "0.67"}], "timestamp": "1769384284198", "event_type": "price_change"}}
{"_local_timestamp": "2026-01-25T23:38:04.355831+00:00", "data": {"market": "0x1fc322c68723e7d66ccf795cdb8cf229ddb02e0e44b7d92e4d7818a6a8effab1", "price_changes": [{"asset_id": "76809761131255305174563085621337434197956510341263600982501995457278117669614", "price": "0.32", "size": "233.88", "side": "BUY", "hash": "cc998a353d324d3f913b94a404af3d71fd6d2395", "best_bid": "0.33", "best_ask": "0.34"}, {"asset_id": "12538008096049809260959942696355073549474960063955610419251367912602775702371", "price": "0.68", "size": "233.88", "side": "SELL", "hash": "a04e7d77d52c2e6f0260daf5ab3b79f9aa1ac90f", "best_bid": "0.66", "best_ask": "0.67"}], "timestamp": "1769384284199", "event_type": "price_change"}}
{"_local_timestamp": "2026-01-25T23:38:04.356174+00:00", "data": {"market": "0x1fc322c68723e7d66ccf795cdb8cf229ddb02e0e44b7d92e4d7818a6a8effab1", "price_changes": [{"asset_id": "76809761131255305174563085621337434197956510341263600982501995457278117669614", "price": "0.32", "size": "256.82", "side": "BUY", "hash": "114cca3e9ea33a1b4a362fda948d77b21e5e9b92", "best_bid": "0.33", "best_ask": "0.34"}, {"asset_id": "12538008096049809260959942696355073549474960063955610419251367912602775702371", "price": "0.68", "size": "256.82", "side": "SELL", "hash": "a8332ae9962de008a780bbdb11dd959c9af5e972", "best_bid": "0.66", "best_ask": "0.67"}], "timestamp": "1769384284199", "event_type": "price_change"}}
{"_local_timestamp": "2026-01-25T23:38:07.611318+00:00", "data": {"market": "0x1fc322c68723e7d66ccf795cdb8cf229ddb02e0e44b7d92e4d7818a6a8effab1", "price_changes": [{"asset_id": "76809761131255305174563085621337434197956510341263600982501995457278117669614", "price": "0.02", "size": "12658.4", "side": "BUY", "hash": "72fa7e5e5ab8e7ad9c956cdbe00e496564b531c5", "best_bid": "0.33", "best_ask": "0.34"}, {"asset_id": "12538008096049809260959942696355073549474960063955610419251367912602775702371", "price": "0.98", "size": "12658.4", "side": "SELL", "hash": "205412df76890d0204e93763778523f8557ff5cf", "best_bid": "0.66", "best_ask": "0.67"}], "timestamp": "1769384287470", "event_type": "price_change"}}
{"_local_timestamp": "2026-01-25T23:38:19.996239+00:00", "data": {"market": "0x1fc322c68723e7d66ccf795cdb8cf229ddb02e0e44b7d92e4d7818a6a8effab1", "price_changes": [{"asset_id": "76809761131255305174563085621337434197956510341263600982501995457278117669614", "price": "0.02", "size": "12958.4", "side": "BUY", "hash": "f411bc8d0788f4eabedd32c4786422d6afcc9d40", "best_bid": "0.33", "best_ask": "0.34"}, {"asset_id": "12538008096049809260959942696355073549474960063955610419251367912602775702371", "price": "0.98", "size": "12958.4", "side": "SELL", "hash": "0fd091c981f9993b920bcbd24eaad9519dbdcb04", "best_bid": "0.66", "best_ask": "0.67"}], "timestamp": "1769384299917", "event_type": "price_change"}}
{"_local_timestamp": "2026-01-25T23:39:15.175271+00:00", "data": {"market": "0x1fc322c68723e7d66ccf795cdb8cf229ddb02e0e44b7d92e4d7818a6a8effab1", "price_changes": [{"asset_id": "76809761131255305174563085621337434197956510341263600982501995457278117669614", "price": "0.28", "size": "562.42", "side": "BUY", "hash": "504d01a0f91069a24c6e4d8e5aed2225227b45ae", "best_bid": "0.33", "best_ask": "0.34"}, {"asset_id": "12538008096049809260959942696355073549474960063955610419251367912602775702371", "price": "0.72", "size": "562.42", "side": "SELL", "hash": "cf8c714bf84619504ab7c7a0d537ff254e408cd9", "best_bid": "0.66", "best_ask": "0.67"}], "timestamp": "1769384355046", "event_type": "price_change"}}
{"_local_timestamp": "2026-01-25T23:39:15.203836+00:00", "data": {"market": "0x1fc322c68723e7d66ccf795cdb8cf229ddb02e0e44b7d92e4d7818a6a8effab1", "price_changes": [{"asset_id": "12538008096049809260959942696355073549474960063955610419251367912602775702371", "price": "0.69", "size": "136.38", "side": "SELL", "hash": "20b833d990a1db8457497415432a139a0f2b3537", "best_bid": "0.66", "best_ask": "0.67"}, {"asset_id": "76809761131255305174563085621337434197956510341263600982501995457278117669614", "price": "0.31", "size": "136.38", "side": "BUY", "hash": "31b09e48a3f27e68e00876013c42639d8cb553af", "best_bid": "0.33", "best_ask": "0.34"}], "timestamp": "1769384355050", "event_type": "price_change"}}
{"_local_timestamp": "2026-01-25T23:39:17.175942+00:00", "data": {"market": "0x1fc322c68723e7d66ccf795cdb8cf229ddb02e0e44b7d92e4d7818a6a8effab1", "price_changes": [{"asset_id": "76809761131255305174563085621337434197956510341263600982501995457278117669614", "price": "0.28", "size": "362.42", "side": "BUY", "hash": "7bd14340995b0665f3c12d01bcd8ab1da2b74738", "best_bid": "0.33", "best_ask": "0.34"}, {"asset_id": "12538008096049809260959942696355073549474960063955610419251367912602775702371", "price": "0.72", "size": "362.42", "side": "SELL", "hash": "282d1bf32df84b79fc22513ccb5d95922adedacd", "best_bid": "0.66", "best_ask": "0.67"}], "timestamp": "1769384357023", "event_type": "price_change"}}
{"_local_timestamp": "2026-01-25T23:39:17.187528+00:00", "data": {"market": "0x1fc322c68723e7d66ccf795cdb8cf229ddb02e0e44b7d92e4d7818a6a8effab1", "price_changes": [{"asset_id": "12538008096049809260959942696355073549474960063955610419251367912602775702371", "price": "0.69", "size": "336.38", "side": "SELL", "hash": "6ad895c3a8a86b048ac3b86d3e49152df4c6005e", "best_bid": "0.66", "best_ask": "0.67"}, {"asset_id": "76809761131255305174563085621337434197956510341263600982501995457278117669614", "price": "0.31", "size": "336.38", "side": "BUY", "hash": "a841d6d4e3d23c3864774cb3808f1e53aa5867fd", "best_bid": "0.33", "best_ask": "0.34"}], "timestamp": "1769384357028", "event_type": "price_change"}}
{"_local_timestamp": "2026-01-25T23:39:18.923590+00:00", "data": {"market": "0x1fc322c68723e7d66ccf795cdb8cf229ddb02e0e44b7d92e4d7818a6a8effab1", "price_changes": [{"asset_id": "76809761131255305174563085621337434197956510341263600982501995457278117669614", "price": "0.28", "size": "312.42", "side": "BUY", "hash": "be5c62784cdc5c7db800b19b9dc1855ff932dcc1", "best_bid": "0.33", "best_ask": "0.34"}, {"asset_id": "12538008096049809260959942696355073549474960063955610419251367912602775702371", "price": "0.72", "size": "312.42", "side": "SELL", "hash": "eb4ce0faeda57edb23cd479286d8d77e52643a9f", "best_bid": "0.66", "best_ask": "0.67"}], "timestamp": "1769384358855", "event_type": "price_change"}}
{"_local_timestamp": "2026-01-25T23:39:19.132493+00:00", "data": {"market": "0x1fc322c68723e7d66ccf795cdb8cf229ddb02e0e44b7d92e4d7818a6a8effab1", "price_changes": [{"asset_id": "76809761131255305174563085621337434197956510341263600982501995457278117669614", "price": "0.29", "size": "99.93", "side": "BUY", "hash": "8dbd90af3885537c18ab2c9ead197c103cd8e576", "best_bid": "0.33", "best_ask": "0.34"}, {"asset_id": "12538008096049809260959942696355073549474960063955610419251367912602775702371", "price": "0.71", "size": "99.93", "side": "SELL", "hash": "446dc9e08ffb10d83354c67f4b18bf2980cab397", "best_bid": "0.66", "best_ask": "0.67"}], "timestamp": "1769384359063", "event_type": "price_change"}}
