{"_local_timestamp": "2026-01-25T23:41:09.019506+00:00", "data": [{"market": "0xa9c0c820fd79b4339ed4711288ce15236196a6015234350f42b37341e9094398", "asset_id": "91609514063242777856043730063938310894548353925882406409927495687846407164056", "timestamp": "1769384459407", "hash": "4bc885b8660e583f0348c6e7e92f6a7a8353dd6f", "bids": [{"price": "0.01", "size": "15275.55"}, {"price": "0.02", "size": "2255.32"}, {"price": "0.03", "size": "250"}, {"price": "0.04", "size": "21.89"}, {"price": "0.1", "size": "100"}, {"price": "0.12", "size": "300"}, {"price": "0.14", "size": "200"}, {"price": "0.15", "size": "1058"}, {"price": "0.16", "size": "75"}, {"price": "0.18", "size": "1000"}, {"price": "0.19", "size": "493.76"}, {"price": "0.2", "size": "64.17"}, {"price": "0.22", "size": "259.09"}, {"price": "0.23", "size": "47.82"}, {"price": "0.25", "size": "1576.5"}, {"price": "0.26", "size": "666.02"}, {"price": "0.27", "size": "534.85"}, {"price": "0.28", "size": "4618.49"}, {"price": "0.29", "size": "536.09"}, {"price": "0.3", "size": "4"}, {"price": "0.31", "size": "5.65"}], "asks": [{"price": "0.99", "size": "14086.32"}, {"price": "0.98", "size": "2450"}, {"price": "0.97", "size": "9.24"}, {"price": "0.93", "size": "3999.11"}, {"price": "0.92", "size": "2799.11"}, {"price": "0.91", "size": "250"}, {"price": "0.9", "size": "6.23"}, {"price": "0.89", "size": "200"}, {"price": "0.86", "size": "250"}, {"price": "0.8", "size": "400"}, {"price": "0.73", "size": "200"}, {"price": "0.69", "size": "833"}, {"price": "0.66", "size": "100"}, {"price": "0.64", "size": "300"}, {"price": "0.59", "size": "200"}, {"price": "0.56", "size": "125"}, {"price": "0.53", "size": "75"}, {"price": "0.5", "size": "280"}, {"price": "0.46", "size": "200"}, {"price": "0.44", "size": "156.21"}, {"price": "0.43", "size": "19.29"}, {"price": "0.36", "size": "1050"}, {"price": "0.35", "size": "269.54"}, {"price": "0.34", "size": "6.8"}, {"price": "0.33", "size": "10"}], "event_type": "book", "last_trade_price": "0.310"}, {"market": "0xa9c0c820fd79b4339ed4711288ce15236196a6015234350f42b37341e9094398", "asset_id": "78438315737001038193507108078052969359305687599144926740526502005681502958823", "timestamp": "1769384459407", "hash": "6ec42980e288704dadc7abe5ac0721094deff034", "bids": [{"price": "0.01", "size": "14086.32"}, {"price": "0.02", "size": "2450"}, {"price": "0.03", "size": "9.24"}, {"price": "0.07", "size": "3999.11"}, {"price": "0.08", "size": "2799.11"}, {"price": "0.09", "size": "250"}, {"price": "0.1", "size": "6.23"}, {"price": "0.11", "size": "200"}, {"price": "0.14", "size": "250"}, {"price": "0.2", "size": "400"}, {"price": "0.27", "size": "200"}, {"price": "0.31", "size": "833"}, {"price": "0.34", "size": "100"}, {"price": "0.36", "size": "300"}, {"price": "0.41", "size": "200"}, {"price": "0.44", "size": "125"}, {"price": "0.47", "size": "75"}, {"price": "0.5", "size": "280"}, {"price": "0.54", "size": "200"}, {"price": "0.56", "size": "156.21"}, {"price": "0.57", "size": "19.29"}, {"price": "0.64", "size": "1050"}, {"price": "0.65", "size": "269.54"}, {"price": "0.66", "size": "6.8"}, {"price": "0.67", "size": "10"}], "asks": [{"price": "0.99", "size": "15275.55"}, {"price": "0.98", "size": "2255.32"}, {"price": "0.97", "size": "250"}, {"price": "0.96", "size": "21.89"}, {"price": "0.9", "size": "100"}, {"price": "0.88", "size": "300"}, {"price": "0.86", "size": "200"}, {"price": "0.85", "size": "1058"}, {"price": "0.84", "size": "75"}, {"price": "0.82", "size": "1000"}, {"price": "0.81", "size": "493.76"}, {"price": "0.8", "size": "64.17"}, {"price": "0.78", "size": "259.09"}, {"price": "0.77", "size": "47.82"}, {"price": "0.75", "size": "1576.5"}, {"price": "0.74", "size": "666.02"}, {"price": "0.73", "size": "534.85"}, {"price": "0.72", "size": "4618.49"}, {"price": "0.71", "size": "536.09"}, {"price": "0.7", "size": "4"}, {"price": "0.69", "size": "5.65"}], "event_type": "book", "last_trade_price": "0.310"}]}
{"_local_timestamp": "2026-01-25T23:41:10.919075+00:00", "data": {"market": "0xa9c0c820fd79b4339ed4711288ce15236196a6015234350f42b37341e9094398", "price_changes": [{"asset_id": "78438315737001038193507108078052969359305687599144926740526502005681502958823", "price": "0.11", "size": "0", "side": "BUY", "hash": "7e0a601521947e839b1d00e6534d93e33d5a6e53", "best_bid": "0.67", "best_ask": "0.69"}, {"asset_id": "91609514063242777856043730063938310894548353925882406409927495687846407164056", "price": "0.89", "size": "0", "side": "SELL", "hash": "2c61470397e0de37494e48314fc5ec0be04b9efe", "best_bid": "0.31", "best_ask": "0.33"}], "timestamp": "1769384470855", "event_type": "price_change"}}
{"_local_timestamp": "2026-01-25T23:41:11.290675+00:00", "data": {"market": "0xa9c0c820fd79b4339ed4711288ce15236196a6015234350f42b37341e9094398", "price_changes": [{"asset_id": "78438315737001038193507108078052969359305687599144926740526502005681502958823", "price": "0.14", "size": "450", "side": "BUY", "hash": "5b2e394f6cb0b37b0301934a4977003105ec1dc1", "best_bid": "0.67", "best_ask": "0.69"}, {"asset_id": "91609514063242777856043730063938310894548353925882406409927495687846407164056", "price": "0.86", "size": "450", "side": "SELL", "hash": "96a3bfa5fd9451902e20351cc55b1416b5b8d9c8", "best_bid": "0.31", "best_ask": "0.33"}], "timestamp": "1769384471142", "event_type": "price_change"}}
{"_local_timestamp": "2026-01-25T23:41:11.395927+00:00", "data": {"market": "0xa9c0c820fd79b4339ed4711288ce15236196a6015234350f42b37341e9094398", "price_changes": [{"asset_id": "78438315737001038193507108078052969359305687599144926740526502005681502958823", "price": "0.14", "size": "250", "side": "BUY", "hash": "92b350ab8142d969bf434e39fe7a78417d42a69d", "best_bid": "0.67", "best_ask": "0.69"}, {"asset_id": "91609514063242777856043730063938310894548353925882406409927495687846407164056", "price": "0.86", "size": "250", "side": "SELL", "hash": "82ce25cdea689fab50e5694a14a0aa371fa068de", "best_bid": "0.31", "best_ask": "0.33"}], "timestamp": "1769384471263", "event_type": "price_change"}}
{"_local_timestamp": "2026-01-25T23:41:11.418175+00:00", "data": {"market": "0xa9c0c820fd79b4339ed4711288ce15236196a6015234350f42b37341e9094398", "price_changes": [{"asset_id": "78438315737001038193507108078052969359305687599144926740526502005681502958823", "price": "0.15", "size": "200", "side": "BUY", "hash": "590b5afb11cc80a3b4f70cc4e1e1b602d29016b5", "best_bid": "0.67", "best_ask": "0.69"}, {"asset_id": "91609514063242777856043730063938310894548353925882406409927495687846407164056", "price": "0.85", "size": "200", "side": "SELL", "hash": "54cb4628deecfeb8c454dc253ad21770d624505b", "best_bid": "0.31", "best_ask": "0.33"}], "timestamp": "1769384471279", "event_type": "price_change"}}
{"_local_timestamp": "2026-01-25T23:41:17.949269+00:00", "data": {"market": "0xa9c0c820fd79b4339ed4711288ce15236196a6015234350f42b37341e9094398", "price_changes": [{"asset_id": "91609514063242777856043730063938310894548353925882406409927495687846407164056", "price": "0.34", "size": "0", "side": "SELL", "hash": "3a4004b6c68f5ec52de3e0754c4bbcec86cf4d8c", "best_bid": "0.31", "best_ask": "0.33"}, {"asset_id": "78438315737001038193507108078052969359305687599144926740526502005681502958823", "price": "0.66", "size": "0", "side": "BUY", "hash": "a0a4ed66a675eef09e849ccf959912c81938e979", "best_bid": "0.67", "best_ask": "0.69"}], "timestamp": "1769384477840", "event_type": "price_change"}}
{"_local_timestamp": "2026-01-25T23:41:18.928117+00:00", "data": {"market": "0xa9c0c820fd79b4339ed4711288ce15236196a6015234350f42b37341e9094398", "price_changes": [{"asset_id": "91609514063242777856043730063938310894548353925882406409927495687846407164056", "price": "0.34", "size": "6.8", "side": "SELL", "hash": "b06c11f9699677f2baf401332b37f939d2662cb2", "best_bid": "0.31", "best_ask": "0.33"}, {"asset_id": "78438315737001038193507108078052969359305687599144926740526502005681502958823", "price": "0.66", "size": "6.8", "side": "BUY", "hash": "67c9f819084a6f7061ad8f357f19da8d02b62dda", "best_bid": "0.67", "best_ask": "0.69"}], "timestamp": "1769384478854", "event_type": "price_change"}}
{"_local_timestamp": "2026-01-25T23:41:22.392554+00:00", "data": {"market": "0xa9c0c820fd79b4339ed4711288ce15236196a6015234350f42b37341e9094398", "price_changes": [{"asset_id": "78438315737001038193507108078052969359305687599144926740526502005681502958823", "price": "0.14", "size": "50", "side": "BUY", "hash": "c579670d479c828ba38bc35e793dee861418e59b", "best_bid": "0.67", "best_ask": "0.69"}, {"asset_id": "91609514063242777856043730063938310894548353925882406409927495687846407164056", "price": "0.86", "size": "50", "side": "SELL", "hash": "fce95ee88643b824f31eef21f33415da51386db3", "best_bid": "0.31", "best_ask": "0.33"}], "timestamp": "1769384482319", "event_type": "price_change"}}
{"_local_timestamp": "2026-01-25T23:41:22.425841+00:00", "data": {"market": "0xa9c0c820fd79b4339ed4711288ce15236196a6015234350f42b37341e9094398", "price_changes": [{"asset_id": "78438315737001038193507108078052969359305687599144926740526502005681502958823", "price": "0.15", "size": "0", "side": "BUY", "hash": "1e1f680899218346da260064676d7ab26f77a414", "best_bid": "0.67", "best_ask": "0.69"}, {"asset_id": "91609514063242777856043730063938310894548353925882406409927495687846407164056", "price": "0.85", "size": "0", "side": "SELL", "hash": "f29c0e3ac5fb70e278568c4cd9350d9970b2f703", "best_bid": "0.31", "best_ask": "0.33"}], "timestamp": "1769384482362", "event_type": "price_change"}}
{"_local_timestamp": "2026-01-25T23:41:22.436224+00:00", "data": {"market": "0xa9c0c820fd79b4339ed4711288ce15236196a6015234350f42b37341e9094398", "price_changes": [{"asset_id": "78438315737001038193507108078052969359305687599144926740526502005681502958823", "price": "0.14", "size": "250", "side": "BUY", "hash": "c926d1c3d77e0412ba7b5f88a5c2624d620553fd", "best_bid": "0.67", "best_ask": "0.69"}, {"asset_id": "91609514063242777856043730063938310894548353925882406409927495687846407164056", "price": "0.86", "size": "250", "side": "SELL", "hash": "80582e6ae3ae84c41e8466ac2d8db127a75d5b64", "best_bid": "0.31", "best_ask": "0.33"}], "timestamp": "1769384482365", "event_type": "price_change"}}
{"_local_timestamp": "2026-01-25T23:41:22.674358+00:00", "data": {"market": "0xa9c0c820fd79b4339ed4711288ce15236196a6015234350f42b37341e9094398", "price_changes": [{"asset_id": "78438315737001038193507108078052969359305687599144926740526502005681502958823", "price": "0.15", "size": "200", "side": "BUY", "hash": "22ddfc085bb022e638d00fc73f8ac14aabed6cb2", "best_bid": "0.67", "best_ask": "0.69"}, {"asset_id": "91609514063242777856043730063938310894548353925882406409927495687846407164056", "price": "0.85", "size": "200", "side": "SELL", "hash": "ccd12adb94f4fc9a6bca937253fcd3eab3218640", "best_bid": "0.31", "best_ask": "0.33"}], "timestamp": "1769384482595", "event_type": "price_change"}}
{"_local_timestamp": "2026-01-25T23:41:24.475148+00:00", "data": {"market": "0xa9c0c820fd79b4339ed4711288ce15236196a6015234350f42b37341e9094398", "price_changes": [{"asset_id": "78438315737001038193507108078052969359305687599144926740526502005681502958823", "price": "0.16", "size": "200", "side": "BUY", "hash": "deb90a89b338464fb3f04099d293c24cb27a0bb2", "best_bid": "0.67", "best_ask": "0.69"}, {"asset_id": "91609514063242777856043730063938310894548353925882406409927495687846407164056", "price": "0.84", "size": "200", "side": "SELL", "hash": "b59d653858be9e549d8b040892068a4c2effd184", "best_bid": "0.31", "best_ask": "0.33"}], "timestamp": "1769384484366", "event_type": "price_change"}}
{"_local_timestamp": "2026-01-25T23:41:24.476014+00:00", "data": {"market": "0xa9c0c820fd79b4339ed4711288ce15236196a6015234350f42b37341e9094398", "price_changes": [{"asset_id": "78438315737001038193507108078052969359305687599144926740526502005681502958823", "price": "0.14", "size": "50", "side": "BUY", "hash": "94b185c23a9f832e9646863c5d7bcc78ad929d75", "best_bid": "0.67", "best_ask": "0.69"}, {"asset_id": "91609514063242777856043730063938310894548353925882406409927495687846407164056", "price": "0.86", "size": "50", "side": "SELL", "hash": "d72a04c40779b3b26de94cf827715c9ad8f8d6ff", "best_bid": "0.31", "best_ask": "0.33"}], "timestamp": "1769384484367", "event_type": "price_change"}}
{"_local_timestamp": "2026-01-25T23:41:34.047523+00:00", "data": {"market": "0xa9c0c820fd79b4339ed4711288ce15236196a6015234350f42b37341e9094398", "price_changes": [{"asset_id": "78438315737001038193507108078052969359305687599144926740526502005681502958823", "price": "0.15", "size": "0", "side": "BUY", "hash": "aa9fb947158042f551461f44a34d87bdc48fdbe3", "best_bid": "0.67", "best_ask": "0.69"}, {"asset_id": "91609514063242777856043730063938310894548353925882406409927495687846407164056", "price": "0.85", "size": "0", "side": "SELL", "hash": "dd6688f9ef211754a622433a34a08971bc256736", "best_bid": "0.31", "best_ask": "0.33"}], "timestamp": "1769384493970", "event_type": "price_change"}}
{"_local_timestamp": "2026-01-25T23:41:34.083542+00:00", "data": {"market": "0xa9c0c820fd79b4339ed4711288ce15236196a6015234350f42b37341e9094398", "price_changes": [{"asset_id": "78438315737001038193507108078052969359305687599144926740526502005681502958823", "price": "0.14", "size": "250", "side": "BUY", "hash": "19f45a8297099bcf66eb42ab88404f30c5034cb5", "best_bid": "0.67", "best_ask": "0.69"}, {"asset_id": "91609514063242777856043730063938310894548353925882406409927495687846407164056", "price": "0.86", "size": "250", "side": "SELL", "hash": "944cb7d718fc545e52b1b95a7cf16e5337cd265f", "best_bid": "0.31", "best_ask": "0.33"}], "timestamp": "1769384494011", "event_type": "price_change"}}
{"_local_timestamp": "2026-01-25T23:41:34.093272+00:00", "data": {"market": "0xa9c0c820fd79b4339ed4711288ce15236196a6015234350f42b37341e9094398", "price_changes": [{"asset_id": "78438315737001038193507108078052969359305687599144926740526502005681502958823", "price": "0.16", "size": "0", "side": "BUY", "hash": "ac2f057cf7c0479b3b3043f63fd3c18901581e3e", "best_bid": "0.67", "best_ask": "0.69"}, {"asset_id": "91609514063242777856043730063938310894548353925882406409927495687846407164056", "price": "0.84", "size": "0", "side": "SELL", "hash": "fdf75ae16927d0827145153873ee3c2693055d28", "best_bid": "0.31", "best_ask": "0.33"}], "timestamp": "1769384494013", "event_type": "price_change"}}
{"_local_timestamp": "2026-01-25T23:41:34.312811+00:00", "data": {"market": "0xa9c0c820fd79b4339ed4711288ce15236196a6015234350f42b37341e9094398", "price_changes": [{"asset_id": "78438315737001038193507108078052969359305687599144926740526502005681502958823", "price": "0.11", "size": "200", "side": "BUY", "hash": "7b26b1816deb0a9ae8e125ca7e68eccf3199e715", "best_bid": "0.67", "best_ask": "0.69"}, {"asset_id": "91609514063242777856043730063938310894548353925882406409927495687846407164056", "price": "0.89", "size": "200", "side": "SELL", "hash": "a667f5883552ddc3101c80951ab2853ccb6086db", "best_bid": "0.31", "best_ask": "0.33"}], "timestamp": "1769384494244", "event_type": "price_change"}}
{"_local_timestamp": "2026-01-25T23:41:44.405769+00:00", "data": {"market": "0xa9c0c820fd79b4339ed4711288ce15236196a6015234350f42b37341e9094398", "price_changes": [{"asset_id": "78438315737001038193507108078052969359305687599144926740526502005681502958823", "price": "0.11", "size": "0", "side": "BUY", "hash": "66d27f15106a55fbcd32f401ea6f90165c18f2af", "best_bid": "0.67", "best_ask": "0.69"}, {"asset_id": "91609514063242777856043730063938310894548353925882406409927495687846407164056", "price": "0.89", "size": "0", "side": "SELL", "hash": "50df43eeec5193473c812e432cfcc0e3abe78647", "best_bid": "0.31", "best_ask": "0.33"}], "timestamp": "1769384504331", "event_type": "price_change"}}
{"_local_timestamp": "2026-01-25T23:41:44.663587+00:00", "data": {"market": "0xa9c0c820fd79b4339ed4711288ce15236196a6015234350f42b37341e9094398", "price_changes": [{"asset_id": "78438315737001038193507108078052969359305687599144926740526502005681502958823", "price": "0.14", "size": "450", "side": "BUY", "hash": "b74b2ad8167acfcedd2195a719636e26cecc4365", "best_bid": "0.67", "best_ask": "0.69"}, {"asset_id": "91609514063242777856043730063938310894548353925882406409927495687846407164056", "price": "0.86", "size": "450", "side": "SELL", "hash": "9cda8850c1ddda81eb12339a0ca3565a38d2f129", "best_bid": "0.31", "best_ask": "0.33"}], "timestamp": "1769384504593", "event_type": "price_change"}}
{"_local_timestamp": "2026-01-25T23:41:44.698513+00:00", "data": {"market": "0xa9c0c820fd79b4339ed4711288ce15236196a6015234350f42b37341e9094398", "price_changes": [{"asset_id": "78438315737001038193507108078052969359305687599144926740526502005681502958823", "price": "0.15", "size": "200", "side": "BUY", "hash": "0e273769e0fbbe6b6587a87c537b6f2685932e45", "best_bid": "0.67", "best_ask": "0.69"}, {"asset_id": "91609514063242777856043730063938310894548353925882406409927495687846407164056", "price": "0.85", "size": "200", "side": "SELL", "hash": "bf305614f5c0bccffea011658023a652cc4a216e", "best_bid": "0.31", "best_ask": "0.33"}], "timestamp": "1769384504631", "event_type": "price_change"}}
{"_local_timestamp": "2026-01-25T23:41:44.699583+00:00", "data": {"market": "0xa9c0c820fd79b4339ed4711288ce15236196a6015234350f42b37341e9094398", "price_changes": [{"asset_id": "78438315737001038193507108078052969359305687599144926740526502005681502958823", "price": "0.14", "size": "250", "side": "BUY", "hash": "7e554d730f5f7fe9017c519701ea0beb39afed5b", "best_bid": "0.67", "best_ask": "0.69"}, {"asset_id": "91609514063242777856043730063938310894548353925882406409927495687846407164056", "price": "0.86", "size": "250", "side": "SELL", "hash": "f4b8a67964c323a8c18dacbad08c6b71b71d338e", "best_bid": "0.31", "best_ask": "0.33"}], "timestamp": "1769384504632", "event_type": "price_change"}}
{"_local_timestamp": "2026-01-25T23:41:46.709920+00:00", "data": {"market": "0xa9c0c820fd79b4339ed4711288ce15236196a6015234350f42b37341e9094398", "price_changes": [{"asset_id": "78438315737001038193507108078052969359305687599144926740526502005681502958823", "price": "0.15", "size": "0", "side": "BUY", "hash": "cbea40cb8f341da38b167f9badf904e88c5e6e77", "best_bid": "0.67", "best_ask": "0.69"}, {"asset_id": "91609514063242777856043730063938310894548353925882406409927495687846407164056", "price": "0.85", "size": "0", "side": "SELL", "hash": "52c3d20c5287439d4aaa27890c9dcfaf4ea0cca3", "best_bid": "0.31", "best_ask": "0.33"}], "timestamp": "1769384506645", "event_type": "price_change"}}
{"_local_timestamp": "2026-01-25T23:41:54.928994+00:00", "data": {"market": "0xa9c0c820fd79b4339ed4711288ce15236196a6015234350f42b37341e9094398", "price_changes": [{"asset_id": "78438315737001038193507108078052969359305687599144926740526502005681502958823", "price": "0.07", "size": "3799.11", "side": "BUY", "hash": "700c353db69f1f0e585fb7ab2be4dc33f604d6c7", "best_bid": "0.67", "best_ask": "0.69"}, {"asset_id": "91609514063242777856043730063938310894548353925882406409927495687846407164056", "price": "0.93", "size": "3799.11", "side": "SELL", "hash": "f64bd21a1b200d21b7f83aecd3ec43aeba3164a8", "best_bid": "0.31", "best_ask": "0.33"}], "timestamp": "1769384514815", "event_type": "price_change"}}
{"_local_timestamp": "2026-01-25T23:41:54.932837+00:00", "data": {"market": "0xa9c0c820fd79b4339ed4711288ce15236196a6015234350f42b37341e9094398", "price_changes": [{"asset_id": "78438315737001038193507108078052969359305687599144926740526502005681502958823", "price": "0.14", "size": "50", "side": "BUY", "hash": "700c353db69f1f0e585fb7ab2be4dc33f604d6c7", "best_bid": "0.67", "best_ask": "0.69"}, {"asset_id": "91609514063242777856043730063938310894548353925882406409927495687846407164056", "price": "0.86", "size": "50", "side": "SELL", "hash": "f64bd21a1b200d21b7f83aecd3ec43aeba3164a8", "best_bid": "0.31", "best_ask": "0.33"}], "timestamp": "1769384514815", "event_type": "price_change"}}
{"_local_timestamp": "2026-01-25T23:41:54.934039+00:00", "data": {"market": "0xa9c0c820fd79b4339ed4711288ce15236196a6015234350f42b37341e9094398", "price_changes": [{"asset_id": "78438315737001038193507108078052969359305687599144926740526502005681502958823", "price": "0.15", "size": "200", "side": "BUY", "hash": "a93cdaa66192a54d2bf16571c95de356c2f4369b", "best_bid": "0.67", "best_ask": "0.69"}, {"asset_id": "91609514063242777856043730063938310894548353925882406409927495687846407164056", "price": "0.85", "size": "200", "side": "SELL", "hash": "f7f4c9aab896919231aa34e3d26273bd2e27b2cc", "best_bid": "0.31", "best_ask": "0.33"}], "timestamp": "1769384514854", "event_type": "price_change"}}
{"_local_timestamp": "2026-01-25T23:41:55.148864+00:00", "data": {"market": "0xa9c0c820fd79b4339ed4711288ce15236196a6015234350f42b37341e9094398", "price_changes": [{"asset_id": "78438315737001038193507108078052969359305687599144926740526502005681502958823", "price": "0.11", "size": "200", "side": "BUY", "hash": "3f736b7b5415a92e0e39874ac5c6379cd53bb8fc", "best_bid": "0.67", "best_ask": "0.69"}, {"asset_id": "91609514063242777856043730063938310894548353925882406409927495687846407164056", "price": "0.89", "size": "200", "side": "SELL", "hash": "07cd819030f6fbf9f049b098dbaa8afa4ee44bb5", "best_bid": "0.31", "best_ask": "0.33"}], "timestamp": "1769384515085", "event_type": "price_change"}}
{"_local_timestamp": "2026-01-25T23:41:55.150630+00:00", "data": {"market": "0xa9c0c820fd79b4339ed4711288ce15236196a6015234350f42b37341e9094398", "price_changes": [{"asset_id": "78438315737001038193507108078052969359305687599144926740526502005681502958823", "price": "0.09", "size": "450", "side": "BUY", "hash": "8b4c2e69d230d1e982560da0c2063b7aed96ecc2", "best_bid": "0.67", "best_ask": "0.69"}, {"asset_id": "91609514063242777856043730063938310894548353925882406409927495687846407164056", "price": "0.91", "size": "450", "side": "SELL", "hash": "de451b9284fd014914f055b535d45f9a38054c52", "best_bid": "0.31", "best_ask": "0.33"}], "timestamp": "1769384515086", "event_type": "price_change"}}
{"_local_timestamp": "2026-01-25T23:41:56.918544+00:00", "data": {"market": "0xa9c0c820fd79b4339ed4711288ce15236196a6015234350f42b37341e9094398", "price_changes": [{"asset_id": "78438315737001038193507108078052969359305687599144926740526502005681502958823", "price": "0.15", "size": "0", "side": "BUY", "hash": "c2f50c9040b54e8b036db2db44c952f1215c03fb", "best_bid": "0.67", "best_ask": "0.69"}, {"asset_id": "91609514063242777856043730063938310894548353925882406409927495687846407164056", "price": "0.85", "size": "0", "side": "SELL", "hash": "c4cd89038d20d7bd05764a4e2395f305b25980e9", "best_bid": "0.31", "best_ask": "0.33"}], "timestamp": "1769384516852", "event_type": "price_change"}}
{"_local_timestamp": "2026-01-25T23:41:56.919383+00:00", "data": {"market": "0xa9c0c820fd79b4339ed4711288ce15236196a6015234350f42b37341e9094398", "price_changes": [{"asset_id": "78438315737001038193507108078052969359305687599144926740526502005681502958823", "price": "0.14", "size": "250", "side": "BUY", "hash": "a0308cd4517c11dc2c8029373265e6017fffa253", "best_bid": "0.67", "best_ask": "0.69"}, {"asset_id": "91609514063242777856043730063938310894548353925882406409927495687846407164056", "price": "0.86", "size": "250", "side": "SELL", "hash": "f1b6e956a5df386639ae4597518cbf03f59512e5", "best_bid": "0.31", "best_ask": "0.33"}], "timestamp": "1769384516853", "event_type": "price_change"}}
{"_local_timestamp": "2026-01-25T23:41:59.462478+00:00", "data": {"market": "0xa9c0c820fd79b4339ed4711288ce15236196a6015234350f42b37341e9094398", "price_changes": [{"asset_id": "91609514063242777856043730063938310894548353925882406409927495687846407164056", "price": "0.01", "size": "14275.55", "side": "BUY", "hash": "2fe8b435cb9d16d6fdc38c17a27badd942448bdb", "best_bid": "0.31", "best_ask": "0.33"}, {"asset_id": "78438315737001038193507108078052969359305687599144926740526502005681502958823", "price": "0.99", "size": "14275.55", "side": "SELL", "hash": "16da5c77d1ec1b3f37bb97aa5a7c02cc84599e9e", "best_bid": "0.67", "best_ask": "0.69"}], "timestamp": "1769384519386", "event_type": "price_change"}}
{"_local_timestamp": "2026-01-25T23:42:06.792758+00:00", "data": {"market": "0xa9c0c820fd79b4339ed4711288ce15236196a6015234350f42b37341e9094398", "price_changes": [{"asset_id": "78438315737001038193507108078052969359305687599144926740526502005681502958823", "price": "0.11", "size": "0", "side": "BUY", "hash": "06be70d9759d0288b197fba970e46d1941728e32", "best_bid": "0.67", "best_ask": "0.69"}, {"asset_id": "91609514063242777856043730063938310894548353925882406409927495687846407164056", "price": "0.89", "size": "0", "side": "SELL", "hash": "faccfd91eb8ed21cfcc9d721d8ac6a534cd1302a", "best_bid": "0.31", "best_ask": "0.33"}], "timestamp": "1769384526728", "event_type": "price_change"}}
{"_local_timestamp": "2026-01-25T23:42:06.793931+00:00", "data": {"market": "0xa9c0c820fd79b4339ed4711288ce15236196a6015234350f42b37341e9094398", "price_changes": [{"asset_id": "78438315737001038193507108078052969359305687599144926740526502005681502958823", "price": "0.09", "size": "250", "side": "BUY", "hash": "06be70d9759d0288b197fba970e46d1941728e32", "best_bid": "0.67", "best_ask": "0.69"}, {"asset_id": "91609514063242777856043730063938310894548353925882406409927495687846407164056", "price": "0.91", "size": "250", "side": "SELL", "hash": "faccfd91eb8ed21cfcc9d721d8ac6a534cd1302a", "best_bid": "0.31", "best_ask": "0.33"}], "timestamp": "1769384526728", "event_type": "price_change"}}
{"_local_timestamp": "2026-01-25T23:42:06.876864+00:00", "data": {"market": "0xa9c0c820fd79b4339ed4711288ce15236196a6015234350f42b37341e9094398", "price_changes": [{"asset_id": "91609514063242777856043730063938310894548353925882406409927495687846407164056", "price": "0.02", "size": "256.21", "side": "BUY", "hash": "5cbae5d9af6e8ed22b99656d9ca02bd0eacf421f", "best_bid": "0.31", "best_ask": "0.33"}, {"asset_id": "78438315737001038193507108078052969359305687599144926740526502005681502958823", "price": "0.98", "size": "256.21", "side": "SELL", "hash": "22bf1089f7559eb1bf118892818227eb0cd980a3", "best_bid": "0.67", "best_ask": "0.69"}], "timestamp": "1769384526806", "event_type": "price_change"}}
{"_local_timestamp": "2026-01-25T23:42:07.068886+00:00", "data": {"market": "0xa9c0c820fd79b4339ed4711288ce15236196a6015234350f42b37341e9094398", "price_changes": [{"asset_id": "78438315737001038193507108078052969359305687599144926740526502005681502958823", "price": "0.07", "size": "3999.11", "side": "BUY", "hash": "ec8c255cadec32f775193807c23d4cf4c9e18eca", "best_bid": "0.67", "best_ask": "0.69"}, {"asset_id": "91609514063242777856043730063938310894548353925882406409927495687846407164056", "price": "0.93", "size": "3999.11", "side": "SELL", "hash": "b6ce230ee63b897320776abb163461a9aff69417", "best_bid": "0.31", "best_ask": "0.33"}], "timestamp": "1769384526998", "event_type": "price_change"}}
{"_local_timestamp": "2026-01-25T23:42:07.069817+00:00", "data": {"market": "0xa9c0c820fd79b4339ed4711288ce15236196a6015234350f42b37341e9094398", "price_changes": [{"asset_id": "78438315737001038193507108078052969359305687599144926740526502005681502958823", "price": "0.14", "size": "450", "side": "BUY", "hash": "0b3b7347695f84a387ec09edb190b827047ddda6", "best_bid": "0.67", "best_ask": "0.69"}, {"asset_id": "91609514063242777856043730063938310894548353925882406409927495687846407164056", "price": "0.86", "size": "450", "side": "SELL", "hash": "cada5ce630a9f73bf08a74ef53d3f3079b94038f", "best_bid": "0.31", "best_ask": "0.33"}], "timestamp": "1769384526998", "event_type": "price_change"}}
{"_local_timestamp": "2026-01-25T23:42:07.102121+00:00", "data": {"market": "0xa9c0c820fd79b4339ed4711288ce15236196a6015234350f42b37341e9094398", "price_changes": [{"asset_id": "78438315737001038193507108078052969359305687599144926740526502005681502958823", "price": "0.14", "size": "250", "side": "BUY", "hash": "9f6c2cbc613d34b7a76fcc6913602ea367de1406", "best_bid": "0.67", "best_ask": "0.69"}, {"asset_id": "91609514063242777856043730063938310894548353925882406409927495687846407164056", "price": "0.86", "size": "250", "side": "SELL", "hash": "22af44fcdda29359ad4f32ba3bec26d10d85d7ec", "best_bid": "0.31", "best_ask": "0.33"}], "timestamp": "1769384527039", "event_type": "price_change"}}
{"_local_timestamp": "2026-01-25T23:42:07.102986+00:00", "data": {"market": "0xa9c0c820fd79b4339ed4711288ce15236196a6015234350f42b37341e9094398", "price_changes": [{"asset_id": "78438315737001038193507108078052969359305687599144926740526502005681502958823", "price": "0.15", "size": "200", "side": "BUY", "hash": "ca21f955d73c1b9837f11f3318a867451b19d75e", "best_bid": "0.67", "best_ask": "0.69"}, {"asset_id": "91609514063242777856043730063938310894548353925882406409927495687846407164056", "price": "0.85", "size": "200", "side": "SELL", "hash": "e507e4eae8bb51a69e3426f7973b643f479e0d15", "best_bid": "0.31", "best_ask": "0.33"}], "timestamp": "1769384527040", "event_type": "price_change"}}
{"_local_timestamp": "2026-01-25T23:42:18.036458+00:00", "data": {"market": "0xa9c0c820fd79b4339ed4711288ce15236196a6015234350f42b37341e9094398", "price_changes": [{"asset_id": "91609514063242777856043730063938310894548353925882406409927495687846407164056", "price": "0.34", "size": "0", "side": "SELL", "hash": "e6def08585908a062e4db2976bbce6a3a3979d71", "best_bid": "0.31", "best_ask": "0.33"}, {"asset_id": "78438315737001038193507108078052969359305687599144926740526502005681502958823", "price": "0.66", "size": "0", "side": "BUY", "hash": "8416e5ff25ef15d8a8911bb5b8b30c1872a7460a", "best_bid": "0.67", "best_ask": "0.69"}], "timestamp": "1769384537944", "event_type": "price_change"}}
{"_local_timestamp": "2026-01-25T23:42:18.233464+00:00", "data": {"market": "0xa9c0c820fd79b4339ed4711288ce15236196a6015234350f42b37341e9094398", "price_changes": [{"asset_id": "78438315737001038193507108078052969359305687599144926740526502005681502958823", "price": "0.14", "size": "50", "side": "BUY", "hash": "1e8dad39a8f87d4dc9ab2c977bdf61ac39e0d0c9", "best_bid": "0.67", "best_ask": "0.69"}, {"asset_id": "91609514063242777856043730063938310894548353925882406409927495687846407164056", "price": "0.86", "size": "50", "side": "SELL", "hash": "6351dad2cff83165d5ec5de2bd54d974ad7cd8eb", "best_bid": "0.31", "best_ask": "0.33"}], "timestamp": "1769384538155", "event_type": "price_change"}}
{"_local_timestamp": "2026-01-25T23:42:18.276075+00:00", "data": {"market": "0xa9c0c820fd79b4339ed4711288ce15236196a6015234350f42b37341e9094398", "price_changes": [{"asset_id": "78438315737001038193507108078052969359305687599144926740526502005681502958823", "price": "0.15", "size": "0", "side": "BUY", "hash": "aed61d380f3d208a3bd33ebdf0e0fd09ac531f68", "best_bid": "0.67", "best_ask": "0.69"}, {"asset_id": "91609514063242777856043730063938310894548353925882406409927495687846407164056", "price": "0.85", "size": "0", "side": "SELL", "hash": "8a3a4b89bf9f6abed3e21dba01a0d3b59551f7e9", "best_bid": "0.31", "best_ask": "0.33"}], "timestamp": "1769384538200", "event_type": "price_change"}}
{"_local_timestamp": "2026-01-25T23:42:18.283878+00:00", "data": {"market": "0xa9c0c820fd79b4339ed4711288ce15236196a6015234350f42b37341e9094398", "price_changes": [{"asset_id": "78438315737001038193507108078052969359305687599144926740526502005681502958823", "price": "0.14", "size": "250", "side": "BUY", "hash": "a9566aa70f3c8c7d5f21a32d18729a1788912561", "best_bid": "0.67", "best_ask": "0.69"}, {"asset_id": "91609514063242777856043730063938310894548353925882406409927495687846407164056", "price": "0.86", "size": "250", "side": "SELL", "hash": "d7756ed8769d2716a5b4e30b2d327e836c2a1cf9", "best_bid": "0.31", "best_ask": "0.33"}], "timestamp": "1769384538203", "event_type": "price_change"}}
{"_local_timestamp": "2026-01-25T23:42:18.508240+00:00", "data": {"market": "0xa9c0c820fd79b4339ed4711288ce15236196a6015234350f42b37341e9094398", "price_changes": [{"asset_id": "78438315737001038193507108078052969359305687599144926740526502005681502958823", "price": "0.15", "size": "200", "side": "BUY", "hash": "a519f33084d5eefb92f507d1e21cadfe27e669b1", "best_bid": "0.67", "best_ask": "0.69"}, {"asset_id": "91609514063242777856043730063938310894548353925882406409927495687846407164056", "price": "0.85", "size": "200", "side": "SELL", "hash": "2eb140e46a0c6cd9869fb0546836e964a80c1f70", "best_bid": "0.31", "best_ask": "0.33"}], "timestamp": "1769384538424", "event_type": "price_change"}}
{"_local_timestamp": "2026-01-25T23:42:18.860010+00:00", "data": {"market": "0xa9c0c820fd79b4339ed4711288ce15236196a6015234350f42b37341e9094398", "price_changes": [{"asset_id": "91609514063242777856043730063938310894548353925882406409927495687846407164056", "price": "0.34", "size": "6.8", "side": "SELL", "hash": "2363490ec51411cf38e4f33827e6b123fa747e6a", "best_bid": "0.31", "best_ask": "0.33"}, {"asset_id": "78438315737001038193507108078052969359305687599144926740526502005681502958823", "price": "0.66", "size": "6.8", "side": "BUY", "hash": "54a4b7dbf5840cd41952df87209adf7f95909c97", "best_bid": "0.67", "best_ask": "0.69"}], "timestamp": "1769384538775", "event_type": "price_change"}}
{"_local_timestamp": "2026-01-25T23:42:20.290125+00:00", "data": {"market": "0xa9c0c820fd79b4339ed4711288ce15236196a6015234350f42b37341e9094398", "price_changes": [{"asset_id": "78438315737001038193507108078052969359305687599144926740526502005681502958823", "price": "0.14", "size": "50", "side": "BUY", "hash": "adf4ef4e75d46506009803a6d9fdce9e5353ab0e", "best_bid": "0.67", "best_ask": "0.69"}, {"asset_id": "91609514063242777856043730063938310894548353925882406409927495687846407164056", "price": "0.86", "size": "50", "side": "SELL", "hash": "b1253536551309d1f32cfa04aa1ecc8484b568a7", "best_bid": "0.31", "best_ask": "0.33"}], "timestamp": "1769384540203", "event_type": "price_change"}}
{"_local_timestamp": "2026-01-25T23:42:20.291118+00:00", "data": {"market": "0xa9c0c820fd79b4339ed4711288ce15236196a6015234350f42b37341e9094398", "price_changes": [{"asset_id": "78438315737001038193507108078052969359305687599144926740526502005681502958823", "price": "0.16", "size": "200", "side": "BUY", "hash": "0f62b07c8105244689e41c3291e4581e93ff904a", "best_bid": "0.67", "best_ask": "0.69"}, {"asset_id": "91609514063242777856043730063938310894548353925882406409927495687846407164056", "price": "0.84", "size": "200", "side": "SELL", "hash": "dd5c15cd7d49d15a78d6d5f47ac7a17caba42a5c", "best_bid": "0.31", "best_ask": "0.33"}], "timestamp": "1769384540204", "event_type": "price_change"}}
{"_local_timestamp": "2026-01-25T23:42:23.179460+00:00", "data": {"market": "0xa9c0c820fd79b4339ed4711288ce15236196a6015234350f42b37341e9094398", "price_changes": [{"asset_id": "91609514063242777856043730063938310894548353925882406409927495687846407164056", "price": "0.02", "size": "156.21", "side": "BUY", "hash": "6910f0ee15d11d173d461053c2ae0b7ad9040923", "best_bid": "0.31", "best_ask": "0.33"}, {"asset_id": "78438315737001038193507108078052969359305687599144926740526502005681502958823", "price": "0.98", "size": "156.21", "side": "SELL", "hash": "160ae54681fdecca269efbf13669d81863942eee", "best_bid": "0.67", "best_ask": "0.69"}], "timestamp": "1769384543026", "event_type": "price_change"}}
{"_local_timestamp": "2026-01-25T23:42:23.492657+00:00", "data": {"market": "0xa9c0c820fd79b4339ed4711288ce15236196a6015234350f42b37341e9094398", "price_changes": [{"asset_id": "91609514063242777856043730063938310894548353925882406409927495687846407164056", "price": "0.01", "size": "14375.55", "side": "BUY", "hash": "9204af8599c69fb24a54815e36f505880edac74d", "best_bid": "0.31", "best_ask": "0.33"}, {"asset_id": "78438315737001038193507108078052969359305687599144926740526502005681502958823", "price": "0.99", "size": "14375.55", "side": "SELL", "hash": "c4c74588f43eb75fa9161d2649a173d7ad5f023f", "best_bid": "0.67", "best_ask": "0.69"}], "timestamp": "1769384543388", "event_type": "price_change"}}
{"_local_timestamp": "2026-01-25T23:42:29.074173+00:00", "data": {"market": "0xa9c0c820fd79b4339ed4711288ce15236196a6015234350f42b37341e9094398", "price_changes": [{"asset_id": "78438315737001038193507108078052969359305687599144926740526502005681502958823", "price": "0.15", "size": "0", "side": "BUY", "hash": "71aee9a46b1b0a0ef0247ae53d3f486a9f1b9f3a", "best_bid": "0.67", "best_ask": "0.69"}, {"asset_id": "91609514063242777856043730063938310894548353925882406409927495687846407164056", "price": "0.85", "size": "0", "side": "SELL", "hash": "9697dd6e80f971cc8817f4fbe440a23558079ed9", "best_bid": "0.31", "best_ask": "0.33"}], "timestamp": "1769384548960", "event_type": "price_change"}}
{"_local_timestamp": "2026-01-25T23:42:29.114770+00:00", "data": {"market": "0xa9c0c820fd79b4339ed4711288ce15236196a6015234350f42b37341e9094398", "price_changes": [{"asset_id": "78438315737001038193507108078052969359305687599144926740526502005681502958823", "price": "0.16", "size": "0", "side": "BUY", "hash": "0c1ff45d66d4049a1278bf2a1b873598bb8786e5", "best_bid": "0.67", "best_ask": "0.69"}, {"asset_id": "91609514063242777856043730063938310894548353925882406409927495687846407164056", "price": "0.84", "size": "0", "side": "SELL", "hash": "2b57365099f8e440bac8b6d8901a81331528384a", "best_bid": "0.31", "best_ask": "0.33"}], "timestamp": "1769384549002", "event_type": "price_change"}}
{"_local_timestamp": "2026-01-25T23:42:29.122922+00:00", "data": {"market": "0xa9c0c820fd79b4339ed4711288ce15236196a6015234350f42b37341e9094398", "price_changes": [{"asset_id": "78438315737001038193507108078052969359305687599144926740526502005681502958823", "price": "0.14", "size": "250", "side": "BUY", "hash": "86cc972ebd99bc0361376a899b2faf77a3137778", "best_bid": "0.67", "best_ask": "0.69"}, {"asset_id": "91609514063242777856043730063938310894548353925882406409927495687846407164056", "price": "0.86", "size": "250", "side": "SELL", "hash": "4cc54ea6d7bcc21c404223b39a8697df3830605e", "best_bid": "0.31", "best_ask": "0.33"}], "timestamp": "1769384549016", "event_type": "price_change"}}
{"_local_timestamp": "2026-01-25T23:42:29.328750+00:00", "data": {"market": "0xa9c0c820fd79b4339ed4711288ce15236196a6015234350f42b37341e9094398", "price_changes": [{"asset_id": "78438315737001038193507108078052969359305687599144926740526502005681502958823", "price": "0.11", "size": "200", "side": "BUY", "hash": "9148c573bd0950409d2742a14f8a2c448f11e729", "best_bid": "0.67", "best_ask": "0.69"}, {"asset_id": "91609514063242777856043730063938310894548353925882406409927495687846407164056", "price": "0.89", "size": "200", "side": "SELL", "hash": "4c21ce23ce4d4913ce5e055bc76c0c32febad328", "best_bid": "0.31", "best_ask": "0.33"}], "timestamp": "1769384549228", "event_type": "price_change"}}
{"_local_timestamp": "2026-01-25T23:42:40.016981+00:00", "data": {"market": "0xa9c0c820fd79b4339ed4711288ce15236196a6015234350f42b37341e9094398", "price_changes": [{"asset_id": "78438315737001038193507108078052969359305687599144926740526502005681502958823", "price": "0.11", "size": "0", "side": "BUY", "hash": "3feef48b07d35347d62a2556ccf9e45ef240cab6", "best_bid": "0.67", "best_ask": "0.69"}, {"asset_id": "91609514063242777856043730063938310894548353925882406409927495687846407164056", "price": "0.89", "size": "0", "side": "SELL", "hash": "982de01a8624dfde4167f94252f0d11c040c7a5e", "best_bid": "0.31", "best_ask": "0.33"}], "timestamp": "1769384559910", "event_type": "price_change"}}
{"_local_timestamp": "2026-01-25T23:42:40.282175+00:00", "data": {"market": "0xa9c0c820fd79b4339ed4711288ce15236196a6015234350f42b37341e9094398", "price_changes": [{"asset_id": "78438315737001038193507108078052969359305687599144926740526502005681502958823", "price": "0.14", "size": "450", "side": "BUY", "hash": "11c8a77144033d669647704b92d93ed4faf00cfb", "best_bid": "0.67", "best_ask": "0.69"}, {"asset_id": "91609514063242777856043730063938310894548353925882406409927495687846407164056", "price": "0.86", "size": "450", "side": "SELL", "hash": "9c3f84a8bbb02f53c2df446ce47ab986aa46390d", "best_bid": "0.31", "best_ask": "0.33"}], "timestamp": "1769384560162", "event_type": "price_change"}}
{"_local_timestamp": "2026-01-25T23:42:40.322708+00:00", "data": {"market": "0xa9c0c820fd79b4339ed4711288ce15236196a6015234350f42b37341e9094398", "price_changes": [{"asset_id": "78438315737001038193507108078052969359305687599144926740526502005681502958823", "price": "0.14", "size": "250", "side": "BUY", "hash": "6c7d42c0c1bc0ba37bb8bb6c9ca69101d4d6573f", "best_bid": "0.67", "best_ask": "0.69"}, {"asset_id": "91609514063242777856043730063938310894548353925882406409927495687846407164056", "price": "0.86", "size": "250", "side": "SELL", "hash": "bfcb939d929a9d5722de32a8fd1232fecda83a0c", "best_bid": "0.31", "best_ask": "0.33"}], "timestamp": "1769384560218", "event_type": "price_change"}}
{"_local_timestamp": "2026-01-25T23:42:40.328805+00:00", "data": {"market": "0xa9c0c820fd79b4339ed4711288ce15236196a6015234350f42b37341e9094398", "price_changes": [{"asset_id": "78438315737001038193507108078052969359305687599144926740526502005681502958823", "price": "0.15", "size": "200", "side": "BUY", "hash": "df73ea33d8e112957b0e2060262d8658abccc2b0", "best_bid": "0.67", "best_ask": "0.69"}, {"asset_id": "91609514063242777856043730063938310894548353925882406409927495687846407164056", "price": "0.85", "size": "200", "side": "SELL", "hash": "e2ecf53f9d66fe0e9e57642a9361788b7b7935ca", "best_bid": "0.31", "best_ask": "0.33"}], "timestamp": "1769384560223", "event_type": "price_change"}}
{"_local_timestamp": "2026-01-25T23:42:51.230070+00:00", "data": {"market": "0xa9c0c820fd79b4339ed4711288ce15236196a6015234350f42b37341e9094398", "price_changes": [{"asset_id": "78438315737001038193507108078052969359305687599144926740526502005681502958823", "price": "0.14", "size": "50", "side": "BUY", "hash": "d215a4aaa448665b2aca3f4e2df65bc5f07260f4", "best_bid": "0.67", "best_ask": "0.69"}, {"asset_id": "91609514063242777856043730063938310894548353925882406409927495687846407164056", "price": "0.86", "size": "50", "side": "SELL", "hash": "084f0b6b4a833563a91216e115056dd98073ddd1", "best_bid": "0.31", "best_ask": "0.33"}], "timestamp": "1769384571134", "event_type": "price_change"}}
{"_local_timestamp": "2026-01-25T23:42:51.271279+00:00", "data": {"market": "0xa9c0c820fd79b4339ed4711288ce15236196a6015234350f42b37341e9094398", "price_changes": [{"asset_id": "78438315737001038193507108078052969359305687599144926740526502005681502958823", "price": "0.15", "size": "0", "side": "BUY", "hash": "020d7f524a3bf04edf011ada27f59d6ea75539eb", "best_bid": "0.67", "best_ask": "0.69"}, {"asset_id": "91609514063242777856043730063938310894548353925882406409927495687846407164056", "price": "0.85", "size": "0", "side": "SELL", "hash": "f02ff929956ef1eb0aec1283e71f6deb8650fe8d", "best_bid": "0.31", "best_ask": "0.33"}], "timestamp": "1769384571173", "event_type": "price_change"}}
{"_local_timestamp": "2026-01-25T23:42:51.310087+00:00", "data": {"market": "0xa9c0c820fd79b4339ed4711288ce15236196a6015234350f42b37341e9094398", "price_changes": [{"asset_id": "78438315737001038193507108078052969359305687599144926740526502005681502958823", "price": "0.14", "size": "250", "side": "BUY", "hash": "b915db85ef6d14f632cc2479acd6b40527232836", "best_bid": "0.67", "best_ask": "0.69"}, {"asset_id": "91609514063242777856043730063938310894548353925882406409927495687846407164056", "price": "0.86", "size": "250", "side": "SELL", "hash": "2fe8daacae232c7ef02d3fcd24bd6b1946b115dc", "best_bid": "0.31", "best_ask": "0.33"}], "timestamp": "1769384571174", "event_type": "price_change"}}
{"_local_timestamp": "2026-01-25T23:42:51.545418+00:00", "data": {"market": "0xa9c0c820fd79b4339ed4711288ce15236196a6015234350f42b37341e9094398", "price_changes": [{"asset_id": "78438315737001038193507108078052969359305687599144926740526502005681502958823", "price": "0.15", "size": "200", "side": "BUY", "hash": "a6f7ec7d89695d12978a1953fee36a11441e5348", "best_bid": "0.67", "best_ask": "0.69"}, {"asset_id": "91609514063242777856043730063938310894548353925882406409927495687846407164056", "price": "0.85", "size": "200", "side": "SELL", "hash": "dd533833e31e0b343d4ca3c32b90991552215083", "best_bid": "0.31", "best_ask": "0.33"}], "timestamp": "1769384571437", "event_type": "price_change"}}
{"_local_timestamp": "2026-01-25T23:42:53.283693+00:00", "data": {"market": "0xa9c0c820fd79b4339ed4711288ce15236196a6015234350f42b37341e9094398", "price_changes": [{"asset_id": "78438315737001038193507108078052969359305687599144926740526502005681502958823", "price": "0.16", "size": "200", "side": "BUY", "hash": "2284e0dd4e3e0205c5c48be5d7e928f6badfe341", "best_bid": "0.67", "best_ask": "0.69"}, {"asset_id": "91609514063242777856043730063938310894548353925882406409927495687846407164056", "price": "0.84", "size": "200", "side": "SELL", "hash": "e6ec34e4cd3b4d5a4aca624e21655119ad92894e", "best_bid": "0.31", "best_ask": "0.33"}], "timestamp": "1769384573173", "event_type": "price_change"}}
{"_local_timestamp": "2026-01-25T23:42:53.300838+00:00", "data": {"market": "0xa9c0c820fd79b4339ed4711288ce15236196a6015234350f42b37341e9094398", "price_changes": [{"asset_id": "78438315737001038193507108078052969359305687599144926740526502005681502958823", "price": "0.14", "size": "50", "side": "BUY", "hash": "dec3edb08c5449dfa642493d9c198d6f9a800c71", "best_bid": "0.67", "best_ask": "0.69"}, {"asset_id": "91609514063242777856043730063938310894548353925882406409927495687846407164056", "price": "0.86", "size": "50", "side": "SELL", "hash": "4d8fd11d38249c32202b9ac81763149741462ebc", "best_bid": "0.31", "best_ask": "0.33"}], "timestamp": "1769384573183", "event_type": "price_change"}}
{"_local_timestamp": "2026-01-25T23:43:02.761828+00:00", "data": {"market": "0xa9c0c820fd79b4339ed4711288ce15236196a6015234350f42b37341e9094398", "price_changes": [{"asset_id": "78438315737001038193507108078052969359305687599144926740526502005681502958823", "price": "0.15", "size": "0", "side": "BUY", "hash": "3c0ab5f0b855eb696199d6b4704bb1b433ac4de7", "best_bid": "0.67", "best_ask": "0.69"}, {"asset_id": "91609514063242777856043730063938310894548353925882406409927495687846407164056", "price": "0.85", "size": "0", "side": "SELL", "hash": "23b9549702d7cc29bfa324bb7018f2ca8f5b98dc", "best_bid": "0.31", "best_ask": "0.33"}], "timestamp": "1769384582655", "event_type": "price_change"}}
{"_local_timestamp": "2026-01-25T23:43:02.827917+00:00", "data": {"market": "0xa9c0c820fd79b4339ed4711288ce15236196a6015234350f42b37341e9094398", "price_changes": [{"asset_id": "78438315737001038193507108078052969359305687599144926740526502005681502958823", "price": "0.14", "size": "250", "side": "BUY", "hash": "64c20b2de3638b1106532bb5aebc46101d3634f2", "best_bid": "0.67", "best_ask": "0.69"}, {"asset_id": "91609514063242777856043730063938310894548353925882406409927495687846407164056", "price": "0.86", "size": "250", "side": "SELL", "hash": "8c2f48e0b6bce4ff9209259a82bd0b6f473b838f", "best_bid": "0.31", "best_ask": "0.33"}], "timestamp": "1769384582718", "event_type": "price_change"}}
{"_local_timestamp": "2026-01-25T23:43:02.828958+00:00", "data": {"market": "0xa9c0c820fd79b4339ed4711288ce15236196a6015234350f42b37341e9094398", "price_changes": [{"asset_id": "78438315737001038193507108078052969359305687599144926740526502005681502958823", "price": "0.16", "size": "0", "side": "BUY", "hash": "7a4b2b133824b2f86dda83db9990a5f68f3069b6", "best_bid": "0.67", "best_ask": "0.69"}, {"asset_id": "91609514063242777856043730063938310894548353925882406409927495687846407164056", "price": "0.84", "size": "0", "side": "SELL", "hash": "cf2805baa937e19a179291d7355f8d28c52f78e8", "best_bid": "0.31", "best_ask": "0.33"}], "timestamp": "1769384582719", "event_type": "price_change"}}
{"_local_timestamp": "2026-01-25T23:43:03.341943+00:00", "data": {"market": "0xa9c0c820fd79b4339ed4711288ce15236196a6015234350f42b37341e9094398", "price_changes": [{"asset_id": "78438315737001038193507108078052969359305687599144926740526502005681502958823", "price": "0.11", "size": "200", "side": "BUY", "hash": "19593971c5ceaad7366943b5009b5b4c930fdd17", "best_bid": "0.67", "best_ask": "0.69"}, {"asset_id": "91609514063242777856043730063938310894548353925882406409927495687846407164056", "price": "0.89", "size": "200", "side": "SELL", "hash": "ec4ff5b771514114e21196b2adf774fd024cb347", "best_bid": "0.31", "best_ask": "0.33"}], "timestamp": "1769384583248", "event_type": "price_change"}}
{"_local_timestamp": "2026-01-25T23:43:13.681123+00:00", "data": {"market": "0xa9c0c820fd79b4339ed4711288ce15236196a6015234350f42b37341e9094398", "price_changes": [{"asset_id": "78438315737001038193507108078052969359305687599144926740526502005681502958823", "price": "0.11", "size": "0", "side": "BUY", "hash": "112dadbdff9dd7f19c71476e9473c4104827d64c", "best_bid": "0.67", "best_ask": "0.69"}, {"asset_id": "91609514063242777856043730063938310894548353925882406409927495687846407164056", "price": "0.89", "size": "0", "side": "SELL", "hash": "706a2473b17e834ecbb2fa0cce4938511cae6ca3", "best_bid": "0.31", "best_ask": "0.33"}], "timestamp": "1769384593556", "event_type": "price_change"}}
{"_local_timestamp": "2026-01-25T23:43:13.936793+00:00", "data": {"market": "0xa9c0c820fd79b4339ed4711288ce15236196a6015234350f42b37341e9094398", "price_changes": [{"asset_id": "78438315737001038193507108078052969359305687599144926740526502005681502958823", "price": "0.14", "size": "450", "side": "BUY", "hash": "da4b3634c223b004478c5043cd7d1b8e4c7bfe7f", "best_bid": "0.67", "best_ask": "0.69"}, {"asset_id": "91609514063242777856043730063938310894548353925882406409927495687846407164056", "price": "0.86", "size": "450", "side": "SELL", "hash": "c389cc0a5ad4ddc8265e18bda3f368e3c367d554", "best_bid": "0.31", "best_ask": "0.33"}], "timestamp": "1769384593814", "event_type": "price_change"}}
{"_local_timestamp": "2026-01-25T23:43:13.991966+00:00", "data": {"market": "0xa9c0c820fd79b4339ed4711288ce15236196a6015234350f42b37341e9094398", "price_changes": [{"asset_id": "78438315737001038193507108078052969359305687599144926740526502005681502958823", "price": "0.15", "size": "200", "side": "BUY", "hash": "333b02da8db146c2d19c875eafa17d651d42dddd", "best_bid": "0.67", "best_ask": "0.69"}, {"asset_id": "91609514063242777856043730063938310894548353925882406409927495687846407164056", "price": "0.85", "size": "200", "side": "SELL", "hash": "8720401dc56fc10e9e17c0217ec4e7ab0702b4ea", "best_bid": "0.31", "best_ask": "0.33"}], "timestamp": "1769384593851", "event_type": "price_change"}}
{"_local_timestamp": "2026-01-25T23:43:13.993010+00:00", "data": {"market": "0xa9c0c820fd79b4339ed4711288ce15236196a6015234350f42b37341e9094398", "price_changes": [{"asset_id": "78438315737001038193507108078052969359305687599144926740526502005681502958823", "price": "0.14", "size": "250", "side": "BUY", "hash": "d527a236cf9f0f2fe59bd01c8bdae81da7db2c42", "best_bid": "0.67", "best_ask": "0.69"}, {"asset_id": "91609514063242777856043730063938310894548353925882406409927495687846407164056", "price": "0.86", "size": "250", "side": "SELL", "hash": "0942679e8fc79bfb7951b0b9f4e097bfb19df80b", "best_bid": "0.31", "best_ask": "0.33"}], "timestamp": "1769384593851", "event_type": "price_change"}}
{"_local_timestamp": "2026-01-25T23:43:24.763883+00:00", "data": {"market": "0xa9c0c820fd79b4339ed4711288ce15236196a6015234350f42b37341e9094398", "price_changes": [{"asset_id": "78438315737001038193507108078052969359305687599144926740526502005681502958823", "price": "0.14", "size": "50", "side": "BUY", "hash": "2cda8a712bf6e3b3571e0cf6ae1e330cc320d3fb", "best_bid": "0.67", "best_ask": "0.69"}, {"asset_id": "91609514063242777856043730063938310894548353925882406409927495687846407164056", "price": "0.86", "size": "50", "side": "SELL", "hash": "ed6076f851037c6fa9db717ec0acae18fab1f916", "best_bid": "0.31", "best_ask": "0.33"}], "timestamp": "1769384604629", "event_type": "price_change"}}
{"_local_timestamp": "2026-01-25T23:43:24.795348+00:00", "data": {"market": "0xa9c0c820fd79b4339ed4711288ce15236196a6015234350f42b37341e9094398", "price_changes": [{"asset_id": "78438315737001038193507108078052969359305687599144926740526502005681502958823", "price": "0.15", "size": "0", "side": "BUY", "hash": "a5540edcd56702c662413907213d93c48e566a20", "best_bid": "0.67", "best_ask": "0.69"}, {"asset_id": "91609514063242777856043730063938310894548353925882406409927495687846407164056", "price": "0.85", "size": "0", "side": "SELL", "hash": "95dc9adb36f578dcbd57979a62a41e715f1e60d9", "best_bid": "0.31", "best_ask": "0.33"}], "timestamp": "1769384604669", "event_type": "price_change"}}
{"_local_timestamp": "2026-01-25T23:43:24.799727+00:00", "data": {"market": "0xa9c0c820fd79b4339ed4711288ce15236196a6015234350f42b37341e9094398", "price_changes": [{"asset_id": "78438315737001038193507108078052969359305687599144926740526502005681502958823", "price": "0.14", "size": "250", "side": "BUY", "hash": "59f2a6a7930d75d36e63b72f3ee9c395af0f4c9f", "best_bid": "0.67", "best_ask": "0.69"}, {"asset_id": "91609514063242777856043730063938310894548353925882406409927495687846407164056", "price": "0.86", "size": "250", "side": "SELL", "hash": "c01fdbde8b6b0cf7b4a5103e8e5fb5e7fe3d2a57", "best_bid": "0.31", "best_ask": "0.33"}], "timestamp": "1769384604670", "event_type": "price_change"}}
{"_local_timestamp": "2026-01-25T23:43:25.024407+00:00", "data": {"market": "0xa9c0c820fd79b4339ed4711288ce15236196a6015234350f42b37341e9094398", "price_changes": [{"asset_id": "78438315737001038193507108078052969359305687599144926740526502005681502958823", "price": "0.15", "size": "200", "side": "BUY", "hash": "8a569686d9afec9514bdad79eea14bcb088fec35", "best_bid": "0.67", "best_ask": "0.69"}, {"asset_id": "91609514063242777856043730063938310894548353925882406409927495687846407164056", "price": "0.85", "size": "200", "side": "SELL", "hash": "43319c89bc93edd00949c6370af406d63a06db13", "best_bid": "0.31", "best_ask": "0.33"}], "timestamp": "1769384604891", "event_type": "price_change"}}
{"_local_timestamp": "2026-01-25T23:43:26.801105+00:00", "data": {"market": "0xa9c0c820fd79b4339ed4711288ce15236196a6015234350f42b37341e9094398", "price_changes": [{"asset_id": "78438315737001038193507108078052969359305687599144926740526502005681502958823", "price": "0.14", "size": "50", "side": "BUY", "hash": "da2404a68cff3087900ec28553f79aa0b9b27e68", "best_bid": "0.67", "best_ask": "0.69"}, {"asset_id": "91609514063242777856043730063938310894548353925882406409927495687846407164056", "price": "0.86", "size": "50", "side": "SELL", "hash": "06879c178743d33af7ee0ada40f9742a5b72291d", "best_bid": "0.31", "best_ask": "0.33"}], "timestamp": "1769384606665", "event_type": "price_change"}}
{"_local_timestamp": "2026-01-25T23:43:26.802063+00:00", "data": {"market": "0xa9c0c820fd79b4339ed4711288ce15236196a6015234350f42b37341e9094398", "price_changes": [{"asset_id": "78438315737001038193507108078052969359305687599144926740526502005681502958823", "price": "0.16", "size": "200", "side": "BUY", "hash": "237e0da13cafc8d3f7a8d5710d3ebeb47aff0a89", "best_bid": "0.67", "best_ask": "0.69"}, {"asset_id": "91609514063242777856043730063938310894548353925882406409927495687846407164056", "price": "0.84", "size": "200", "side": "SELL", "hash": "14d07c282e89a47bf08981797b7a92ac3e37e1d9", "best_bid": "0.31", "best_ask": "0.33"}], "timestamp": "1769384606666", "event_type": "price_change"}}
{"_local_timestamp": "2026-01-25T23:43:36.946364+00:00", "data": {"market": "0xa9c0c820fd79b4339ed4711288ce15236196a6015234350f42b37341e9094398", "price_changes": [{"asset_id": "78438315737001038193507108078052969359305687599144926740526502005681502958823", "price": "0.15", "size": "0", "side": "BUY", "hash": "debe3ccdaee9f5de0b2ddd28e4484bfaec589b93", "best_bid": "0.67", "best_ask": "0.69"}, {"asset_id": "91609514063242777856043730063938310894548353925882406409927495687846407164056", "price": "0.85", "size": "0", "side": "SELL", "hash": "6779e2af41841c3ce29f22430d384133cc5fc42a", "best_bid": "0.31", "best_ask": "0.33"}], "timestamp": "1769384616798", "event_type": "price_change"}}
{"_local_timestamp": "2026-01-25T23:43:36.982740+00:00", "data": {"market": "0xa9c0c820fd79b4339ed4711288ce15236196a6015234350f42b37341e9094398", "price_changes": [{"asset_id": "78438315737001038193507108078052969359305687599144926740526502005681502958823", "price": "0.14", "size": "250", "side": "BUY", "hash": "6b5a87eca76f50534226e0ff61fd4e66875b7ff0", "best_bid": "0.67", "best_ask": "0.69"}, {"asset_id": "91609514063242777856043730063938310894548353925882406409927495687846407164056", "price": "0.86", "size": "250", "side": "SELL", "hash": "11f651e787bddc9f2010069eb7aef56047b5f670", "best_bid": "0.31", "best_ask": "0.33"}], "timestamp": "1769384616837", "event_type": "price_change"}}
{"_local_timestamp": "2026-01-25T23:43:36.997684+00:00", "data": {"market": "0xa9c0c820fd79b4339ed4711288ce15236196a6015234350f42b37341e9094398", "price_changes": [{"asset_id": "78438315737001038193507108078052969359305687599144926740526502005681502958823", "price": "0.16", "size": "0", "side": "BUY", "hash": "ddacb85bbf512f87d69be171d11f73e47048439d", "best_bid": "0.67", "best_ask": "0.69"}, {"asset_id": "91609514063242777856043730063938310894548353925882406409927495687846407164056", "price": "0.84", "size": "0", "side": "SELL", "hash": "ceb4c4fa039cef238f888096508c7440e4a6d505", "best_bid": "0.31", "best_ask": "0.33"}], "timestamp": "1769384616853", "event_type": "price_change"}}
{"_local_timestamp": "2026-01-25T23:43:37.185537+00:00", "data": {"market": "0xa9c0c820fd79b4339ed4711288ce15236196a6015234350f42b37341e9094398", "price_changes": [{"asset_id": "78438315737001038193507108078052969359305687599144926740526502005681502958823", "price": "0.11", "size": "200", "side": "BUY", "hash": "800671cea32f030fb868d7bf8eddc19cbc7cf840", "best_bid": "0.67", "best_ask": "0.69"}, {"asset_id": "91609514063242777856043730063938310894548353925882406409927495687846407164056", "price": "0.89", "size": "200", "side": "SELL", "hash": "32255736e47c4ba900838ba1a78779723212a134", "best_bid": "0.31", "best_ask": "0.33"}], "timestamp": "1769384617055", "event_type": "price_change"}}
{"_local_timestamp": "2026-01-25T23:43:48.635132+00:00", "data": {"market": "0xa9c0c820fd79b4339ed4711288ce15236196a6015234350f42b37341e9094398", "price_changes": [{"asset_id": "91609514063242777856043730063938310894548353925882406409927495687846407164056", "price": "0.02", "size": "1156.21", "side": "BUY", "hash": "ec0dd37edcfdabdd0bfcf8f33c5ff05fcf1ab171", "best_bid": "0.31", "best_ask": "0.33"}, {"asset_id": "78438315737001038193507108078052969359305687599144926740526502005681502958823", "price": "0.98", "size": "1156.21", "side": "SELL", "hash": "68d8041c89ba7bc23371b5424f733f8ad59f6da8", "best_bid": "0.67", "best_ask": "0.69"}], "timestamp": "1769384628548", "event_type": "price_change"}}
{"_local_timestamp": "2026-01-25T23:43:49.281322+00:00", "data": {"market": "0xa9c0c820fd79b4339ed4711288ce15236196a6015234350f42b37341e9094398", "price_changes": [{"asset_id": "78438315737001038193507108078052969359305687599144926740526502005681502958823", "price": "0.11", "size": "0", "side": "BUY", "hash": "d9053167990c1c606124ed13cd653e50718327e0", "best_bid": "0.67", "best_ask": "0.69"}, {"asset_id": "91609514063242777856043730063938310894548353925882406409927495687846407164056", "price": "0.89", "size": "0", "side": "SELL", "hash": "f47d26ea97a80501f5de769bcf5af2dd7134938d", "best_bid": "0.31", "best_ask": "0.33"}], "timestamp": "1769384629192", "event_type": "price_change"}}
{"_local_timestamp": "2026-01-25T23:43:49.548423+00:00", "data": {"market": "0xa9c0c820fd79b4339ed4711288ce15236196a6015234350f42b37341e9094398", "price_changes": [{"asset_id": "78438315737001038193507108078052969359305687599144926740526502005681502958823", "price": "0.14", "size": "450", "side": "BUY", "hash": "d655f0aebbe4df1eaba7acf15507cfe3d7d1ba39", "best_bid": "0.67", "best_ask": "0.69"}, {"asset_id": "91609514063242777856043730063938310894548353925882406409927495687846407164056", "price": "0.86", "size": "450", "side": "SELL", "hash": "4f649bd976375f97221bfcaef8665d073fd24539", "best_bid": "0.31", "best_ask": "0.33"}], "timestamp": "1769384629443", "event_type": "price_change"}}
{"_local_timestamp": "2026-01-25T23:43:49.588822+00:00", "data": {"market": "0xa9c0c820fd79b4339ed4711288ce15236196a6015234350f42b37341e9094398", "price_changes": [{"asset_id": "78438315737001038193507108078052969359305687599144926740526502005681502958823", "price": "0.14", "size": "250", "side": "BUY", "hash": "d11456fbd19c574dea27805a6135be17e8bb3a45", "best_bid": "0.67", "best_ask": "0.69"}, {"asset_id": "91609514063242777856043730063938310894548353925882406409927495687846407164056", "price": "0.86", "size": "250", "side": "SELL", "hash": "d4a35ed53ec89392e7cebeaa956fc6cfd94c7b4e", "best_bid": "0.31", "best_ask": "0.33"}], "timestamp": "1769384629481", "event_type": "price_change"}}
{"_local_timestamp": "2026-01-25T23:43:49.592597+00:00", "data": {"market": "0xa9c0c820fd79b4339ed4711288ce15236196a6015234350f42b37341e9094398", "price_changes": [{"asset_id": "78438315737001038193507108078052969359305687599144926740526502005681502958823", "price": "0.15", "size": "200", "side": "BUY", "hash": "71765677aee99015e0595d4ec7a93a9f544a3800", "best_bid": "0.67", "best_ask": "0.69"}, {"asset_id": "91609514063242777856043730063938310894548353925882406409927495687846407164056", "price": "0.85", "size": "200", "side": "SELL", "hash": "9b284f159cdf63fe356baa720a414748ca47dca8", "best_bid": "0.31", "best_ask": "0.33"}], "timestamp": "1769384629485", "event_type": "price_change"}}
{"_local_timestamp": "2026-01-25T23:44:00.762010+00:00", "data": {"market": "0xa9c0c820fd79b4339ed4711288ce15236196a6015234350f42b37341e9094398", "price_changes": [{"asset_id": "78438315737001038193507108078052969359305687599144926740526502005681502958823", "price": "0.14", "size": "50", "side": "BUY", "hash": "da2c85c9b1245528fcd5828929c94b12199ababb", "best_bid": "0.67", "best_ask": "0.69"}, {"asset_id": "91609514063242777856043730063938310894548353925882406409927495687846407164056", "price": "0.86", "size": "50", "side": "SELL", "hash": "59f2237880577ca0383a797d7600a465f660b92d", "best_bid": "0.31", "best_ask": "0.33"}], "timestamp": "1769384640616", "event_type": "price_change"}}
{"_local_timestamp": "2026-01-25T23:44:00.797906+00:00", "data": {"market": "0xa9c0c820fd79b4339ed4711288ce15236196a6015234350f42b37341e9094398", "price_changes": [{"asset_id": "78438315737001038193507108078052969359305687599144926740526502005681502958823", "price": "0.14", "size": "250", "side": "BUY", "hash": "d5eeedad25bfa1049b8cb24cc3fdef551774b824", "best_bid": "0.67", "best_ask": "0.69"}, {"asset_id": "91609514063242777856043730063938310894548353925882406409927495687846407164056", "price": "0.86", "size": "250", "side": "SELL", "hash": "680601c6c9d386c14761dd24505ffbbee42105c7", "best_bid": "0.31", "best_ask": "0.33"}], "timestamp": "1769384640661", "event_type": "price_change"}}
{"_local_timestamp": "2026-01-25T23:44:00.799064+00:00", "data": {"market": "0xa9c0c820fd79b4339ed4711288ce15236196a6015234350f42b37341e9094398", "price_changes": [{"asset_id": "78438315737001038193507108078052969359305687599144926740526502005681502958823", "price": "0.15", "size": "0", "side": "BUY", "hash": "9a09bee21532c440253c45fc61ea712cd97b88f7", "best_bid": "0.67", "best_ask": "0.69"}, {"asset_id": "91609514063242777856043730063938310894548353925882406409927495687846407164056", "price": "0.85", "size": "0", "side": "SELL", "hash": "b3f75d9831c246997a28cce2148c5655495442de", "best_bid": "0.31", "best_ask": "0.33"}], "timestamp": "1769384640661", "event_type": "price_change"}}
{"_local_timestamp": "2026-01-25T23:44:01.014145+00:00", "data": {"market": "0xa9c0c820fd79b4339ed4711288ce15236196a6015234350f42b37341e9094398", "price_changes": [{"asset_id": "78438315737001038193507108078052969359305687599144926740526502005681502958823", "price": "0.15", "size": "200", "side": "BUY", "hash": "5e3feb8cbc88b7491a7527c1e40f8ac55b06f163", "best_bid": "0.67", "best_ask": "0.69"}, {"asset_id": "91609514063242777856043730063938310894548353925882406409927495687846407164056", "price": "0.85", "size": "200", "side": "SELL", "hash": "1a88f9921d87500044a7d911a5b21f880701c641", "best_bid": "0.31", "best_ask": "0.33"}], "timestamp": "1769384640871", "event_type": "price_change"}}
{"_local_timestamp": "2026-01-25T23:44:02.805152+00:00", "data": {"market": "0xa9c0c820fd79b4339ed4711288ce15236196a6015234350f42b37341e9094398", "price_changes": [{"asset_id": "78438315737001038193507108078052969359305687599144926740526502005681502958823", "price": "0.14", "size": "50", "side": "BUY", "hash": "d298073c79730b5555ec755b59abde6182887040", "best_bid": "0.67", "best_ask": "0.69"}, {"asset_id": "91609514063242777856043730063938310894548353925882406409927495687846407164056", "price": "0.86", "size": "50", "side": "SELL", "hash": "99b425f2db87c3480072cde220c5381d045c2973", "best_bid": "0.31", "best_ask": "0.33"}], "timestamp": "1769384642661", "event_type": "price_change"}}
{"_local_timestamp": "2026-01-25T23:44:02.814495+00:00", "data": {"market": "0xa9c0c820fd79b4339ed4711288ce15236196a6015234350f42b37341e9094398", "price_changes": [{"asset_id": "78438315737001038193507108078052969359305687599144926740526502005681502958823", "price": "0.16", "size": "200", "side": "BUY", "hash": "f7f04aa36eb7a22aa6275b4b52e8d849af59a8c0", "best_bid": "0.67", "best_ask": "0.69"}, {"asset_id": "91609514063242777856043730063938310894548353925882406409927495687846407164056", "price": "0.84", "size": "200", "side": "SELL", "hash": "90aaceb39d5c43c2cb4540361932d242596a099f", "best_bid": "0.31", "best_ask": "0.33"}], "timestamp": "1769384642668", "event_type": "price_change"}}
{"_local_timestamp": "2026-01-25T23:44:13.083612+00:00", "data": {"market": "0xa9c0c820fd79b4339ed4711288ce15236196a6015234350f42b37341e9094398", "price_changes": [{"asset_id": "78438315737001038193507108078052969359305687599144926740526502005681502958823", "price": "0.15", "size": "0", "side": "BUY", "hash": "8ce1b7f4a02aab6177554e4dbb2c355b335c4fe6", "best_bid": "0.67", "best_ask": "0.69"}, {"asset_id": "91609514063242777856043730063938310894548353925882406409927495687846407164056", "price": "0.85", "size": "0", "side": "SELL", "hash": "e03e3c237c8d17cc10a797667c033320d23f6297", "best_bid": "0.31", "best_ask": "0.33"}], "timestamp": "1769384652936", "event_type": "price_change"}}
{"_local_timestamp": "2026-01-25T23:44:13.124707+00:00", "data": {"market": "0xa9c0c820fd79b4339ed4711288ce15236196a6015234350f42b37341e9094398", "price_changes": [{"asset_id": "78438315737001038193507108078052969359305687599144926740526502005681502958823", "price": "0.14", "size": "250", "side": "BUY", "hash": "2e9008324dfd7b01b3997c6d0dc6f98b673143be", "best_bid": "0.67", "best_ask": "0.69"}, {"asset_id": "91609514063242777856043730063938310894548353925882406409927495687846407164056", "price": "0.86", "size": "250", "side": "SELL", "hash": "5849be719a2e904ab3414bdc0c2f651c99d2e8df", "best_bid": "0.31", "best_ask": "0.33"}], "timestamp": "1769384652978", "event_type": "price_change"}}
{"_local_timestamp": "2026-01-25T23:44:13.135266+00:00", "data": {"market": "0xa9c0c820fd79b4339ed4711288ce15236196a6015234350f42b37341e9094398", "price_changes": [{"asset_id": "78438315737001038193507108078052969359305687599144926740526502005681502958823", "price": "0.16", "size": "0", "side": "BUY", "hash": "e458d72d8afb4aba9453049b5326bfcd47ce4705", "best_bid": "0.67", "best_ask": "0.69"}, {"asset_id": "91609514063242777856043730063938310894548353925882406409927495687846407164056", "price": "0.84", "size": "0", "side": "SELL", "hash": "91178d88e7b02137d1b417367d1c6ae84df71946", "best_bid": "0.31", "best_ask": "0.33"}], "timestamp": "1769384652989", "event_type": "price_change"}}
{"_local_timestamp": "2026-01-25T23:44:13.312244+00:00", "data": {"market": "0xa9c0c820fd79b4339ed4711288ce15236196a6015234350f42b37341e9094398", "price_changes": [{"asset_id": "91609514063242777856043730063938310894548353925882406409927495687846407164056", "price": "0.01", "size": "14275.55", "side": "BUY", "hash": "ff6f5dda8f83e3167a795c70b039b5a7aeb918c3", "best_bid": "0.31", "best_ask": "0.33"}, {"asset_id": "78438315737001038193507108078052969359305687599144926740526502005681502958823", "price": "0.99", "size": "14275.55", "side": "SELL", "hash": "df9be969a79b989546cbe4152f6c12f89ba30805", "best_bid": "0.67", "best_ask": "0.69"}], "timestamp": "1769384653122", "event_type": "price_change"}}
{"_local_timestamp": "2026-01-25T23:44:13.366976+00:00", "data": {"market": "0xa9c0c820fd79b4339ed4711288ce15236196a6015234350f42b37341e9094398", "price_changes": [{"asset_id": "78438315737001038193507108078052969359305687599144926740526502005681502958823", "price": "0.11", "size": "200", "side": "BUY", "hash": "e0e5b7e99152dd4f98bd090208fc92aaa6f41fc6", "best_bid": "0.67", "best_ask": "0.69"}, {"asset_id": "91609514063242777856043730063938310894548353925882406409927495687846407164056", "price": "0.89", "size": "200", "side": "SELL", "hash": "f17e5803e0834eac88b123210f60779b1055eb1c", "best_bid": "0.31", "best_ask": "0.33"}], "timestamp": "1769384653219", "event_type": "price_change"}}
{"_local_timestamp": "2026-01-25T23:44:13.580046+00:00", "data": {"market": "0xa9c0c820fd79b4339ed4711288ce15236196a6015234350f42b37341e9094398", "price_changes": [{"asset_id": "91609514063242777856043730063938310894548353925882406409927495687846407164056", "price": "0.02", "size": "1256.21", "side": "BUY", "hash": "1b4e65e43dbf16025ffd374dd2ecb8dd40a1cc21", "best_bid": "0.31", "best_ask": "0.33"}, {"asset_id": "78438315737001038193507108078052969359305687599144926740526502005681502958823", "price": "0.98", "size": "1256.21", "side": "SELL", "hash": "9d3b2693c014ede2316f7da0be4f15f12c6e3cb6", "best_bid": "0.67", "best_ask": "0.69"}], "timestamp": "1769384653406", "event_type": "price_change"}}
{"_local_timestamp": "2026-01-25T23:44:18.018413+00:00", "data": {"market": "0xa9c0c820fd79b4339ed4711288ce15236196a6015234350f42b37341e9094398", "price_changes": [{"asset_id": "91609514063242777856043730063938310894548353925882406409927495687846407164056", "price": "0.34", "size": "0", "side": "SELL", "hash": "b927ac4866d63a222f7a2846d8102c5bb36d7fd8", "best_bid": "0.31", "best_ask": "0.33"}, {"asset_id": "78438315737001038193507108078052969359305687599144926740526502005681502958823", "price": "0.66", "size": "0", "side": "BUY", "hash": "a676d5b5badc72d750bd5f658b97854a351f6a48", "best_bid": "0.67", "best_ask": "0.69"}], "timestamp": "1769384657758", "event_type": "price_change"}}
{"_local_timestamp": "2026-01-25T23:44:19.233089+00:00", "data": {"market": "0xa9c0c820fd79b4339ed4711288ce15236196a6015234350f42b37341e9094398", "price_changes": [{"asset_id": "91609514063242777856043730063938310894548353925882406409927495687846407164056", "price": "0.34", "size": "6.8", "side": "SELL", "hash": "d9f3d79c8c7d564ca5741e720bd1185bea23bd00", "best_bid": "0.31", "best_ask": "0.33"}, {"asset_id": "78438315737001038193507108078052969359305687599144926740526502005681502958823", "price": "0.66", "size": "6.8", "side": "BUY", "hash": "0a0205e39d4db787b2ab5186282c0c43864cd96d", "best_bid": "0.67", "best_ask": "0.69"}], "timestamp": "1769384658972", "event_type": "price_change"}}
{"_local_timestamp": "2026-01-25T23:44:24.057295+00:00", "data": {"market": "0xa9c0c820fd79b4339ed4711288ce15236196a6015234350f42b37341e9094398", "price_changes": [{"asset_id": "78438315737001038193507108078052969359305687599144926740526502005681502958823", "price": "0.11", "size": "0", "side": "BUY", "hash": "e70eae3b0838ca735fd1f50910a5102200494109", "best_bid": "0.67", "best_ask": "0.69"}, {"asset_id": "91609514063242777856043730063938310894548353925882406409927495687846407164056", "price": "0.89", "size": "0", "side": "SELL", "hash": "1c69f3526e4e1f4c2b88b45de9749da1e0e14d94", "best_bid": "0.31", "best_ask": "0.33"}], "timestamp": "1769384663780", "event_type": "price_change"}}
{"_local_timestamp": "2026-01-25T23:44:24.334506+00:00", "data": {"market": "0xa9c0c820fd79b4339ed4711288ce15236196a6015234350f42b37341e9094398", "price_changes": [{"asset_id": "78438315737001038193507108078052969359305687599144926740526502005681502958823", "price": "0.14", "size": "450", "side": "BUY", "hash": "1d90376deac186dd90c9b3fc8379d5fd38d81d9e", "best_bid": "0.67", "best_ask": "0.69"}, {"asset_id": "91609514063242777856043730063938310894548353925882406409927495687846407164056", "price": "0.86", "size": "450", "side": "SELL", "hash": "1c8b6d069570d16d481f9338a6a0690b2027d683", "best_bid": "0.31", "best_ask": "0.33"}], "timestamp": "1769384664062", "event_type": "price_change"}}
{"_local_timestamp": "2026-01-25T23:44:24.358861+00:00", "data": {"market": "0xa9c0c820fd79b4339ed4711288ce15236196a6015234350f42b37341e9094398", "price_changes": [{"asset_id": "78438315737001038193507108078052969359305687599144926740526502005681502958823", "price": "0.14", "size": "250", "side": "BUY", "hash": "99d1d8c4c417a01aa3e1fe64971869a6b608c722", "best_bid": "0.67", "best_ask": "0.69"}, {"asset_id": "91609514063242777856043730063938310894548353925882406409927495687846407164056", "price": "0.86", "size": "250", "side": "SELL", "hash": "142ab1fe68f347aa2f92cc67973907f430fcf037", "best_bid": "0.31", "best_ask": "0.33"}], "timestamp": "1769384664103", "event_type": "price_change"}}
{"_local_timestamp": "2026-01-25T23:44:24.362103+00:00", "data": {"market": "0xa9c0c820fd79b4339ed4711288ce15236196a6015234350f42b37341e9094398", "price_changes": [{"asset_id": "78438315737001038193507108078052969359305687599144926740526502005681502958823", "price": "0.15", "size": "200", "side": "BUY", "hash": "4eb81b83a6af562b71df5187630008a5b114884c", "best_bid": "0.67", "best_ask": "0.69"}, {"asset_id": "91609514063242777856043730063938310894548353925882406409927495687846407164056", "price": "0.85", "size": "200", "side": "SELL", "hash": "76f808f574f72893d5fdce10ba31361a3fd04e54", "best_bid": "0.31", "best_ask": "0.33"}], "timestamp": "1769384664107", "event_type": "price_change"}}
{"_local_timestamp": "2026-01-25T23:44:34.972920+00:00", "data": {"market": "0xa9c0c820fd79b4339ed4711288ce15236196a6015234350f42b37341e9094398", "price_changes": [{"asset_id": "78438315737001038193507108078052969359305687599144926740526502005681502958823", "price": "0.14", "size": "50", "side": "BUY", "hash": "36aaf1e6fe19ab0fc5616764037b0cb32564e76b", "best_bid": "0.67", "best_ask": "0.69"}, {"asset_id": "91609514063242777856043730063938310894548353925882406409927495687846407164056", "price": "0.86", "size": "50", "side": "SELL", "hash": "a656ce88035c4e7bc4da0a49907752a0f630e0f7", "best_bid": "0.31", "best_ask": "0.33"}], "timestamp": "1769384674708", "event_type": "price_change"}}
{"_local_timestamp": "2026-01-25T23:44:35.021022+00:00", "data": {"market": "0xa9c0c820fd79b4339ed4711288ce15236196a6015234350f42b37341e9094398", "price_changes": [{"asset_id": "78438315737001038193507108078052969359305687599144926740526502005681502958823", "price": "0.15", "size": "0", "side": "BUY", "hash": "b2e378fd24434a8865972f664c2ff44889109395", "best_bid": "0.67", "best_ask": "0.69"}, {"asset_id": "91609514063242777856043730063938310894548353925882406409927495687846407164056", "price": "0.85", "size": "0", "side": "SELL", "hash": "bd4317a44194140298c07010b12698d17172ecad", "best_bid": "0.31", "best_ask": "0.33"}], "timestamp": "1769384674746", "event_type": "price_change"}}
{"_local_timestamp": "2026-01-25T23:44:35.022051+00:00", "data": {"market": "0xa9c0c820fd79b4339ed4711288ce15236196a6015234350f42b37341e9094398", "price_changes": [{"asset_id": "78438315737001038193507108078052969359305687599144926740526502005681502958823", "price": "0.14", "size": "250", "side": "BUY", "hash": "83d2cf805c7d602d6f53e88bb615ead341c3c5db", "best_bid": "0.67", "best_ask": "0.69"}, {"asset_id": "91609514063242777856043730063938310894548353925882406409927495687846407164056", "price": "0.86", "size": "250", "side": "SELL", "hash": "d311a00f9e7e6594b1a06c6be1eebf2e8f94e2e9", "best_bid": "0.31", "best_ask": "0.33"}], "timestamp": "1769384674748", "event_type": "price_change"}}
{"_local_timestamp": "2026-01-25T23:44:35.228539+00:00", "data": {"market": "0xa9c0c820fd79b4339ed4711288ce15236196a6015234350f42b37341e9094398", "price_changes": [{"asset_id": "78438315737001038193507108078052969359305687599144926740526502005681502958823", "price": "0.15", "size": "200", "side": "BUY", "hash": "830be06fc813d880277dbd2955538b3b113413f4", "best_bid": "0.67", "best_ask": "0.69"}, {"asset_id": "91609514063242777856043730063938310894548353925882406409927495687846407164056", "price": "0.85", "size": "200", "side": "SELL", "hash": "fbd751ae62792f105dd9968b0f64f061999f7e00", "best_bid": "0.31", "best_ask": "0.33"}], "timestamp": "1769384674963", "event_type": "price_change"}}
{"_local_timestamp": "2026-01-25T23:44:37.029224+00:00", "data": {"market": "0xa9c0c820fd79b4339ed4711288ce15236196a6015234350f42b37341e9094398", "price_changes": [{"asset_id": "78438315737001038193507108078052969359305687599144926740526502005681502958823", "price": "0.16", "size": "200", "side": "BUY", "hash": "4f8bfcc58bf25dba05f0aa63568180893553de7a", "best_bid": "0.67", "best_ask": "0.69"}, {"asset_id": "91609514063242777856043730063938310894548353925882406409927495687846407164056", "price": "0.84", "size": "200", "side": "SELL", "hash": "96296c45b6b6c01786f80f248d77aa008e2077d1", "best_bid": "0.31", "best_ask": "0.33"}], "timestamp": "1769384676747", "event_type": "price_change"}}
{"_local_timestamp": "2026-01-25T23:44:37.040739+00:00", "data": {"market": "0xa9c0c820fd79b4339ed4711288ce15236196a6015234350f42b37341e9094398", "price_changes": [{"asset_id": "78438315737001038193507108078052969359305687599144926740526502005681502958823", "price": "0.14", "size": "50", "side": "BUY", "hash": "bc89388e706701ee4a0d2764ab88e998d0aa2059", "best_bid": "0.67", "best_ask": "0.69"}, {"asset_id": "91609514063242777856043730063938310894548353925882406409927495687846407164056", "price": "0.86", "size": "50", "side": "SELL", "hash": "516cd0c619fc8231be3a11fc54a74cac774885b2", "best_bid": "0.31", "best_ask": "0.33"}], "timestamp": "1769384676748", "event_type": "price_change"}}
{"_local_timestamp": "2026-01-25T23:44:46.409927+00:00", "data": {"market": "0xa9c0c820fd79b4339ed4711288ce15236196a6015234350f42b37341e9094398", "price_changes": [{"asset_id": "78438315737001038193507108078052969359305687599144926740526502005681502958823", "price": "0.15", "size": "0", "side": "BUY", "hash": "442e434db266f1b613e492e4d6de80a72baed710", "best_bid": "0.67", "best_ask": "0.69"}, {"asset_id": "91609514063242777856043730063938310894548353925882406409927495687846407164056", "price": "0.85", "size": "0", "side": "SELL", "hash": "7317d1b6c0b0dd97324d85241c16ebc2ff0326fd", "best_bid": "0.31", "best_ask": "0.33"}], "timestamp": "1769384686216", "event_type": "price_change"}}
{"_local_timestamp": "2026-01-25T23:44:46.458502+00:00", "data": {"market": "0xa9c0c820fd79b4339ed4711288ce15236196a6015234350f42b37341e9094398", "price_changes": [{"asset_id": "78438315737001038193507108078052969359305687599144926740526502005681502958823", "price": "0.16", "size": "0", "side": "BUY", "hash": "a763ebaeb25d2ba82cc10b0968a05e683b303cfd", "best_bid": "0.67", "best_ask": "0.69"}, {"asset_id": "91609514063242777856043730063938310894548353925882406409927495687846407164056", "price": "0.84", "size": "0", "side": "SELL", "hash": "6d54e92aca987e06979b6dea560e254eb09a3253", "best_bid": "0.31", "best_ask": "0.33"}], "timestamp": "1769384686255", "event_type": "price_change"}}
{"_local_timestamp": "2026-01-25T23:44:46.459487+00:00", "data": {"market": "0xa9c0c820fd79b4339ed4711288ce15236196a6015234350f42b37341e9094398", "price_changes": [{"asset_id": "78438315737001038193507108078052969359305687599144926740526502005681502958823", "price": "0.14", "size": "250", "side": "BUY", "hash": "a8dadf34c0c47d5c1cf5184e5e52d1887d5ce61c", "best_bid": "0.67", "best_ask": "0.69"}, {"asset_id": "91609514063242777856043730063938310894548353925882406409927495687846407164056", "price": "0.86", "size": "250", "side": "SELL", "hash": "1b39a61dcef7b4aad852a54774ae1f21a8e5195b", "best_bid": "0.31", "best_ask": "0.33"}], "timestamp": "1769384686255", "event_type": "price_change"}}
{"_local_timestamp": "2026-01-25T23:44:46.663138+00:00", "data": {"market": "0xa9c0c820fd79b4339ed4711288ce15236196a6015234350f42b37341e9094398", "price_changes": [{"asset_id": "78438315737001038193507108078052969359305687599144926740526502005681502958823", "price": "0.11", "size": "200", "side": "BUY", "hash": "42c6103ac14fce342096752044ec15c26aee916d", "best_bid": "0.67", "best_ask": "0.69"}, {"asset_id": "91609514063242777856043730063938310894548353925882406409927495687846407164056", "price": "0.89", "size": "200", "side": "SELL", "hash": "e09278598889d1ec722ba7a247f4655e41c3eb1c", "best_bid": "0.31", "best_ask": "0.33"}], "timestamp": "1769384686469", "event_type": "price_change"}}
{"_local_timestamp": "2026-01-25T23:44:57.927822+00:00", "data": {"market": "0xa9c0c820fd79b4339ed4711288ce15236196a6015234350f42b37341e9094398", "price_changes": [{"asset_id": "78438315737001038193507108078052969359305687599144926740526502005681502958823", "price": "0.11", "size": "0", "side": "BUY", "hash": "4acc35b4ffa0516ef8679f34c04845d511e52933", "best_bid": "0.67", "best_ask": "0.69"}, {"asset_id": "91609514063242777856043730063938310894548353925882406409927495687846407164056", "price": "0.89", "size": "0", "side": "SELL", "hash": "866eb42c6debb2fbbaa5f8c1b8d5a3556055bfa4", "best_bid": "0.31", "best_ask": "0.33"}], "timestamp": "1769384697854", "event_type": "price_change"}}
{"_local_timestamp": "2026-01-25T23:44:58.190491+00:00", "data": {"market": "0xa9c0c820fd79b4339ed4711288ce15236196a6015234350f42b37341e9094398", "price_changes": [{"asset_id": "78438315737001038193507108078052969359305687599144926740526502005681502958823", "price": "0.14", "size": "450", "side": "BUY", "hash": "f6c15b83fed7c38ebd4c75af28c8389caa6b8054", "best_bid": "0.67", "best_ask": "0.69"}, {"asset_id": "91609514063242777856043730063938310894548353925882406409927495687846407164056", "price": "0.86", "size": "450", "side": "SELL", "hash": "14237d99bf09a1e523284c024d6acfc399c96990", "best_bid": "0.31", "best_ask": "0.33"}], "timestamp": "1769384698120", "event_type": "price_change"}}
{"_local_timestamp": "2026-01-25T23:44:58.232921+00:00", "data": {"market": "0xa9c0c820fd79b4339ed4711288ce15236196a6015234350f42b37341e9094398", "price_changes": [{"asset_id": "78438315737001038193507108078052969359305687599144926740526502005681502958823", "price": "0.14", "size": "250", "side": "BUY", "hash": "745ed110eb78ded64c68bdd6b17e879f2fc33195", "best_bid": "0.67", "best_ask": "0.69"}, {"asset_id": "91609514063242777856043730063938310894548353925882406409927495687846407164056", "price": "0.86", "size": "250", "side": "SELL", "hash": "5cd1b2cb3fea35ba027baa8f475c3c28786cef1f", "best_bid": "0.31", "best_ask": "0.33"}], "timestamp": "1769384698160", "event_type": "price_change"}}
{"_local_timestamp": "2026-01-25T23:44:58.233898+00:00", "data": {"market": "0xa9c0c820fd79b4339ed4711288ce15236196a6015234350f42b37341e9094398", "price_changes": [{"asset_id": "78438315737001038193507108078052969359305687599144926740526502005681502958823", "price": "0.15", "size": "200", "side": "BUY", "hash": "da292d29d1bc09ec5759b6a0bcf75ab0d130cb30", "best_bid": "0.67", "best_ask": "0.69"}, {"asset_id": "91609514063242777856043730063938310894548353925882406409927495687846407164056", "price": "0.85", "size": "200", "side": "SELL", "hash": "ad77890abe1674af949e01f89c6ba3206d0ac861", "best_bid": "0.31", "best_ask": "0.33"}], "timestamp": "1769384698162", "event_type": "price_change"}}
{"_local_timestamp": "2026-01-25T23:45:08.728714+00:00", "data": {"market": "0xa9c0c820fd79b4339ed4711288ce15236196a6015234350f42b37341e9094398", "price_changes": [{"asset_id": "78438315737001038193507108078052969359305687599144926740526502005681502958823", "price": "0.14", "size": "50", "side": "BUY", "hash": "0e2ee21558c6aa244d209d730de1fdd665cc4de9", "best_bid": "0.67", "best_ask": "0.69"}, {"asset_id": "91609514063242777856043730063938310894548353925882406409927495687846407164056", "price": "0.86", "size": "50", "side": "SELL", "hash": "da46c725a2a1ee2aec570ba0dde5848aa2927f24", "best_bid": "0.31", "best_ask": "0.33"}], "timestamp": "1769384708658", "event_type": "price_change"}}
{"_local_timestamp": "2026-01-25T23:45:08.768441+00:00", "data": {"market": "0xa9c0c820fd79b4339ed4711288ce15236196a6015234350f42b37341e9094398", "price_changes": [{"asset_id": "78438315737001038193507108078052969359305687599144926740526502005681502958823", "price": "0.14", "size": "250", "side": "BUY", "hash": "7a36c7e86599be8b9c3e21e7872590915fee9cfe", "best_bid": "0.67", "best_ask": "0.69"}, {"asset_id": "91609514063242777856043730063938310894548353925882406409927495687846407164056", "price": "0.86", "size": "250", "side": "SELL", "hash": "793283a60263f3bc26eaa015fdd7023594b0535f", "best_bid": "0.31", "best_ask": "0.33"}], "timestamp": "1769384708698", "event_type": "price_change"}}
{"_local_timestamp": "2026-01-25T23:45:08.782894+00:00", "data": {"market": "0xa9c0c820fd79b4339ed4711288ce15236196a6015234350f42b37341e9094398", "price_changes": [{"asset_id": "78438315737001038193507108078052969359305687599144926740526502005681502958823", "price": "0.15", "size": "0", "side": "BUY", "hash": "f50089b4d039edda149626de1a44a4445e0796d0", "best_bid": "0.67", "best_ask": "0.69"}, {"asset_id": "91609514063242777856043730063938310894548353925882406409927495687846407164056", "price": "0.85", "size": "0", "side": "SELL", "hash": "c7aeac879a778a79fa51c3fc50c741c50202acd3", "best_bid": "0.31", "best_ask": "0.33"}], "timestamp": "1769384708703", "event_type": "price_change"}}
{"_local_timestamp": "2026-01-25T23:45:08.986525+00:00", "data": {"market": "0xa9c0c820fd79b4339ed4711288ce15236196a6015234350f42b37341e9094398", "price_changes": [{"asset_id": "78438315737001038193507108078052969359305687599144926740526502005681502958823", "price": "0.15", "size": "200", "side": "BUY", "hash": "10df6b13f200fc4664165f5be05cce20a266066f", "best_bid": "0.67", "best_ask": "0.69"}, {"asset_id": "91609514063242777856043730063938310894548353925882406409927495687846407164056", "price": "0.85", "size": "200", "side": "SELL", "hash": "386ca03a9da7804a09bce858005ece0942a14cc9", "best_bid": "0.31", "best_ask": "0.33"}], "timestamp": "1769384708915", "event_type": "price_change"}}
{"_local_timestamp": "2026-01-25T23:45:10.767082+00:00", "data": {"market": "0xa9c0c820fd79b4339ed4711288ce15236196a6015234350f42b37341e9094398", "price_changes": [{"asset_id": "78438315737001038193507108078052969359305687599144926740526502005681502958823", "price": "0.14", "size": "50", "side": "BUY", "hash": "77928aa26b34435acd6b32d666ccdf7eb3ca1445", "best_bid": "0.67", "best_ask": "0.69"}, {"asset_id": "91609514063242777856043730063938310894548353925882406409927495687846407164056", "price": "0.86", "size": "50", "side": "SELL", "hash": "774ef0b27e622bb73a9a5624e7fbc8a4701f3bf3", "best_bid": "0.31", "best_ask": "0.33"}], "timestamp": "1769384710700", "event_type": "price_change"}}
{"_local_timestamp": "2026-01-25T23:45:10.768181+00:00", "data": {"market": "0xa9c0c820fd79b4339ed4711288ce15236196a6015234350f42b37341e9094398", "price_changes": [{"asset_id": "78438315737001038193507108078052969359305687599144926740526502005681502958823", "price": "0.16", "size": "200", "side": "BUY", "hash": "79101970c13d662640afa0742448943502314b72", "best_bid": "0.67", "best_ask": "0.69"}, {"asset_id": "91609514063242777856043730063938310894548353925882406409927495687846407164056", "price": "0.84", "size": "200", "side": "SELL", "hash": "47ea4d3346bd5e7b19ff301a2f7b7dd14cdbec83", "best_bid": "0.31", "best_ask": "0.33"}], "timestamp": "1769384710701", "event_type": "price_change"}}
{"_local_timestamp": "2026-01-25T23:45:17.947331+00:00", "data": {"market": "0xa9c0c820fd79b4339ed4711288ce15236196a6015234350f42b37341e9094398", "price_changes": [{"asset_id": "91609514063242777856043730063938310894548353925882406409927495687846407164056", "price": "0.34", "size": "0", "side": "SELL", "hash": "d0cb5559dd8466f47a3024e97a42e36849b4e297", "best_bid": "0.31", "best_ask": "0.33"}, {"asset_id": "78438315737001038193507108078052969359305687599144926740526502005681502958823", "price": "0.66", "size": "0", "side": "BUY", "hash": "d31595f42ad35ecf611d776edd0f655a899b1375", "best_bid": "0.67", "best_ask": "0.69"}], "timestamp": "1769384717873", "event_type": "price_change"}}
{"_local_timestamp": "2026-01-25T23:45:18.890558+00:00", "data": {"market": "0xa9c0c820fd79b4339ed4711288ce15236196a6015234350f42b37341e9094398", "price_changes": [{"asset_id": "91609514063242777856043730063938310894548353925882406409927495687846407164056", "price": "0.34", "size": "6.8", "side": "SELL", "hash": "358274e9e223f7b59ae0b588883e5bb2003034ea", "best_bid": "0.31", "best_ask": "0.33"}, {"asset_id": "78438315737001038193507108078052969359305687599144926740526502005681502958823", "price": "0.66", "size": "6.8", "side": "BUY", "hash": "6c851e001bf488421a75ebcd11a32a9e9b750366", "best_bid": "0.67", "best_ask": "0.69"}], "timestamp": "1769384718824", "event_type": "price_change"}}
{"_local_timestamp": "2026-01-25T23:45:20.128812+00:00", "data": {"market": "0xa9c0c820fd79b4339ed4711288ce15236196a6015234350f42b37341e9094398", "price_changes": [{"asset_id": "78438315737001038193507108078052969359305687599144926740526502005681502958823", "price": "0.15", "size": "0", "side": "BUY", "hash": "e2faf80a26d35a85fb7c610e66c5626aec2219eb", "best_bid": "0.67", "best_ask": "0.69"}, {"asset_id": "91609514063242777856043730063938310894548353925882406409927495687846407164056", "price": "0.85", "size": "0", "side": "SELL", "hash": "b6c723d15d5ac657b7b8fe9a82334a2c641420da", "best_bid": "0.31", "best_ask": "0.33"}], "timestamp": "1769384720052", "event_type": "price_change"}}
{"_local_timestamp": "2026-01-25T23:45:20.170833+00:00", "data": {"market": "0xa9c0c820fd79b4339ed4711288ce15236196a6015234350f42b37341e9094398", "price_changes": [{"asset_id": "78438315737001038193507108078052969359305687599144926740526502005681502958823", "price": "0.14", "size": "250", "side": "BUY", "hash": "f0f51158884459052200466376001ab509a9d081", "best_bid": "0.67", "best_ask": "0.69"}, {"asset_id": "91609514063242777856043730063938310894548353925882406409927495687846407164056", "price": "0.86", "size": "250", "side": "SELL", "hash": "bd7778cb0241c1d0d8d99c01f27df1287780ca2a", "best_bid": "0.31", "best_ask": "0.33"}], "timestamp": "1769384720105", "event_type": "price_change"}}
{"_local_timestamp": "2026-01-25T23:45:20.171896+00:00", "data": {"market": "0xa9c0c820fd79b4339ed4711288ce15236196a6015234350f42b37341e9094398", "price_changes": [{"asset_id": "78438315737001038193507108078052969359305687599144926740526502005681502958823", "price": "0.16", "size": "0", "side": "BUY", "hash": "39b3fa0cc327639d8487aa7ec8ad3bb4aed6cd58", "best_bid": "0.67", "best_ask": "0.69"}, {"asset_id": "91609514063242777856043730063938310894548353925882406409927495687846407164056", "price": "0.84", "size": "0", "side": "SELL", "hash": "3081c44a328b014602cd8999d5ad0b1df70d2d3f", "best_bid": "0.31", "best_ask": "0.33"}], "timestamp": "1769384720106", "event_type": "price_change"}}
{"_local_timestamp": "2026-01-25T23:45:20.372864+00:00", "data": {"market": "0xa9c0c820fd79b4339ed4711288ce15236196a6015234350f42b37341e9094398", "price_changes": [{"asset_id": "78438315737001038193507108078052969359305687599144926740526502005681502958823", "price": "0.11", "size": "200", "side": "BUY", "hash": "739642f2edc33931637c0c2cad8c758f8867d885", "best_bid": "0.67", "best_ask": "0.69"}, {"asset_id": "91609514063242777856043730063938310894548353925882406409927495687846407164056", "price": "0.89", "size": "200", "side": "SELL", "hash": "eae4e2d8ee7a245f63c06472a9113c5be16b66e6", "best_bid": "0.31", "best_ask": "0.33"}], "timestamp": "1769384720306", "event_type": "price_change"}}
{"_local_timestamp": "2026-01-25T23:45:31.925736+00:00", "data": {"market": "0xa9c0c820fd79b4339ed4711288ce15236196a6015234350f42b37341e9094398", "price_changes": [{"asset_id": "78438315737001038193507108078052969359305687599144926740526502005681502958823", "price": "0.11", "size": "0", "side": "BUY", "hash": "89cb7916482443828283bf52e50203d7ac8515c9", "best_bid": "0.67", "best_ask": "0.69"}, {"asset_id": "91609514063242777856043730063938310894548353925882406409927495687846407164056", "price": "0.89", "size": "0", "side": "SELL", "hash": "2d926eb8754f3416664795cc88cf9bc2345a6128", "best_bid": "0.31", "best_ask": "0.33"}], "timestamp": "1769384731853", "event_type": "price_change"}}
{"_local_timestamp": "2026-01-25T23:45:32.192007+00:00", "data": {"market": "0xa9c0c820fd79b4339ed4711288ce15236196a6015234350f42b37341e9094398", "price_changes": [{"asset_id": "78438315737001038193507108078052969359305687599144926740526502005681502958823", "price": "0.14", "size": "450", "side": "BUY", "hash": "7c328eced391423b59c5119af570d15ebc9f29ff", "best_bid": "0.67", "best_ask": "0.69"}, {"asset_id": "91609514063242777856043730063938310894548353925882406409927495687846407164056", "price": "0.86", "size": "450", "side": "SELL", "hash": "58ade073eff77bc545108417e61ada92b1631718", "best_bid": "0.31", "best_ask": "0.33"}], "timestamp": "1769384732119", "event_type": "price_change"}}
{"_local_timestamp": "2026-01-25T23:45:32.231345+00:00", "data": {"market": "0xa9c0c820fd79b4339ed4711288ce15236196a6015234350f42b37341e9094398", "price_changes": [{"asset_id": "78438315737001038193507108078052969359305687599144926740526502005681502958823", "price": "0.15", "size": "200", "side": "BUY", "hash": "296263be415c1ff34e0d729b8d5a1a4f038e99dd", "best_bid": "0.67", "best_ask": "0.69"}, {"asset_id": "91609514063242777856043730063938310894548353925882406409927495687846407164056", "price": "0.85", "size": "200", "side": "SELL", "hash": "113d9dab3ba07169215252338ac8fb5224e86231", "best_bid": "0.31", "best_ask": "0.33"}], "timestamp": "1769384732157", "event_type": "price_change"}}
{"_local_timestamp": "2026-01-25T23:45:32.238047+00:00", "data": {"market": "0xa9c0c820fd79b4339ed4711288ce15236196a6015234350f42b37341e9094398", "price_changes": [{"asset_id": "78438315737001038193507108078052969359305687599144926740526502005681502958823", "price": "0.14", "size": "250", "side": "BUY", "hash": "8ec71afde94c3091601f60b362167b667c369b2b", "best_bid": "0.67", "best_ask": "0.69"}, {"asset_id": "91609514063242777856043730063938310894548353925882406409927495687846407164056", "price": "0.86", "size": "250", "side": "SELL", "hash": "525971933f6ae3a8e1a6d0148aea81ecd42fe2cf", "best_bid": "0.31", "best_ask": "0.33"}], "timestamp": "1769384732167", "event_type": "price_change"}}
{"_local_timestamp": "2026-01-25T23:45:34.213894+00:00", "data": {"market": "0xa9c0c820fd79b4339ed4711288ce15236196a6015234350f42b37341e9094398", "price_changes": [{"asset_id": "78438315737001038193507108078052969359305687599144926740526502005681502958823", "price": "0.15", "size": "0", "side": "BUY", "hash": "42f73fbefa2e78df28b95a2ebb8a9c187553e3cd", "best_bid": "0.67", "best_ask": "0.69"}, {"asset_id": "91609514063242777856043730063938310894548353925882406409927495687846407164056", "price": "0.85", "size": "0", "side": "SELL", "hash": "4e822f45238d1a306986650fe1fae0eb3dabb7bb", "best_bid": "0.31", "best_ask": "0.33"}], "timestamp": "1769384734150", "event_type": "price_change"}}
{"_local_timestamp": "2026-01-25T23:45:34.256707+00:00", "data": {"market": "0xa9c0c820fd79b4339ed4711288ce15236196a6015234350f42b37341e9094398", "price_changes": [{"asset_id": "78438315737001038193507108078052969359305687599144926740526502005681502958823", "price": "0.15", "size": "200", "side": "BUY", "hash": "ffbe85ccb1ab60384d8bb5b6b1f5ae28db28637c", "best_bid": "0.67", "best_ask": "0.69"}, {"asset_id": "91609514063242777856043730063938310894548353925882406409927495687846407164056", "price": "0.85", "size": "200", "side": "SELL", "hash": "f81d9481db880c446ccdb713a36ccef223c6b038", "best_bid": "0.31", "best_ask": "0.33"}], "timestamp": "1769384734189", "event_type": "price_change"}}
{"_local_timestamp": "2026-01-25T23:45:44.530680+00:00", "data": {"market": "0xa9c0c820fd79b4339ed4711288ce15236196a6015234350f42b37341e9094398", "price_changes": [{"asset_id": "78438315737001038193507108078052969359305687599144926740526502005681502958823", "price": "0.14", "size": "50", "side": "BUY", "hash": "6893f3ec64ed0da7f0c7e9897456d822c169c593", "best_bid": "0.67", "best_ask": "0.69"}, {"asset_id": "91609514063242777856043730063938310894548353925882406409927495687846407164056", "price": "0.86", "size": "50", "side": "SELL", "hash": "1cd717bf1cd016acdc0a3a9f36c92b175104f3e0", "best_bid": "0.31", "best_ask": "0.33"}], "timestamp": "1769384744450", "event_type": "price_change"}}
{"_local_timestamp": "2026-01-25T23:45:44.556729+00:00", "data": {"market": "0xa9c0c820fd79b4339ed4711288ce15236196a6015234350f42b37341e9094398", "price_changes": [{"asset_id": "78438315737001038193507108078052969359305687599144926740526502005681502958823", "price": "0.15", "size": "0", "side": "BUY", "hash": "ac2938496b091c6315e785d8bb409460f15c1f79", "best_bid": "0.67", "best_ask": "0.69"}, {"asset_id": "91609514063242777856043730063938310894548353925882406409927495687846407164056", "price": "0.85", "size": "0", "side": "SELL", "hash": "16504b4369aadc4347c88aab3c207c7fac97a256", "best_bid": "0.31", "best_ask": "0.33"}], "timestamp": "1769384744490", "event_type": "price_change"}}
{"_local_timestamp": "2026-01-25T23:45:44.557712+00:00", "data": {"market": "0xa9c0c820fd79b4339ed4711288ce15236196a6015234350f42b37341e9094398", "price_changes": [{"asset_id": "78438315737001038193507108078052969359305687599144926740526502005681502958823", "price": "0.14", "size": "250", "side": "BUY", "hash": "d24b6fc95d5435c14038e08bb875423cd68f2200", "best_bid": "0.67", "best_ask": "0.69"}, {"asset_id": "91609514063242777856043730063938310894548353925882406409927495687846407164056", "price": "0.86", "size": "250", "side": "SELL", "hash": "f7124b39ab27bc8fdda3d1b2dcea1a7e459d9cd9", "best_bid": "0.31", "best_ask": "0.33"}], "timestamp": "1769384744493", "event_type": "price_change"}}
{"_local_timestamp": "2026-01-25T23:45:44.773801+00:00", "data": {"market": "0xa9c0c820fd79b4339ed4711288ce15236196a6015234350f42b37341e9094398", "price_changes": [{"asset_id": "78438315737001038193507108078052969359305687599144926740526502005681502958823", "price": "0.15", "size": "200", "side": "BUY", "hash": "91bf9e0883fd821456a7e9eda2a7192810d27eaa", "best_bid": "0.67", "best_ask": "0.69"}, {"asset_id": "91609514063242777856043730063938310894548353925882406409927495687846407164056", "price": "0.85", "size": "200", "side": "SELL", "hash": "453c97e51c8c27bc3dbcfad2eef6100fee60cd51", "best_bid": "0.31", "best_ask": "0.33"}], "timestamp": "1769384744710", "event_type": "price_change"}}
{"_local_timestamp": "2026-01-25T23:45:46.559030+00:00", "data": {"market": "0xa9c0c820fd79b4339ed4711288ce15236196a6015234350f42b37341e9094398", "price_changes": [{"asset_id": "78438315737001038193507108078052969359305687599144926740526502005681502958823", "price": "0.14", "size": "50", "side": "BUY", "hash": "30169eeb41a0eb54a2a221c31961dbe109a56189", "best_bid": "0.67", "best_ask": "0.69"}, {"asset_id": "91609514063242777856043730063938310894548353925882406409927495687846407164056", "price": "0.86", "size": "50", "side": "SELL", "hash": "b9bbfe34c52c0be68984626fdf0572e7695c97d4", "best_bid": "0.31", "best_ask": "0.33"}], "timestamp": "1769384746489", "event_type": "price_change"}}
