{"_local_timestamp": "2026-01-25T23:34:06.222416+00:00", "data": [{"market": "0xd1d3b2a54e39bed95f2c6e1df1ab741ac680531458edf624511a97c78c0494c5", "asset_id": "34041003396294651296798651726319253169189817056565732232167191226466477107465", "timestamp": "1769384033428", "hash": "d9d1003c958d23b6f4d910f52b607fcf60899b4e", "bids": [{"price": "0.01", "size": "1280"}, {"price": "0.02", "size": "158.84"}, {"price": "0.04", "size": "550"}, {"price": "0.05", "size": "16.46"}, {"price": "0.1", "size": "100"}, {"price": "0.17", "size": "300"}, {"price": "0.18", "size": "844"}, {"price": "0.19", "size": "200"}, {"price": "0.2", "size": "50"}, {"price": "0.21", "size": "125"}, {"price": "0.22", "size": "75"}, {"price": "0.23", "size": "56.52"}, {"price": "0.24", "size": "1045.83"}, {"price": "0.25", "size": "500"}, {"price": "0.26", "size": "220"}, {"price": "0.3", "size": "77.04"}, {"price": "0.31", "size": "58"}], "asks": [{"price": "0.99", "size": "2989.9"}, {"price": "0.98", "size": "2450"}, {"price": "0.97", "size": "10.34"}, {"price": "0.94", "size": "2000"}, {"price": "0.92", "size": "500"}, {"price": "0.9", "size": "75"}, {"price": "0.89", "size": "5.36"}, {"price": "0.86", "size": "750"}, {"price": "0.8", "size": "200"}, {"price": "0.73", "size": "200"}, {"price": "0.58", "size": "300"}, {"price": "0.53", "size": "1044"}, {"price": "0.51", "size": "125"}, {"price": "0.5", "size": "80"}, {"price": "0.48", "size": "75"}, {"price": "0.47", "size": "24.52"}, {"price": "0.46", "size": "20.37"}, {"price": "0.42", "size": "1000"}, {"price": "0.41", "size": "500"}, {"price": "0.4", "size": "166"}, {"price": "0.37", "size": "114.52"}, {"price": "0.36", "size": "45.73"}], "event_type": "book", "last_trade_price": "0.640"}, {"market": "0xd1d3b2a54e39bed95f2c6e1df1ab741ac680531458edf624511a97c78c0494c5", "asset_id": "25801117829295311231684771497097686765686003525436934988888684579966475010757", "timestamp": "1769384033428", "hash": "9b87160980b5c3a2a10274897833af169f471b5a", "bids": [{"price": "0.01", "size": "2989.9"}, {"price": "0.02", "size": "2450"}, {"price": "0.03", "size": "10.34"}, {"price": "0.06", "size": "2000"}, {"price": "0.08", "size": "500"}, {"price": "0.1", "size": "75"}, {"price": "0.11", "size": "5.36"}, {"price": "0.14", "size": "750"}, {"price": "0.2", "size": "200"}, {"price": "0.27", "size": "200"}, {"price": "0.42", "size": "300"}, {"price": "0.47", "size": "1044"}, {"price": "0.49", "size": "125"}, {"price": "0.5", "size": "80"}, {"price": "0.52", "size": "75"}, {"price": "0.53", "size": "24.52"}, {"price": "0.54", "size": "20.37"}, {"price": "0.58", "size": "1000"}, {"price": "0.59", "size": "500"}, {"price": "0.6", "size": "166"}, {"price": "0.63", "size": "114.52"}, {"price": "0.64", "size": "45.73"}], "asks": [{"price": "0.99", "size": "1280"}, {"price": "0.98", "size": "158.84"}, {"price": "0.96", "size": "550"}, {"price": "0.95", "size": "16.46"}, {"price": "0.9", "size": "100"}, {"price": "0.83", "size": "300"}, {"price": "0.82", "size": "844"}, {"price": "0.81", "size": "200"}, {"price": "0.8", "size": "50"}, {"price": "0.79", "size": "125"}, {"price": "0.78", "size": "75"}, {"price": "0.77", "size": "56.52"}, {"price": "0.76", "size": "1045.83"}, {"price": "0.75", "size": "500"}, {"price": "0.74", "size": "220"}, {"price": "0.7", "size": "77.04"}, {"price": "0.69", "size": "58"}], "event_type": "book", "last_trade_price": "0.640"}]}
{"_local_timestamp": "2026-01-25T23:34:35.932895+00:00", "data": {"market": "0xd1d3b2a54e39bed95f2c6e1df1ab741ac680531458edf624511a97c78c0494c5", "price_changes": [{"asset_id": "34041003396294651296798651726319253169189817056565732232167191226466477107465", "price": "0.36", "size": "25.65", "side": "SELL", "hash": "0aa3dfe8d4d0fef3df921f8f0bedfd567bbf07dd", "best_bid": "0.31", "best_ask": "0.36"}, {"asset_id": "25801117829295311231684771497097686765686003525436934988888684579966475010757", "price": "0.64", "size": "25.65", "side": "BUY", "hash": "7fb112a94094c7063e37d2d2b880ce96403b9329", "best_bid": "0.64", "best_ask": "0.69"}], "timestamp": "1769384075853", "event_type": "price_change"}}
{"_local_timestamp": "2026-01-25T23:34:49.570429+00:00", "data": {"market": "0xd1d3b2a54e39bed95f2c6e1df1ab741ac680531458edf624511a97c78c0494c5", "price_changes": [{"asset_id": "34041003396294651296798651726319253169189817056565732232167191226466477107465", "price": "0.36", "size": "35.69", "side": "SELL", "hash": "01db21dea3cb8ace6a7a9597818a50d2fd8cd183", "best_bid": "0.31", "best_ask": "0.36"}, {"asset_id": "25801117829295311231684771497097686765686003525436934988888684579966475010757", "price": "0.64", "size": "35.69", "side": "BUY", "hash": "eb9fc0ffb3fee702ed009f0eac1d8ffdd0c75bc0", "best_bid": "0.64", "best_ask": "0.69"}], "timestamp": "1769384089497", "event_type": "price_change"}}
{"_local_timestamp": "2026-01-25T23:34:49.571122+00:00", "data": {"market": "0xd1d3b2a54e39bed95f2c6e1df1ab741ac680531458edf624511a97c78c0494c5", "price_changes": [{"asset_id": "34041003396294651296798651726319253169189817056565732232167191226466477107465", "price": "0.36", "size": "45.73", "side": "SELL", "hash": "a243415abc0db96803f8a37d4c8f062f42dc9b9a", "best_bid": "0.31", "best_ask": "0.36"}, {"asset_id": "25801117829295311231684771497097686765686003525436934988888684579966475010757", "price": "0.64", "size": "45.73", "side": "BUY", "hash": "f6f0b6faa7ee483d94c23f1dfbc067149ba5917c", "best_bid": "0.64", "best_ask": "0.69"}], "timestamp": "1769384089498", "event_type": "price_change"}}
{"_local_timestamp": "2026-01-25T23:35:31.427754+00:00", "data": {"market": "0xd1d3b2a54e39bed95f2c6e1df1ab741ac680531458edf624511a97c78c0494c5", "price_changes": [{"asset_id": "34041003396294651296798651726319253169189817056565732232167191226466477107465", "price": "0.31", "size": "0", "side": "BUY", "hash": "6ae283648e1e6cc68ade36a4e8dee0aa4d12c303", "best_bid": "0.3", "best_ask": "0.36"}, {"asset_id": "25801117829295311231684771497097686765686003525436934988888684579966475010757", "price": "0.69", "size": "0", "side": "SELL", "hash": "6c082cf9ff7705d47840a90c8ce0c5008321188a", "best_bid": "0.64", "best_ask": "0.7"}], "timestamp": "1769384131242", "event_type": "price_change"}}
{"_local_timestamp": "2026-01-25T23:35:32.706642+00:00", "data": {"market": "0xd1d3b2a54e39bed95f2c6e1df1ab741ac680531458edf624511a97c78c0494c5", "price_changes": [{"asset_id": "34041003396294651296798651726319253169189817056565732232167191226466477107465", "price": "0.36", "size": "25.65", "side": "SELL", "hash": "4aa5690990a9c938d4a0d4af4858f2858c0f985e", "best_bid": "0.3", "best_ask": "0.36"}, {"asset_id": "25801117829295311231684771497097686765686003525436934988888684579966475010757", "price": "0.64", "size": "25.65", "side": "BUY", "hash": "0aad07b5f15212631bd2edc97b5ac2e7bcd0ea64", "best_bid": "0.64", "best_ask": "0.7"}], "timestamp": "1769384132634", "event_type": "price_change"}}
{"_local_timestamp": "2026-01-25T23:35:57.191913+00:00", "data": {"market": "0xd1d3b2a54e39bed95f2c6e1df1ab741ac680531458edf624511a97c78c0494c5", "price_changes": [{"asset_id": "34041003396294651296798651726319253169189817056565732232167191226466477107465", "price": "0.36", "size": "35.69", "side": "SELL", "hash": "e1d6918af4be257721951dbff01f99c2dc7b957d", "best_bid": "0.3", "best_ask": "0.36"}, {"asset_id": "25801117829295311231684771497097686765686003525436934988888684579966475010757", "price": "0.64", "size": "35.69", "side": "BUY", "hash": "d5ce6dbf5c02a3e6c4be1db06589fc83e373c383", "best_bid": "0.64", "best_ask": "0.7"}], "timestamp": "1769384157121", "event_type": "price_change"}}
{"_local_timestamp": "2026-01-25T23:35:57.198186+00:00", "data": {"market": "0xd1d3b2a54e39bed95f2c6e1df1ab741ac680531458edf624511a97c78c0494c5", "price_changes": [{"asset_id": "34041003396294651296798651726319253169189817056565732232167191226466477107465", "price": "0.36", "size": "45.73", "side": "SELL", "hash": "7be5352dcd2b4d7983b519c6ed53f57dde34b267", "best_bid": "0.3", "best_ask": "0.36"}, {"asset_id": "25801117829295311231684771497097686765686003525436934988888684579966475010757", "price": "0.64", "size": "45.73", "side": "BUY", "hash": "0fa80fea5ba59026dbbd90d164cd524ed38f6404", "best_bid": "0.64", "best_ask": "0.7"}], "timestamp": "1769384157121", "event_type": "price_change"}}
{"_local_timestamp": "2026-01-25T23:36:07.569327+00:00", "data": {"market": "0xd1d3b2a54e39bed95f2c6e1df1ab741ac680531458edf624511a97c78c0494c5", "price_changes": [{"asset_id": "34041003396294651296798651726319253169189817056565732232167191226466477107465", "price": "0.31", "size": "6.45", "side": "BUY", "hash": "08a7c2c0be47a9a6c3c1086f8a47608cf90aac31", "best_bid": "0.31", "best_ask": "0.36"}, {"asset_id": "25801117829295311231684771497097686765686003525436934988888684579966475010757", "price": "0.69", "size": "6.45", "side": "SELL", "hash": "718541214827d73b1678447398f76e1f2d346143", "best_bid": "0.64", "best_ask": "0.69"}], "timestamp": "1769384167481", "event_type": "price_change"}}
{"_local_timestamp": "2026-01-25T23:36:34.029026+00:00", "data": {"market": "0xd1d3b2a54e39bed95f2c6e1df1ab741ac680531458edf624511a97c78c0494c5", "price_changes": [{"asset_id": "34041003396294651296798651726319253169189817056565732232167191226466477107465", "price": "0.31", "size": "35.45", "side": "BUY", "hash": "844747bd1b523c93872e77744bcc3f06c5431c59", "best_bid": "0.31", "best_ask": "0.36"}, {"asset_id": "25801117829295311231684771497097686765686003525436934988888684579966475010757", "price": "0.69", "size": "35.45", "side": "SELL", "hash": "0f696f099197a3b305d9b109d0109e403ce1e7f9", "best_bid": "0.64", "best_ask": "0.69"}], "timestamp": "1769384193952", "event_type": "price_change"}}
{"_local_timestamp": "2026-01-25T23:36:46.511000+00:00", "data": {"market": "0xd1d3b2a54e39bed95f2c6e1df1ab741ac680531458edf624511a97c78c0494c5", "price_changes": [{"asset_id": "34041003396294651296798651726319253169189817056565732232167191226466477107465", "price": "0.36", "size": "25.65", "side": "SELL", "hash": "26d76ccb9e63108940ffc10adcd5f618b9d92502", "best_bid": "0.31", "best_ask": "0.36"}, {"asset_id": "25801117829295311231684771497097686765686003525436934988888684579966475010757", "price": "0.64", "size": "25.65", "side": "BUY", "hash": "d51068015ed1134979a6b5a4da67b63bb195a6e2", "best_bid": "0.64", "best_ask": "0.69"}], "timestamp": "1769384206363", "event_type": "price_change"}}
{"_local_timestamp": "2026-01-25T23:37:04.032408+00:00", "data": {"market": "0xd1d3b2a54e39bed95f2c6e1df1ab741ac680531458edf624511a97c78c0494c5", "price_changes": [{"asset_id": "34041003396294651296798651726319253169189817056565732232167191226466477107465", "price": "0.36", "size": "35.69", "side": "SELL", "hash": "433648110e3d1bc642656a9b434deae9dc372f0c", "best_bid": "0.31", "best_ask": "0.36"}, {"asset_id": "25801117829295311231684771497097686765686003525436934988888684579966475010757", "price": "0.64", "size": "35.69", "side": "BUY", "hash": "e97fbef16ebcfc97a5c63ff26582e04450345466", "best_bid": "0.64", "best_ask": "0.69"}], "timestamp": "1769384223864", "event_type": "price_change"}}
{"_local_timestamp": "2026-01-25T23:37:04.041017+00:00", "data": {"market": "0xd1d3b2a54e39bed95f2c6e1df1ab741ac680531458edf624511a97c78c0494c5", "price_changes": [{"asset_id": "34041003396294651296798651726319253169189817056565732232167191226466477107465", "price": "0.36", "size": "45.73", "side": "SELL", "hash": "8113abf8d5e61c145a025741f0287fd58e66051c", "best_bid": "0.31", "best_ask": "0.36"}, {"asset_id": "25801117829295311231684771497097686765686003525436934988888684579966475010757", "price": "0.64", "size": "45.73", "side": "BUY", "hash": "02ddc7ea477b152c13d7d3ffafbcd2650b8830ed", "best_bid": "0.64", "best_ask": "0.69"}], "timestamp": "1769384223869", "event_type": "price_change"}}
{"_local_timestamp": "2026-01-25T23:38:12.865172+00:00", "data": {"market": "0xd1d3b2a54e39bed95f2c6e1df1ab741ac680531458edf624511a97c78c0494c5", "price_changes": [{"asset_id": "34041003396294651296798651726319253169189817056565732232167191226466477107465", "price": "0.36", "size": "35.69", "side": "SELL", "hash": "255915cb8c4e39e4f65aa351d97f0c509b61334f", "best_bid": "0.31", "best_ask": "0.36"}, {"asset_id": "25801117829295311231684771497097686765686003525436934988888684579966475010757", "price": "0.64", "size": "35.69", "side": "BUY", "hash": "7cdd98f4fc7cd77b4b6818b0717f2327d40155bf", "best_bid": "0.64", "best_ask": "0.69"}], "timestamp": "1769384292790", "event_type": "price_change"}}
{"_local_timestamp": "2026-01-25T23:38:12.866139+00:00", "data": {"market": "0xd1d3b2a54e39bed95f2c6e1df1ab741ac680531458edf624511a97c78c0494c5", "price_changes": [{"asset_id": "34041003396294651296798651726319253169189817056565732232167191226466477107465", "price": "0.36", "size": "25.65", "side": "SELL", "hash": "39b3d804a5154f6a2e34f2cb0dd8ecefe2757595", "best_bid": "0.31", "best_ask": "0.36"}, {"asset_id": "25801117829295311231684771497097686765686003525436934988888684579966475010757", "price": "0.64", "size": "25.65", "side": "BUY", "hash": "75bb51b2124a29667f5d3f78ec4f842a684f7bc5", "best_bid": "0.64", "best_ask": "0.69"}], "timestamp": "1769384292797", "event_type": "price_change"}}
{"_local_timestamp": "2026-01-25T23:38:26.051562+00:00", "data": {"market": "0xd1d3b2a54e39bed95f2c6e1df1ab741ac680531458edf624511a97c78c0494c5", "price_changes": [{"asset_id": "34041003396294651296798651726319253169189817056565732232167191226466477107465", "price": "0.36", "size": "35.69", "side": "SELL", "hash": "dc43323047526f16aa2754094e081ab7c4ef439f", "best_bid": "0.31", "best_ask": "0.36"}, {"asset_id": "25801117829295311231684771497097686765686003525436934988888684579966475010757", "price": "0.64", "size": "35.69", "side": "BUY", "hash": "7b107fd26f976469bd98639127a2edc73e3be70d", "best_bid": "0.64", "best_ask": "0.69"}], "timestamp": "1769384305985", "event_type": "price_change"}}
{"_local_timestamp": "2026-01-25T23:38:26.052036+00:00", "data": {"market": "0xd1d3b2a54e39bed95f2c6e1df1ab741ac680531458edf624511a97c78c0494c5", "price_changes": [{"asset_id": "34041003396294651296798651726319253169189817056565732232167191226466477107465", "price": "0.36", "size": "45.73", "side": "SELL", "hash": "8feff3d6c4ce4123bc7656cf175c8b3fe562ef7c", "best_bid": "0.31", "best_ask": "0.36"}, {"asset_id": "25801117829295311231684771497097686765686003525436934988888684579966475010757", "price": "0.64", "size": "45.73", "side": "BUY", "hash": "8a7121985acbde360fe071ba1308eaa09139a318", "best_bid": "0.64", "best_ask": "0.69"}], "timestamp": "1769384305985", "event_type": "price_change"}}
