{"_local_timestamp": "2026-01-25T23:34:02.191816+00:00", "data": [{"market": "0xa9c0c820fd79b4339ed4711288ce15236196a6015234350f42b37341e9094398", "asset_id": "78438315737001038193507108078052969359305687599144926740526502005681502958823", "timestamp": "1769384036533", "hash": "e59b59867bd31c617a61c573787384bfb6896c15", "bids": [{"price": "0.01", "size": "3089.88"}, {"price": "0.02", "size": "2450"}, {"price": "0.03", "size": "9.24"}, {"price": "0.07", "size": "2000"}, {"price": "0.08", "size": "800"}, {"price": "0.09", "size": "250"}, {"price": "0.1", "size": "6.23"}, {"price": "0.11", "size": "200"}, {"price": "0.14", "size": "250"}, {"price": "0.2", "size": "400"}, {"price": "0.27", "size": "200"}, {"price": "0.31", "size": "833"}, {"price": "0.34", "size": "100"}, {"price": "0.36", "size": "300"}, {"price": "0.41", "size": "200"}, {"price": "0.44", "size": "125"}, {"price": "0.47", "size": "75"}, {"price": "0.5", "size": "280"}, {"price": "0.54", "size": "200"}, {"price": "0.56", "size": "156.21"}, {"price": "0.57", "size": "19.29"}, {"price": "0.64", "size": "1050"}, {"price": "0.65", "size": "269.54"}, {"price": "0.66", "size": "6.8"}, {"price": "0.67", "size": "10"}], "asks": [{"price": "0.99", "size": "2380"}, {"price": "0.98", "size": "156.21"}, {"price": "0.97", "size": "250"}, {"price": "0.96", "size": "21.89"}, {"price": "0.9", "size": "100"}, {"price": "0.88", "size": "300"}, {"price": "0.86", "size": "200"}, {"price": "0.85", "size": "1058"}, {"price": "0.84", "size": "75"}, {"price": "0.82", "size": "1000"}, {"price": "0.81", "size": "493.76"}, {"price": "0.8", "size": "64.17"}, {"price": "0.78", "size": "259.09"}, {"price": "0.77", "size": "47.82"}, {"price": "0.75", "size": "1576.5"}, {"price": "0.74", "size": "666.02"}, {"price": "0.73", "size": "534.85"}, {"price": "0.72", "size": "4618.49"}, {"price": "0.71", "size": "536.09"}, {"price": "0.7", "size": "4"}, {"price": "0.69", "size": "5.65"}], "event_type": "book", "last_trade_price": "0.310"}, {"market": "0xa9c0c820fd79b4339ed4711288ce15236196a6015234350f42b37341e9094398", "asset_id": "91609514063242777856043730063938310894548353925882406409927495687846407164056", "timestamp": "1769384036533", "hash": "fff9d01fdd58476be0423781795e222d57a0d5d5", "bids": [{"price": "0.01", "size": "2380"}, {"price": "0.02", "size": "156.21"}, {"price": "0.03", "size": "250"}, {"price": "0.04", "size": "21.89"}, {"price": "0.1", "size": "100"}, {"price": "0.12", "size": "300"}, {"price": "0.14", "size": "200"}, {"price": "0.15", "size": "1058"}, {"price": "0.16", "size": "75"}, {"price": "0.18", "size": "1000"}, {"price": "0.19", "size": "493.76"}, {"price": "0.2", "size": "64.17"}, {"price": "0.22", "size": "259.09"}, {"price": "0.23", "size": "47.82"}, {"price": "0.25", "size": "1576.5"}, {"price": "0.26", "size": "666.02"}, {"price": "0.27", "size": "534.85"}, {"price": "0.28", "size": "4618.49"}, {"price": "0.29", "size": "536.09"}, {"price": "0.3", "size": "4"}, {"price": "0.31", "size": "5.65"}], "asks": [{"price": "0.99", "size": "3089.88"}, {"price": "0.98", "size": "2450"}, {"price": "0.97", "size": "9.24"}, {"price": "0.93", "size": "2000"}, {"price": "0.92", "size": "800"}, {"price": "0.91", "size": "250"}, {"price": "0.9", "size": "6.23"}, {"price": "0.89", "size": "200"}, {"price": "0.86", "size": "250"}, {"price": "0.8", "size": "400"}, {"price": "0.73", "size": "200"}, {"price": "0.69", "size": "833"}, {"price": "0.66", "size": "100"}, {"price": "0.64", "size": "300"}, {"price": "0.59", "size": "200"}, {"price": "0.56", "size": "125"}, {"price": "0.53", "size": "75"}, {"price": "0.5", "size": "280"}, {"price": "0.46", "size": "200"}, {"price": "0.44", "size": "156.21"}, {"price": "0.43", "size": "19.29"}, {"price": "0.36", "size": "1050"}, {"price": "0.35", "size": "269.54"}, {"price": "0.34", "size": "6.8"}, {"price": "0.33", "size": "10"}], "event_type": "book", "last_trade_price": "0.310"}]}
{"_local_timestamp": "2026-01-25T23:34:07.822967+00:00", "data": {"market": "0xa9c0c820fd79b4339ed4711288ce15236196a6015234350f42b37341e9094398", "price_changes": [{"asset_id": "78438315737001038193507108078052969359305687599144926740526502005681502958823", "price": "0.11", "size": "0", "side": "BUY", "hash": "0bf6c5edec1c642ca0e5669d633d02cd6e1965ac", "best_bid": "0.67", "best_ask": "0.69"}, {"asset_id": "91609514063242777856043730063938310894548353925882406409927495687846407164056", "price": "0.89", "size": "0", "side": "SELL", "hash": "49d4bbd87de8a2237177b3bc36ada6e74cc671dc", "best_bid": "0.31", "best_ask": "0.33"}], "timestamp": "1769384047757", "event_type": "price_change"}}
{"_local_timestamp": "2026-01-25T23:34:08.123836+00:00", "data": {"market": "0xa9c0c820fd79b4339ed4711288ce15236196a6015234350f42b37341e9094398", "price_changes": [{"asset_id": "78438315737001038193507108078052969359305687599144926740526502005681502958823", "price": "0.14", "size": "450", "side": "BUY", "hash": "f434a43cfa5c429420eed13fe1f8207a77173127", "best_bid": "0.67", "best_ask": "0.69"}, {"asset_id": "91609514063242777856043730063938310894548353925882406409927495687846407164056", "price": "0.86", "size": "450", "side": "SELL", "hash": "53c8008f28dda193c803b76750dd4450c5b1e52e", "best_bid": "0.31", "best_ask": "0.33"}], "timestamp": "1769384048022", "event_type": "price_change"}}
{"_local_timestamp": "2026-01-25T23:34:08.174920+00:00", "data": {"market": "0xa9c0c820fd79b4339ed4711288ce15236196a6015234350f42b37341e9094398", "price_changes": [{"asset_id": "78438315737001038193507108078052969359305687599144926740526502005681502958823", "price": "0.14", "size": "250", "side": "BUY", "hash": "358ec3349b2c07255a7fe5c44c5b30b65b0771ed", "best_bid": "0.67", "best_ask": "0.69"}, {"asset_id": "91609514063242777856043730063938310894548353925882406409927495687846407164056", "price": "0.86", "size": "250", "side": "SELL", "hash": "f25b22962c7acd02a117cde100df0c05766c3d8f", "best_bid": "0.31", "best_ask": "0.33"}], "timestamp": "1769384048097", "event_type": "price_change"}}
{"_local_timestamp": "2026-01-25T23:34:08.177996+00:00", "data": {"market": "0xa9c0c820fd79b4339ed4711288ce15236196a6015234350f42b37341e9094398", "price_changes": [{"asset_id": "78438315737001038193507108078052969359305687599144926740526502005681502958823", "price": "0.15", "size": "200", "side": "BUY", "hash": "4ac6b9e4c714b456e20a8ad4eeb608177dc54900", "best_bid": "0.67", "best_ask": "0.69"}, {"asset_id": "91609514063242777856043730063938310894548353925882406409927495687846407164056", "price": "0.85", "size": "200", "side": "SELL", "hash": "d430a629c4e0e3c53836065a245645e37d2cac09", "best_bid": "0.31", "best_ask": "0.33"}], "timestamp": "1769384048097", "event_type": "price_change"}}
{"_local_timestamp": "2026-01-25T23:34:17.905946+00:00", "data": {"market": "0xa9c0c820fd79b4339ed4711288ce15236196a6015234350f42b37341e9094398", "price_changes": [{"asset_id": "78438315737001038193507108078052969359305687599144926740526502005681502958823", "price": "0.14", "size": "50", "side": "BUY", "hash": "6994d6e0bdb508ed1561537fb8968fb4e78efc5f", "best_bid": "0.67", "best_ask": "0.69"}, {"asset_id": "91609514063242777856043730063938310894548353925882406409927495687846407164056", "price": "0.86", "size": "50", "side": "SELL", "hash": "76a35bc219a973d56d9d6effd536fe4a57960432", "best_bid": "0.31", "best_ask": "0.33"}], "timestamp": "1769384057839", "event_type": "price_change"}}
{"_local_timestamp": "2026-01-25T23:34:17.958485+00:00", "data": {"market": "0xa9c0c820fd79b4339ed4711288ce15236196a6015234350f42b37341e9094398", "price_changes": [{"asset_id": "78438315737001038193507108078052969359305687599144926740526502005681502958823", "price": "0.14", "size": "250", "side": "BUY", "hash": "d058830a801b6f703e6f2057501cf8edeec164f5", "best_bid": "0.67", "best_ask": "0.69"}, {"asset_id": "91609514063242777856043730063938310894548353925882406409927495687846407164056", "price": "0.86", "size": "250", "side": "SELL", "hash": "3dcad83d474c05d89939372a4df47e6ca3f10f68", "best_bid": "0.31", "best_ask": "0.33"}], "timestamp": "1769384057890", "event_type": "price_change"}}
{"_local_timestamp": "2026-01-25T23:34:17.973177+00:00", "data": {"market": "0xa9c0c820fd79b4339ed4711288ce15236196a6015234350f42b37341e9094398", "price_changes": [{"asset_id": "78438315737001038193507108078052969359305687599144926740526502005681502958823", "price": "0.15", "size": "0", "side": "BUY", "hash": "4044141211db967cc0ed88223dfbc5a9cbbfb6ae", "best_bid": "0.67", "best_ask": "0.69"}, {"asset_id": "91609514063242777856043730063938310894548353925882406409927495687846407164056", "price": "0.85", "size": "0", "side": "SELL", "hash": "ba96d4b14b2e661ad2329753645874b29383a088", "best_bid": "0.31", "best_ask": "0.33"}], "timestamp": "1769384057903", "event_type": "price_change"}}
{"_local_timestamp": "2026-01-25T23:34:18.117842+00:00", "data": {"market": "0xa9c0c820fd79b4339ed4711288ce15236196a6015234350f42b37341e9094398", "price_changes": [{"asset_id": "91609514063242777856043730063938310894548353925882406409927495687846407164056", "price": "0.34", "size": "0", "side": "SELL", "hash": "1732b620dfa22366323464ccb1f8f90d6e5a14f5", "best_bid": "0.31", "best_ask": "0.33"}, {"asset_id": "78438315737001038193507108078052969359305687599144926740526502005681502958823", "price": "0.66", "size": "0", "side": "BUY", "hash": "cfa354cb8258cee5d25ec11684b7781e9cd1b83c", "best_bid": "0.67", "best_ask": "0.69"}], "timestamp": "1769384058047", "event_type": "price_change"}}
{"_local_timestamp": "2026-01-25T23:34:18.152076+00:00", "data": {"market": "0xa9c0c820fd79b4339ed4711288ce15236196a6015234350f42b37341e9094398", "price_changes": [{"asset_id": "78438315737001038193507108078052969359305687599144926740526502005681502958823", "price": "0.15", "size": "200", "side": "BUY", "hash": "35fdbe1a69f97eca3e76b6a122f1ff289ac38da1", "best_bid": "0.67", "best_ask": "0.69"}, {"asset_id": "91609514063242777856043730063938310894548353925882406409927495687846407164056", "price": "0.85", "size": "200", "side": "SELL", "hash": "2d73497c8ac930064b2d6d2ae878b20bea040914", "best_bid": "0.31", "best_ask": "0.33"}], "timestamp": "1769384058088", "event_type": "price_change"}}
{"_local_timestamp": "2026-01-25T23:34:19.317268+00:00", "data": {"market": "0xa9c0c820fd79b4339ed4711288ce15236196a6015234350f42b37341e9094398", "price_changes": [{"asset_id": "91609514063242777856043730063938310894548353925882406409927495687846407164056", "price": "0.34", "size": "6.8", "side": "SELL", "hash": "f07c1c7db88a4e16450de369ab661416a053332a", "best_bid": "0.31", "best_ask": "0.33"}, {"asset_id": "78438315737001038193507108078052969359305687599144926740526502005681502958823", "price": "0.66", "size": "6.8", "side": "BUY", "hash": "7d27d84459178a5cebcc07dedef7eac853101547", "best_bid": "0.67", "best_ask": "0.69"}], "timestamp": "1769384059246", "event_type": "price_change"}}
{"_local_timestamp": "2026-01-25T23:34:19.958305+00:00", "data": {"market": "0xa9c0c820fd79b4339ed4711288ce15236196a6015234350f42b37341e9094398", "price_changes": [{"asset_id": "78438315737001038193507108078052969359305687599144926740526502005681502958823", "price": "0.14", "size": "50", "side": "BUY", "hash": "a87776b54a2fc1ddf3d656af5aa3cd4fb4841efe", "best_bid": "0.67", "best_ask": "0.69"}, {"asset_id": "91609514063242777856043730063938310894548353925882406409927495687846407164056", "price": "0.86", "size": "50", "side": "SELL", "hash": "6e63f7f5f832faf7c48d51f6bfba681bf55d5eef", "best_bid": "0.31", "best_ask": "0.33"}], "timestamp": "1769384059885", "event_type": "price_change"}}
{"_local_timestamp": "2026-01-25T23:34:19.965274+00:00", "data": {"market": "0xa9c0c820fd79b4339ed4711288ce15236196a6015234350f42b37341e9094398", "price_changes": [{"asset_id": "78438315737001038193507108078052969359305687599144926740526502005681502958823", "price": "0.16", "size": "200", "side": "BUY", "hash": "cd8ecd95a13765efb101dc879b0799b88ae38186", "best_bid": "0.67", "best_ask": "0.69"}, {"asset_id": "91609514063242777856043730063938310894548353925882406409927495687846407164056", "price": "0.84", "size": "200", "side": "SELL", "hash": "dd868f4a68b9f14bc1284f9c6214127aab95f29b", "best_bid": "0.31", "best_ask": "0.33"}], "timestamp": "1769384059886", "event_type": "price_change"}}
{"_local_timestamp": "2026-01-25T23:34:29.044957+00:00", "data": {"market": "0xa9c0c820fd79b4339ed4711288ce15236196a6015234350f42b37341e9094398", "price_changes": [{"asset_id": "78438315737001038193507108078052969359305687599144926740526502005681502958823", "price": "0.15", "size": "0", "side": "BUY", "hash": "530689270b6484da4d5bd0a4d1e31aac43e57464", "best_bid": "0.67", "best_ask": "0.69"}, {"asset_id": "91609514063242777856043730063938310894548353925882406409927495687846407164056", "price": "0.85", "size": "0", "side": "SELL", "hash": "5b3b25e9ca294f1a2216eae0b8062d82542e19b0", "best_bid": "0.31", "best_ask": "0.33"}], "timestamp": "1769384068701", "event_type": "price_change"}}
{"_local_timestamp": "2026-01-25T23:34:29.136860+00:00", "data": {"market": "0xa9c0c820fd79b4339ed4711288ce15236196a6015234350f42b37341e9094398", "price_changes": [{"asset_id": "78438315737001038193507108078052969359305687599144926740526502005681502958823", "price": "0.11", "size": "200", "side": "BUY", "hash": "ac00359ee51b4dd898a00a5d3e649312410a1fb7", "best_bid": "0.67", "best_ask": "0.69"}, {"asset_id": "91609514063242777856043730063938310894548353925882406409927495687846407164056", "price": "0.89", "size": "200", "side": "SELL", "hash": "bc96685b23c414c78af1b24bda814397459525ba", "best_bid": "0.31", "best_ask": "0.33"}], "timestamp": "1769384068944", "event_type": "price_change"}}
{"_local_timestamp": "2026-01-25T23:34:29.174247+00:00", "data": {"market": "0xa9c0c820fd79b4339ed4711288ce15236196a6015234350f42b37341e9094398", "price_changes": [{"asset_id": "78438315737001038193507108078052969359305687599144926740526502005681502958823", "price": "0.16", "size": "0", "side": "BUY", "hash": "dda4e7337ef250a3477a48f80fdc31351b3be67b", "best_bid": "0.67", "best_ask": "0.69"}, {"asset_id": "91609514063242777856043730063938310894548353925882406409927495687846407164056", "price": "0.84", "size": "0", "side": "SELL", "hash": "98f015c1e652fd025c1529fdaf05619a109ec74f", "best_bid": "0.31", "best_ask": "0.33"}], "timestamp": "1769384069004", "event_type": "price_change"}}
{"_local_timestamp": "2026-01-25T23:34:29.176296+00:00", "data": {"market": "0xa9c0c820fd79b4339ed4711288ce15236196a6015234350f42b37341e9094398", "price_changes": [{"asset_id": "78438315737001038193507108078052969359305687599144926740526502005681502958823", "price": "0.14", "size": "250", "side": "BUY", "hash": "31bfbb6966d3ab8514a87bb0c88c02a37d2e7416", "best_bid": "0.67", "best_ask": "0.69"}, {"asset_id": "91609514063242777856043730063938310894548353925882406409927495687846407164056", "price": "0.86", "size": "250", "side": "SELL", "hash": "4305cca91534433500a6ee6c2a7da96b3fd5df77", "best_bid": "0.31", "best_ask": "0.33"}], "timestamp": "1769384069006", "event_type": "price_change"}}
{"_local_timestamp": "2026-01-25T23:34:39.068227+00:00", "data": {"market": "0xa9c0c820fd79b4339ed4711288ce15236196a6015234350f42b37341e9094398", "price_changes": [{"asset_id": "78438315737001038193507108078052969359305687599144926740526502005681502958823", "price": "0.11", "size": "0", "side": "BUY", "hash": "d35727b569610016bca10829aa43a56b5ebf932a", "best_bid": "0.67", "best_ask": "0.69"}, {"asset_id": "91609514063242777856043730063938310894548353925882406409927495687846407164056", "price": "0.89", "size": "0", "side": "SELL", "hash": "8f659c75d9cb94730be6ab8e2814e9ebe9916fb4", "best_bid": "0.31", "best_ask": "0.33"}], "timestamp": "1769384078974", "event_type": "price_change"}}
{"_local_timestamp": "2026-01-25T23:34:39.357880+00:00", "data": {"market": "0xa9c0c820fd79b4339ed4711288ce15236196a6015234350f42b37341e9094398", "price_changes": [{"asset_id": "78438315737001038193507108078052969359305687599144926740526502005681502958823", "price": "0.14", "size": "450", "side": "BUY", "hash": "d647e54f0b18d18ca2b4bdb9a6adcf7882d1b644", "best_bid": "0.67", "best_ask": "0.69"}, {"asset_id": "91609514063242777856043730063938310894548353925882406409927495687846407164056", "price": "0.86", "size": "450", "side": "SELL", "hash": "3dcdf971d28d54b99f009c05135d0992f4e21313", "best_bid": "0.31", "best_ask": "0.33"}], "timestamp": "1769384079219", "event_type": "price_change"}}
{"_local_timestamp": "2026-01-25T23:34:39.443224+00:00", "data": {"market": "0xa9c0c820fd79b4339ed4711288ce15236196a6015234350f42b37341e9094398", "price_changes": [{"asset_id": "78438315737001038193507108078052969359305687599144926740526502005681502958823", "price": "0.15", "size": "200", "side": "BUY", "hash": "e294a2c0eb56c84f753bf054e85cb856895a4da6", "best_bid": "0.67", "best_ask": "0.69"}, {"asset_id": "91609514063242777856043730063938310894548353925882406409927495687846407164056", "price": "0.85", "size": "200", "side": "SELL", "hash": "2f73ff166939abf8b441af88be89ef27ba103b47", "best_bid": "0.31", "best_ask": "0.33"}], "timestamp": "1769384079321", "event_type": "price_change"}}
{"_local_timestamp": "2026-01-25T23:34:39.443703+00:00", "data": {"market": "0xa9c0c820fd79b4339ed4711288ce15236196a6015234350f42b37341e9094398", "price_changes": [{"asset_id": "78438315737001038193507108078052969359305687599144926740526502005681502958823", "price": "0.14", "size": "250", "side": "BUY", "hash": "4998873d8b55354d379d7ce0b450eda95a5e3ac3", "best_bid": "0.67", "best_ask": "0.69"}, {"asset_id": "91609514063242777856043730063938310894548353925882406409927495687846407164056", "price": "0.86", "size": "250", "side": "SELL", "hash": "6768cce776b9c245a5713f8a7ae636eda446d386", "best_bid": "0.31", "best_ask": "0.33"}], "timestamp": "1769384079321", "event_type": "price_change"}}
{"_local_timestamp": "2026-01-25T23:34:49.825060+00:00", "data": {"market": "0xa9c0c820fd79b4339ed4711288ce15236196a6015234350f42b37341e9094398", "price_changes": [{"asset_id": "78438315737001038193507108078052969359305687599144926740526502005681502958823", "price": "0.14", "size": "50", "side": "BUY", "hash": "279fa1b0ebb1c39788fe6001de0b40306c726a67", "best_bid": "0.67", "best_ask": "0.69"}, {"asset_id": "91609514063242777856043730063938310894548353925882406409927495687846407164056", "price": "0.86", "size": "50", "side": "SELL", "hash": "c15eb1126327ac9f17d6310db530ac4011190a90", "best_bid": "0.31", "best_ask": "0.33"}], "timestamp": "1769384089760", "event_type": "price_change"}}
{"_local_timestamp": "2026-01-25T23:34:49.871134+00:00", "data": {"market": "0xa9c0c820fd79b4339ed4711288ce15236196a6015234350f42b37341e9094398", "price_changes": [{"asset_id": "78438315737001038193507108078052969359305687599144926740526502005681502958823", "price": "0.14", "size": "250", "side": "BUY", "hash": "6914bf171a31f15664871f1228cf0a134a3e6a16", "best_bid": "0.67", "best_ask": "0.69"}, {"asset_id": "91609514063242777856043730063938310894548353925882406409927495687846407164056", "price": "0.86", "size": "250", "side": "SELL", "hash": "9417fd34aa69e0584b5f03b5ee8f0b2d45293808", "best_bid": "0.31", "best_ask": "0.33"}], "timestamp": "1769384089801", "event_type": "price_change"}}
{"_local_timestamp": "2026-01-25T23:34:49.874222+00:00", "data": {"market": "0xa9c0c820fd79b4339ed4711288ce15236196a6015234350f42b37341e9094398", "price_changes": [{"asset_id": "78438315737001038193507108078052969359305687599144926740526502005681502958823", "price": "0.15", "size": "0", "side": "BUY", "hash": "8ac18a6c0c9aaf21b86dd6f2254e577f7490d274", "best_bid": "0.67", "best_ask": "0.69"}, {"asset_id": "91609514063242777856043730063938310894548353925882406409927495687846407164056", "price": "0.85", "size": "0", "side": "SELL", "hash": "4f3839c66417eed5a90a28a917c2c49eb4764e6f", "best_bid": "0.31", "best_ask": "0.33"}], "timestamp": "1769384089804", "event_type": "price_change"}}
{"_local_timestamp": "2026-01-25T23:34:50.085032+00:00", "data": {"market": "0xa9c0c820fd79b4339ed4711288ce15236196a6015234350f42b37341e9094398", "price_changes": [{"asset_id": "78438315737001038193507108078052969359305687599144926740526502005681502958823", "price": "0.15", "size": "200", "side": "BUY", "hash": "8e32a098846f99529a6550760ebbe2a8bb340e2a", "best_bid": "0.67", "best_ask": "0.69"}, {"asset_id": "91609514063242777856043730063938310894548353925882406409927495687846407164056", "price": "0.85", "size": "200", "side": "SELL", "hash": "817f44610ca34bbcaf319a9e2a9cbc7231769fa2", "best_bid": "0.31", "best_ask": "0.33"}], "timestamp": "1769384090011", "event_type": "price_change"}}
{"_local_timestamp": "2026-01-25T23:34:51.861685+00:00", "data": {"market": "0xa9c0c820fd79b4339ed4711288ce15236196a6015234350f42b37341e9094398", "price_changes": [{"asset_id": "78438315737001038193507108078052969359305687599144926740526502005681502958823", "price": "0.14", "size": "50", "side": "BUY", "hash": "c5099d977d94c9c1ad7c9232bb0dca826613af3e", "best_bid": "0.67", "best_ask": "0.69"}, {"asset_id": "91609514063242777856043730063938310894548353925882406409927495687846407164056", "price": "0.86", "size": "50", "side": "SELL", "hash": "3d5eb9af2a27e0d5be80bc74f020536e42e7d9d8", "best_bid": "0.31", "best_ask": "0.33"}], "timestamp": "1769384091798", "event_type": "price_change"}}
{"_local_timestamp": "2026-01-25T23:34:51.871839+00:00", "data": {"market": "0xa9c0c820fd79b4339ed4711288ce15236196a6015234350f42b37341e9094398", "price_changes": [{"asset_id": "78438315737001038193507108078052969359305687599144926740526502005681502958823", "price": "0.16", "size": "200", "side": "BUY", "hash": "0e88dcbbda66cc720d0b31cbadb5c01e4161bb7a", "best_bid": "0.67", "best_ask": "0.69"}, {"asset_id": "91609514063242777856043730063938310894548353925882406409927495687846407164056", "price": "0.84", "size": "200", "side": "SELL", "hash": "bf3795a30f8e6ee32855df7941d0ea5c88bfb5a4", "best_bid": "0.31", "best_ask": "0.33"}], "timestamp": "1769384091804", "event_type": "price_change"}}
{"_local_timestamp": "2026-01-25T23:35:01.326376+00:00", "data": {"market": "0xa9c0c820fd79b4339ed4711288ce15236196a6015234350f42b37341e9094398", "price_changes": [{"asset_id": "78438315737001038193507108078052969359305687599144926740526502005681502958823", "price": "0.15", "size": "0", "side": "BUY", "hash": "48589afc2758fbd6b5ed89e9d37537b605f25dab", "best_bid": "0.67", "best_ask": "0.69"}, {"asset_id": "91609514063242777856043730063938310894548353925882406409927495687846407164056", "price": "0.85", "size": "0", "side": "SELL", "hash": "93c32c391e0d7c15936b6ce7f4d453842a7e1cb3", "best_bid": "0.31", "best_ask": "0.33"}], "timestamp": "1769384101250", "event_type": "price_change"}}
{"_local_timestamp": "2026-01-25T23:35:01.362507+00:00", "data": {"market": "0xa9c0c820fd79b4339ed4711288ce15236196a6015234350f42b37341e9094398", "price_changes": [{"asset_id": "78438315737001038193507108078052969359305687599144926740526502005681502958823", "price": "0.16", "size": "0", "side": "BUY", "hash": "64a9ee26e0e76a221dcdaadf50f91cb922204533", "best_bid": "0.67", "best_ask": "0.69"}, {"asset_id": "91609514063242777856043730063938310894548353925882406409927495687846407164056", "price": "0.84", "size": "0", "side": "SELL", "hash": "1c16865bcc2abe9ad9b845057ba66081dc17c5e2", "best_bid": "0.31", "best_ask": "0.33"}], "timestamp": "1769384101293", "event_type": "price_change"}}
{"_local_timestamp": "2026-01-25T23:35:01.362986+00:00", "data": {"market": "0xa9c0c820fd79b4339ed4711288ce15236196a6015234350f42b37341e9094398", "price_changes": [{"asset_id": "78438315737001038193507108078052969359305687599144926740526502005681502958823", "price": "0.14", "size": "250", "side": "BUY", "hash": "8c7543735e9650017bde60097c7469d948258a16", "best_bid": "0.67", "best_ask": "0.69"}, {"asset_id": "91609514063242777856043730063938310894548353925882406409927495687846407164056", "price": "0.86", "size": "250", "side": "SELL", "hash": "08ee06dda79fd00f617d9fdf539ae4a1061e5962", "best_bid": "0.31", "best_ask": "0.33"}], "timestamp": "1769384101295", "event_type": "price_change"}}
{"_local_timestamp": "2026-01-25T23:35:01.582092+00:00", "data": {"market": "0xa9c0c820fd79b4339ed4711288ce15236196a6015234350f42b37341e9094398", "price_changes": [{"asset_id": "78438315737001038193507108078052969359305687599144926740526502005681502958823", "price": "0.11", "size": "200", "side": "BUY", "hash": "c631724ea729ced222279b3ba6ff67104c7d78b6", "best_bid": "0.67", "best_ask": "0.69"}, {"asset_id": "91609514063242777856043730063938310894548353925882406409927495687846407164056", "price": "0.89", "size": "200", "side": "SELL", "hash": "da905df88198655fa0ee17e08592bcf59a8edf09", "best_bid": "0.31", "best_ask": "0.33"}], "timestamp": "1769384101512", "event_type": "price_change"}}
{"_local_timestamp": "2026-01-25T23:35:01.811183+00:00", "data": {"market": "0xa9c0c820fd79b4339ed4711288ce15236196a6015234350f42b37341e9094398", "price_changes": [{"asset_id": "78438315737001038193507108078052969359305687599144926740526502005681502958823", "price": "0.08", "size": "700", "side": "BUY", "hash": "0ac9cf973927b5646dcc055a8e23571a191e221c", "best_bid": "0.67", "best_ask": "0.69"}, {"asset_id": "91609514063242777856043730063938310894548353925882406409927495687846407164056", "price": "0.92", "size": "700", "side": "SELL", "hash": "25c82a30637150cde892ce0271be76b402dcb156", "best_bid": "0.31", "best_ask": "0.33"}], "timestamp": "1769384101738", "event_type": "price_change"}}
{"_local_timestamp": "2026-01-25T23:35:02.088234+00:00", "data": {"market": "0xa9c0c820fd79b4339ed4711288ce15236196a6015234350f42b37341e9094398", "price_changes": [{"asset_id": "78438315737001038193507108078052969359305687599144926740526502005681502958823", "price": "0.14", "size": "350", "side": "BUY", "hash": "15e762647833e60f85333bf4dc582bccf3cf0274", "best_bid": "0.67", "best_ask": "0.69"}, {"asset_id": "91609514063242777856043730063938310894548353925882406409927495687846407164056", "price": "0.86", "size": "350", "side": "SELL", "hash": "614580f602bdf892887da9221243e7c4a52305b6", "best_bid": "0.31", "best_ask": "0.33"}], "timestamp": "1769384102004", "event_type": "price_change"}}
{"_local_timestamp": "2026-01-25T23:35:03.363614+00:00", "data": {"market": "0xa9c0c820fd79b4339ed4711288ce15236196a6015234350f42b37341e9094398", "price_changes": [{"asset_id": "78438315737001038193507108078052969359305687599144926740526502005681502958823", "price": "0.15", "size": "200", "side": "BUY", "hash": "ca5955e1786920cdb62e27617c08d1191f876d8d", "best_bid": "0.67", "best_ask": "0.69"}, {"asset_id": "91609514063242777856043730063938310894548353925882406409927495687846407164056", "price": "0.85", "size": "200", "side": "SELL", "hash": "e9cdb7ef56cb11c3b117f67b2eef4c8e176ab64e", "best_bid": "0.31", "best_ask": "0.33"}], "timestamp": "1769384103294", "event_type": "price_change"}}
{"_local_timestamp": "2026-01-25T23:35:03.369198+00:00", "data": {"market": "0xa9c0c820fd79b4339ed4711288ce15236196a6015234350f42b37341e9094398", "price_changes": [{"asset_id": "78438315737001038193507108078052969359305687599144926740526502005681502958823", "price": "0.14", "size": "150", "side": "BUY", "hash": "78866c9539eca24c17c104c5fd79471f5070e3df", "best_bid": "0.67", "best_ask": "0.69"}, {"asset_id": "91609514063242777856043730063938310894548353925882406409927495687846407164056", "price": "0.86", "size": "150", "side": "SELL", "hash": "4d182637d862ccbd199ae3cdf57b4a1c3c9065e3", "best_bid": "0.31", "best_ask": "0.33"}], "timestamp": "1769384103300", "event_type": "price_change"}}
{"_local_timestamp": "2026-01-25T23:35:05.357928+00:00", "data": {"market": "0xa9c0c820fd79b4339ed4711288ce15236196a6015234350f42b37341e9094398", "price_changes": [{"asset_id": "78438315737001038193507108078052969359305687599144926740526502005681502958823", "price": "0.15", "size": "0", "side": "BUY", "hash": "229f9dfca037f6fc7d5b0c936ec4ce70d6d84149", "best_bid": "0.67", "best_ask": "0.69"}, {"asset_id": "91609514063242777856043730063938310894548353925882406409927495687846407164056", "price": "0.85", "size": "0", "side": "SELL", "hash": "038cf35ec4091214463e172cae447ed4fafaa33b", "best_bid": "0.31", "best_ask": "0.33"}], "timestamp": "1769384105294", "event_type": "price_change"}}
{"_local_timestamp": "2026-01-25T23:35:05.374142+00:00", "data": {"market": "0xa9c0c820fd79b4339ed4711288ce15236196a6015234350f42b37341e9094398", "price_changes": [{"asset_id": "78438315737001038193507108078052969359305687599144926740526502005681502958823", "price": "0.12", "size": "200", "side": "BUY", "hash": "2fda30a51b0df3fce8898c4597e0f8fb518a30d6", "best_bid": "0.67", "best_ask": "0.69"}, {"asset_id": "91609514063242777856043730063938310894548353925882406409927495687846407164056", "price": "0.88", "size": "200", "side": "SELL", "hash": "3d97a91b7ccd69183a3cf88252a82d830d3468c8", "best_bid": "0.31", "best_ask": "0.33"}], "timestamp": "1769384105306", "event_type": "price_change"}}
{"_local_timestamp": "2026-01-25T23:35:07.364714+00:00", "data": {"market": "0xa9c0c820fd79b4339ed4711288ce15236196a6015234350f42b37341e9094398", "price_changes": [{"asset_id": "78438315737001038193507108078052969359305687599144926740526502005681502958823", "price": "0.15", "size": "200", "side": "BUY", "hash": "fc9ed38f084204f4d038e29fbad00815c74ec23f", "best_bid": "0.67", "best_ask": "0.69"}, {"asset_id": "91609514063242777856043730063938310894548353925882406409927495687846407164056", "price": "0.85", "size": "200", "side": "SELL", "hash": "97498a08546c017ec2b9f48b0f2067e66bc5bcef", "best_bid": "0.31", "best_ask": "0.33"}], "timestamp": "1769384107295", "event_type": "price_change"}}
{"_local_timestamp": "2026-01-25T23:35:07.365277+00:00", "data": {"market": "0xa9c0c820fd79b4339ed4711288ce15236196a6015234350f42b37341e9094398", "price_changes": [{"asset_id": "78438315737001038193507108078052969359305687599144926740526502005681502958823", "price": "0.12", "size": "0", "side": "BUY", "hash": "c7818e2afd5542c2beae8e71b44a73c052c34a44", "best_bid": "0.67", "best_ask": "0.69"}, {"asset_id": "91609514063242777856043730063938310894548353925882406409927495687846407164056", "price": "0.88", "size": "0", "side": "SELL", "hash": "cc1c7bd333d3cfabdf1c08d9f46273f311b7c178", "best_bid": "0.31", "best_ask": "0.33"}], "timestamp": "1769384107301", "event_type": "price_change"}}
{"_local_timestamp": "2026-01-25T23:35:13.123711+00:00", "data": {"market": "0xa9c0c820fd79b4339ed4711288ce15236196a6015234350f42b37341e9094398", "price_changes": [{"asset_id": "78438315737001038193507108078052969359305687599144926740526502005681502958823", "price": "0.11", "size": "0", "side": "BUY", "hash": "1a4a91d6f75ce3e57f31b1f6f1cdf5d9f9c271f8", "best_bid": "0.67", "best_ask": "0.69"}, {"asset_id": "91609514063242777856043730063938310894548353925882406409927495687846407164056", "price": "0.89", "size": "0", "side": "SELL", "hash": "d068412b27d24123d3d155d52cf5f1c922f1ce7a", "best_bid": "0.31", "best_ask": "0.33"}], "timestamp": "1769384113019", "event_type": "price_change"}}
{"_local_timestamp": "2026-01-25T23:35:13.461668+00:00", "data": {"market": "0xa9c0c820fd79b4339ed4711288ce15236196a6015234350f42b37341e9094398", "price_changes": [{"asset_id": "78438315737001038193507108078052969359305687599144926740526502005681502958823", "price": "0.12", "size": "200", "side": "BUY", "hash": "06a02d0d217c2f53f999485f789d753d6965ec1b", "best_bid": "0.67", "best_ask": "0.69"}, {"asset_id": "91609514063242777856043730063938310894548353925882406409927495687846407164056", "price": "0.88", "size": "200", "side": "SELL", "hash": "9ad26ecda897c937a58320871dbd4298d1893870", "best_bid": "0.31", "best_ask": "0.33"}], "timestamp": "1769384113293", "event_type": "price_change"}}
{"_local_timestamp": "2026-01-25T23:35:18.236616+00:00", "data": {"market": "0xa9c0c820fd79b4339ed4711288ce15236196a6015234350f42b37341e9094398", "price_changes": [{"asset_id": "91609514063242777856043730063938310894548353925882406409927495687846407164056", "price": "0.34", "size": "0", "side": "SELL", "hash": "1238a6acb28efcbbeb266b3a958845c84bc6a23f", "best_bid": "0.31", "best_ask": "0.33"}, {"asset_id": "78438315737001038193507108078052969359305687599144926740526502005681502958823", "price": "0.66", "size": "0", "side": "BUY", "hash": "2e52851bc180bcb40627f0e2d1000fb57a543aee", "best_bid": "0.67", "best_ask": "0.69"}], "timestamp": "1769384118163", "event_type": "price_change"}}
{"_local_timestamp": "2026-01-25T23:35:19.507633+00:00", "data": {"market": "0xa9c0c820fd79b4339ed4711288ce15236196a6015234350f42b37341e9094398", "price_changes": [{"asset_id": "91609514063242777856043730063938310894548353925882406409927495687846407164056", "price": "0.34", "size": "6.8", "side": "SELL", "hash": "8db150246800ed79a3719668cd3d7eed35a287d6", "best_bid": "0.31", "best_ask": "0.33"}, {"asset_id": "78438315737001038193507108078052969359305687599144926740526502005681502958823", "price": "0.66", "size": "6.8", "side": "BUY", "hash": "2ffedf827cbba2f0b9cd70d42993a95db5493aec", "best_bid": "0.67", "best_ask": "0.69"}], "timestamp": "1769384119442", "event_type": "price_change"}}
{"_local_timestamp": "2026-01-25T23:35:23.975021+00:00", "data": {"market": "0xa9c0c820fd79b4339ed4711288ce15236196a6015234350f42b37341e9094398", "price_changes": [{"asset_id": "78438315737001038193507108078052969359305687599144926740526502005681502958823", "price": "0.12", "size": "0", "side": "BUY", "hash": "104fc7b66e8e6c79b3797febd930c5433c76eead", "best_bid": "0.67", "best_ask": "0.69"}, {"asset_id": "91609514063242777856043730063938310894548353925882406409927495687846407164056", "price": "0.88", "size": "0", "side": "SELL", "hash": "4e318b61c3a062f7119e408d29f6d1782bdb57d9", "best_bid": "0.31", "best_ask": "0.33"}], "timestamp": "1769384123898", "event_type": "price_change"}}
{"_local_timestamp": "2026-01-25T23:35:24.397868+00:00", "data": {"market": "0xa9c0c820fd79b4339ed4711288ce15236196a6015234350f42b37341e9094398", "price_changes": [{"asset_id": "78438315737001038193507108078052969359305687599144926740526502005681502958823", "price": "0.15", "size": "400", "side": "BUY", "hash": "37a0876ad703c42b033d3e2cf94bc19790f21fc6", "best_bid": "0.67", "best_ask": "0.69"}, {"asset_id": "91609514063242777856043730063938310894548353925882406409927495687846407164056", "price": "0.85", "size": "400", "side": "SELL", "hash": "05af3d76f30a56182ce9613272bc8c845c0dbebd", "best_bid": "0.31", "best_ask": "0.33"}], "timestamp": "1769384124188", "event_type": "price_change"}}
{"_local_timestamp": "2026-01-25T23:35:24.598733+00:00", "data": {"market": "0xa9c0c820fd79b4339ed4711288ce15236196a6015234350f42b37341e9094398", "price_changes": [{"asset_id": "78438315737001038193507108078052969359305687599144926740526502005681502958823", "price": "0.16", "size": "200", "side": "BUY", "hash": "2b7ae4434098c36d4ba243e56b0627cc5abddd5a", "best_bid": "0.67", "best_ask": "0.69"}, {"asset_id": "91609514063242777856043730063938310894548353925882406409927495687846407164056", "price": "0.84", "size": "200", "side": "SELL", "hash": "73bb83fa92fa93eedad9d94759bc50eb546066f5", "best_bid": "0.31", "best_ask": "0.33"}], "timestamp": "1769384124370", "event_type": "price_change"}}
{"_local_timestamp": "2026-01-25T23:35:24.599250+00:00", "data": {"market": "0xa9c0c820fd79b4339ed4711288ce15236196a6015234350f42b37341e9094398", "price_changes": [{"asset_id": "78438315737001038193507108078052969359305687599144926740526502005681502958823", "price": "0.15", "size": "200", "side": "BUY", "hash": "79569d2532804081f6c8925f889dd9e8996db3e7", "best_bid": "0.67", "best_ask": "0.69"}, {"asset_id": "91609514063242777856043730063938310894548353925882406409927495687846407164056", "price": "0.85", "size": "200", "side": "SELL", "hash": "e7fe1949f4a79d9523ae72f5299ae1b00cd37e49", "best_bid": "0.31", "best_ask": "0.33"}], "timestamp": "1769384124370", "event_type": "price_change"}}
{"_local_timestamp": "2026-01-25T23:35:32.908647+00:00", "data": {"market": "0xa9c0c820fd79b4339ed4711288ce15236196a6015234350f42b37341e9094398", "price_changes": [{"asset_id": "78438315737001038193507108078052969359305687599144926740526502005681502958823", "price": "0.14", "size": "50", "side": "BUY", "hash": "1daf6c071aea5e8e76f016531508e54f515253f6", "best_bid": "0.67", "best_ask": "0.69"}, {"asset_id": "91609514063242777856043730063938310894548353925882406409927495687846407164056", "price": "0.86", "size": "50", "side": "SELL", "hash": "a092698a9cb3a6503f112c75dbbf0bccea7f0de0", "best_bid": "0.31", "best_ask": "0.33"}], "timestamp": "1769384132834", "event_type": "price_change"}}
{"_local_timestamp": "2026-01-25T23:35:33.190779+00:00", "data": {"market": "0xa9c0c820fd79b4339ed4711288ce15236196a6015234350f42b37341e9094398", "price_changes": [{"asset_id": "78438315737001038193507108078052969359305687599144926740526502005681502958823", "price": "0.08", "size": "800", "side": "BUY", "hash": "d8d9ad49cd917132246153406b2a319bb22af1ad", "best_bid": "0.67", "best_ask": "0.69"}, {"asset_id": "91609514063242777856043730063938310894548353925882406409927495687846407164056", "price": "0.92", "size": "800", "side": "SELL", "hash": "38c75f364dbbd3ac5b10e44b0073b4c98a7154b4", "best_bid": "0.31", "best_ask": "0.33"}], "timestamp": "1769384133099", "event_type": "price_change"}}
{"_local_timestamp": "2026-01-25T23:35:35.915537+00:00", "data": {"market": "0xa9c0c820fd79b4339ed4711288ce15236196a6015234350f42b37341e9094398", "price_changes": [{"asset_id": "78438315737001038193507108078052969359305687599144926740526502005681502958823", "price": "0.15", "size": "0", "side": "BUY", "hash": "72cf5642b7fdf47b50639f871e96beafa8c34cef", "best_bid": "0.67", "best_ask": "0.69"}, {"asset_id": "91609514063242777856043730063938310894548353925882406409927495687846407164056", "price": "0.85", "size": "0", "side": "SELL", "hash": "27e38fbb6e7076a2ea61dd19bbee8e5f9078603f", "best_bid": "0.31", "best_ask": "0.33"}], "timestamp": "1769384135847", "event_type": "price_change"}}
{"_local_timestamp": "2026-01-25T23:35:35.955600+00:00", "data": {"market": "0xa9c0c820fd79b4339ed4711288ce15236196a6015234350f42b37341e9094398", "price_changes": [{"asset_id": "78438315737001038193507108078052969359305687599144926740526502005681502958823", "price": "0.16", "size": "0", "side": "BUY", "hash": "9219757bc2e1024cda0c48a19a19a389ca13ab4b", "best_bid": "0.67", "best_ask": "0.69"}, {"asset_id": "91609514063242777856043730063938310894548353925882406409927495687846407164056", "price": "0.84", "size": "0", "side": "SELL", "hash": "6d14b2d82f9145a9cf72e6d2908c7c6455159dd1", "best_bid": "0.31", "best_ask": "0.33"}], "timestamp": "1769384135887", "event_type": "price_change"}}
{"_local_timestamp": "2026-01-25T23:35:35.956056+00:00", "data": {"market": "0xa9c0c820fd79b4339ed4711288ce15236196a6015234350f42b37341e9094398", "price_changes": [{"asset_id": "78438315737001038193507108078052969359305687599144926740526502005681502958823", "price": "0.14", "size": "250", "side": "BUY", "hash": "4097522966e03df91c6835a0cc758d48dbfaabe7", "best_bid": "0.67", "best_ask": "0.69"}, {"asset_id": "91609514063242777856043730063938310894548353925882406409927495687846407164056", "price": "0.86", "size": "250", "side": "SELL", "hash": "9652843b47d142f8ee9d46df2aed097d94f84459", "best_bid": "0.31", "best_ask": "0.33"}], "timestamp": "1769384135891", "event_type": "price_change"}}
{"_local_timestamp": "2026-01-25T23:35:36.186965+00:00", "data": {"market": "0xa9c0c820fd79b4339ed4711288ce15236196a6015234350f42b37341e9094398", "price_changes": [{"asset_id": "78438315737001038193507108078052969359305687599144926740526502005681502958823", "price": "0.14", "size": "450", "side": "BUY", "hash": "e30482e8789035c972e8824d4b4d07bcd687bc60", "best_bid": "0.67", "best_ask": "0.69"}, {"asset_id": "91609514063242777856043730063938310894548353925882406409927495687846407164056", "price": "0.86", "size": "450", "side": "SELL", "hash": "c4084e584306ca747e13adb929c42609975cfa13", "best_bid": "0.31", "best_ask": "0.33"}], "timestamp": "1769384136121", "event_type": "price_change"}}
{"_local_timestamp": "2026-01-25T23:35:37.963181+00:00", "data": {"market": "0xa9c0c820fd79b4339ed4711288ce15236196a6015234350f42b37341e9094398", "price_changes": [{"asset_id": "78438315737001038193507108078052969359305687599144926740526502005681502958823", "price": "0.15", "size": "200", "side": "BUY", "hash": "58f4144744e20849d6531c852a0cd64258ead93a", "best_bid": "0.67", "best_ask": "0.69"}, {"asset_id": "91609514063242777856043730063938310894548353925882406409927495687846407164056", "price": "0.85", "size": "200", "side": "SELL", "hash": "0dfb395b9f4e1cab84eddc97ea3656a6838040e1", "best_bid": "0.31", "best_ask": "0.33"}], "timestamp": "1769384137892", "event_type": "price_change"}}
{"_local_timestamp": "2026-01-25T23:35:37.963673+00:00", "data": {"market": "0xa9c0c820fd79b4339ed4711288ce15236196a6015234350f42b37341e9094398", "price_changes": [{"asset_id": "78438315737001038193507108078052969359305687599144926740526502005681502958823", "price": "0.14", "size": "250", "side": "BUY", "hash": "87178974138d4a9f01441b46f84089585d961180", "best_bid": "0.67", "best_ask": "0.69"}, {"asset_id": "91609514063242777856043730063938310894548353925882406409927495687846407164056", "price": "0.86", "size": "250", "side": "SELL", "hash": "94ba37466a67ec83e12283480a11143b63affdd9", "best_bid": "0.31", "best_ask": "0.33"}], "timestamp": "1769384137894", "event_type": "price_change"}}
{"_local_timestamp": "2026-01-25T23:35:46.319072+00:00", "data": {"market": "0xa9c0c820fd79b4339ed4711288ce15236196a6015234350f42b37341e9094398", "price_changes": [{"asset_id": "78438315737001038193507108078052969359305687599144926740526502005681502958823", "price": "0.14", "size": "50", "side": "BUY", "hash": "1fe6b2235c376ba56c8c6556ebd298d1a949f531", "best_bid": "0.67", "best_ask": "0.69"}, {"asset_id": "91609514063242777856043730063938310894548353925882406409927495687846407164056", "price": "0.86", "size": "50", "side": "SELL", "hash": "9dd8bd999ca19f9f4288299d28653840e3f28920", "best_bid": "0.31", "best_ask": "0.33"}], "timestamp": "1769384146249", "event_type": "price_change"}}
{"_local_timestamp": "2026-01-25T23:35:46.352447+00:00", "data": {"market": "0xa9c0c820fd79b4339ed4711288ce15236196a6015234350f42b37341e9094398", "price_changes": [{"asset_id": "78438315737001038193507108078052969359305687599144926740526502005681502958823", "price": "0.14", "size": "250", "side": "BUY", "hash": "bd25c086cb1430d633c8a64a12840f5efef3932b", "best_bid": "0.67", "best_ask": "0.69"}, {"asset_id": "91609514063242777856043730063938310894548353925882406409927495687846407164056", "price": "0.86", "size": "250", "side": "SELL", "hash": "f13c4932639de2c80519d5e0b19d176ca9a12d9a", "best_bid": "0.31", "best_ask": "0.33"}], "timestamp": "1769384146286", "event_type": "price_change"}}
{"_local_timestamp": "2026-01-25T23:35:46.353026+00:00", "data": {"market": "0xa9c0c820fd79b4339ed4711288ce15236196a6015234350f42b37341e9094398", "price_changes": [{"asset_id": "78438315737001038193507108078052969359305687599144926740526502005681502958823", "price": "0.15", "size": "0", "side": "BUY", "hash": "8471502bc77ddc16e3ae194352e2f738f49f6dff", "best_bid": "0.67", "best_ask": "0.69"}, {"asset_id": "91609514063242777856043730063938310894548353925882406409927495687846407164056", "price": "0.85", "size": "0", "side": "SELL", "hash": "6b97a7a1642efcdf891965ed93139c19cefab2ff", "best_bid": "0.31", "best_ask": "0.33"}], "timestamp": "1769384146287", "event_type": "price_change"}}
{"_local_timestamp": "2026-01-25T23:35:46.580070+00:00", "data": {"market": "0xa9c0c820fd79b4339ed4711288ce15236196a6015234350f42b37341e9094398", "price_changes": [{"asset_id": "78438315737001038193507108078052969359305687599144926740526502005681502958823", "price": "0.15", "size": "200", "side": "BUY", "hash": "01ada2de340d50d7c9302c9e25741ab0a250a170", "best_bid": "0.67", "best_ask": "0.69"}, {"asset_id": "91609514063242777856043730063938310894548353925882406409927495687846407164056", "price": "0.85", "size": "200", "side": "SELL", "hash": "c4252f7e3520406294e90e7a92ab4c49cd5dced4", "best_bid": "0.31", "best_ask": "0.33"}], "timestamp": "1769384146516", "event_type": "price_change"}}
{"_local_timestamp": "2026-01-25T23:35:48.351311+00:00", "data": {"market": "0xa9c0c820fd79b4339ed4711288ce15236196a6015234350f42b37341e9094398", "price_changes": [{"asset_id": "78438315737001038193507108078052969359305687599144926740526502005681502958823", "price": "0.16", "size": "200", "side": "BUY", "hash": "d09a01e1b19da951074178221f28e67a0495553a", "best_bid": "0.67", "best_ask": "0.69"}, {"asset_id": "91609514063242777856043730063938310894548353925882406409927495687846407164056", "price": "0.84", "size": "200", "side": "SELL", "hash": "32193cd637f4a31f221e15b2119a2dfbae125001", "best_bid": "0.31", "best_ask": "0.33"}], "timestamp": "1769384148286", "event_type": "price_change"}}
{"_local_timestamp": "2026-01-25T23:35:48.355266+00:00", "data": {"market": "0xa9c0c820fd79b4339ed4711288ce15236196a6015234350f42b37341e9094398", "price_changes": [{"asset_id": "78438315737001038193507108078052969359305687599144926740526502005681502958823", "price": "0.14", "size": "50", "side": "BUY", "hash": "27fabbba788be9881be6d40c86c620816866835c", "best_bid": "0.67", "best_ask": "0.69"}, {"asset_id": "91609514063242777856043730063938310894548353925882406409927495687846407164056", "price": "0.86", "size": "50", "side": "SELL", "hash": "d1b153a3cfeadb6452c70207141b663ad2490d79", "best_bid": "0.31", "best_ask": "0.33"}], "timestamp": "1769384148289", "event_type": "price_change"}}
{"_local_timestamp": "2026-01-25T23:35:51.178547+00:00", "data": {"market": "0xa9c0c820fd79b4339ed4711288ce15236196a6015234350f42b37341e9094398", "price_changes": [{"asset_id": "91609514063242777856043730063938310894548353925882406409927495687846407164056", "price": "0.01", "size": "5379.11", "side": "BUY", "hash": "75e85e7d63cfa25619deab02311c7a058804f204", "best_bid": "0.31", "best_ask": "0.33"}, {"asset_id": "78438315737001038193507108078052969359305687599144926740526502005681502958823", "price": "0.99", "size": "5379.11", "side": "SELL", "hash": "d9a3b52875248da34a8381bfe89dd6c91b40440a", "best_bid": "0.67", "best_ask": "0.69"}], "timestamp": "1769384151114", "event_type": "price_change"}}
{"_local_timestamp": "2026-01-25T23:35:51.179089+00:00", "data": {"market": "0xa9c0c820fd79b4339ed4711288ce15236196a6015234350f42b37341e9094398", "price_changes": [{"asset_id": "78438315737001038193507108078052969359305687599144926740526502005681502958823", "price": "0.08", "size": "2799.11", "side": "BUY", "hash": "ae7181575cfc825d2c2c17b8ed57c1a9156c5f62", "best_bid": "0.67", "best_ask": "0.69"}, {"asset_id": "91609514063242777856043730063938310894548353925882406409927495687846407164056", "price": "0.92", "size": "2799.11", "side": "SELL", "hash": "8c620fea718b2bb126f4471a54f0b2662cc25ff7", "best_bid": "0.31", "best_ask": "0.33"}], "timestamp": "1769384151114", "event_type": "price_change"}}
{"_local_timestamp": "2026-01-25T23:35:51.179539+00:00", "data": {"market": "0xa9c0c820fd79b4339ed4711288ce15236196a6015234350f42b37341e9094398", "price_changes": [{"asset_id": "78438315737001038193507108078052969359305687599144926740526502005681502958823", "price": "0.01", "size": "5088.99", "side": "BUY", "hash": "47c6928abe15f583b166d1eb53a0c3662ce85b2e", "best_bid": "0.67", "best_ask": "0.69"}, {"asset_id": "91609514063242777856043730063938310894548353925882406409927495687846407164056", "price": "0.99", "size": "5088.99", "side": "SELL", "hash": "2c12b57afa27f760514845a905177d34306ff34d", "best_bid": "0.31", "best_ask": "0.33"}], "timestamp": "1769384151115", "event_type": "price_change"}}
{"_local_timestamp": "2026-01-25T23:35:51.179989+00:00", "data": {"market": "0xa9c0c820fd79b4339ed4711288ce15236196a6015234350f42b37341e9094398", "price_changes": [{"asset_id": "78438315737001038193507108078052969359305687599144926740526502005681502958823", "price": "0.01", "size": "8088.1", "side": "BUY", "hash": "4089b47bc34b91bf3d45655fa8721388f8d05830", "best_bid": "0.67", "best_ask": "0.69"}, {"asset_id": "91609514063242777856043730063938310894548353925882406409927495687846407164056", "price": "0.99", "size": "8088.1", "side": "SELL", "hash": "8cbb0dc77398b805eaa633f3dab398ff4e5d5ac4", "best_bid": "0.31", "best_ask": "0.33"}], "timestamp": "1769384151116", "event_type": "price_change"}}
{"_local_timestamp": "2026-01-25T23:35:51.182736+00:00", "data": {"market": "0xa9c0c820fd79b4339ed4711288ce15236196a6015234350f42b37341e9094398", "price_changes": [{"asset_id": "78438315737001038193507108078052969359305687599144926740526502005681502958823", "price": "0.01", "size": "11087.21", "side": "BUY", "hash": "c8ec5f528e54fcc93ea2d1cde59f3064be30c6b9", "best_bid": "0.67", "best_ask": "0.69"}, {"asset_id": "91609514063242777856043730063938310894548353925882406409927495687846407164056", "price": "0.99", "size": "11087.21", "side": "SELL", "hash": "a8a9c2dade06d1f44c4b21bdf701eae16a80503a", "best_bid": "0.31", "best_ask": "0.33"}], "timestamp": "1769384151117", "event_type": "price_change"}}
{"_local_timestamp": "2026-01-25T23:35:51.186594+00:00", "data": {"market": "0xa9c0c820fd79b4339ed4711288ce15236196a6015234350f42b37341e9094398", "price_changes": [{"asset_id": "91609514063242777856043730063938310894548353925882406409927495687846407164056", "price": "0.01", "size": "8378.22", "side": "BUY", "hash": "2f63140d9d1485096adcbd1baec6d455f3d085f0", "best_bid": "0.31", "best_ask": "0.33"}, {"asset_id": "78438315737001038193507108078052969359305687599144926740526502005681502958823", "price": "0.99", "size": "8378.22", "side": "SELL", "hash": "34a27a78c8c618f0d81ab78e2626c0d72b508ba7", "best_bid": "0.67", "best_ask": "0.69"}], "timestamp": "1769384151118", "event_type": "price_change"}}
{"_local_timestamp": "2026-01-25T23:35:51.187154+00:00", "data": {"market": "0xa9c0c820fd79b4339ed4711288ce15236196a6015234350f42b37341e9094398", "price_changes": [{"asset_id": "91609514063242777856043730063938310894548353925882406409927495687846407164056", "price": "0.02", "size": "2155.32", "side": "BUY", "hash": "d6adf4d6c2fe665b29f3013ec075cc3fb34ce56f", "best_bid": "0.31", "best_ask": "0.33"}, {"asset_id": "78438315737001038193507108078052969359305687599144926740526502005681502958823", "price": "0.98", "size": "2155.32", "side": "SELL", "hash": "f503a840830aafe604b9150261fdde3010b50e85", "best_bid": "0.67", "best_ask": "0.69"}], "timestamp": "1769384151119", "event_type": "price_change"}}
{"_local_timestamp": "2026-01-25T23:35:51.418456+00:00", "data": {"market": "0xa9c0c820fd79b4339ed4711288ce15236196a6015234350f42b37341e9094398", "price_changes": [{"asset_id": "78438315737001038193507108078052969359305687599144926740526502005681502958823", "price": "0.07", "size": "3999.11", "side": "BUY", "hash": "158c500ccd016a6e1961ae770efa3de6c13d70d1", "best_bid": "0.67", "best_ask": "0.69"}, {"asset_id": "91609514063242777856043730063938310894548353925882406409927495687846407164056", "price": "0.93", "size": "3999.11", "side": "SELL", "hash": "e88e97a519136f60f02d8837e1242ba371a7da21", "best_bid": "0.31", "best_ask": "0.33"}], "timestamp": "1769384151349", "event_type": "price_change"}}
{"_local_timestamp": "2026-01-25T23:35:51.440530+00:00", "data": {"market": "0xa9c0c820fd79b4339ed4711288ce15236196a6015234350f42b37341e9094398", "price_changes": [{"asset_id": "78438315737001038193507108078052969359305687599144926740526502005681502958823", "price": "0.01", "size": "14086.32", "side": "BUY", "hash": "530b7b85864ca0768dba3c783835548102d9fea6", "best_bid": "0.67", "best_ask": "0.69"}, {"asset_id": "91609514063242777856043730063938310894548353925882406409927495687846407164056", "price": "0.99", "size": "14086.32", "side": "SELL", "hash": "a8e4e7d26d0b6334d2bcca9a54b79718fccb2fb3", "best_bid": "0.31", "best_ask": "0.33"}], "timestamp": "1769384151350", "event_type": "price_change"}}
{"_local_timestamp": "2026-01-25T23:35:51.441254+00:00", "data": {"market": "0xa9c0c820fd79b4339ed4711288ce15236196a6015234350f42b37341e9094398", "price_changes": [{"asset_id": "91609514063242777856043730063938310894548353925882406409927495687846407164056", "price": "0.01", "size": "10377.33", "side": "BUY", "hash": "ad3a28babed9960649ea5400d66a16cd0606d867", "best_bid": "0.31", "best_ask": "0.33"}, {"asset_id": "78438315737001038193507108078052969359305687599144926740526502005681502958823", "price": "0.99", "size": "10377.33", "side": "SELL", "hash": "bfd5e1c934ebe59b5f9d46b95d0dad34c9c94ec5", "best_bid": "0.67", "best_ask": "0.69"}], "timestamp": "1769384151351", "event_type": "price_change"}}
{"_local_timestamp": "2026-01-25T23:35:51.441861+00:00", "data": {"market": "0xa9c0c820fd79b4339ed4711288ce15236196a6015234350f42b37341e9094398", "price_changes": [{"asset_id": "91609514063242777856043730063938310894548353925882406409927495687846407164056", "price": "0.01", "size": "13376.44", "side": "BUY", "hash": "47630b5edbdfd643c76328a525cd198cba11d4f4", "best_bid": "0.31", "best_ask": "0.33"}, {"asset_id": "78438315737001038193507108078052969359305687599144926740526502005681502958823", "price": "0.99", "size": "13376.44", "side": "SELL", "hash": "3e45d2dcf0353966c6b3e14ace45a448e2cdb86a", "best_bid": "0.67", "best_ask": "0.69"}], "timestamp": "1769384151351", "event_type": "price_change"}}
{"_local_timestamp": "2026-01-25T23:35:51.442461+00:00", "data": {"market": "0xa9c0c820fd79b4339ed4711288ce15236196a6015234350f42b37341e9094398", "price_changes": [{"asset_id": "91609514063242777856043730063938310894548353925882406409927495687846407164056", "price": "0.01", "size": "15375.55", "side": "BUY", "hash": "88ca1b85f29eda28231f269bb847a0bb2e36ff5a", "best_bid": "0.31", "best_ask": "0.33"}, {"asset_id": "78438315737001038193507108078052969359305687599144926740526502005681502958823", "price": "0.99", "size": "15375.55", "side": "SELL", "hash": "6c067b55596232fad2f6ba02ecd840c4909e2e8b", "best_bid": "0.67", "best_ask": "0.69"}], "timestamp": "1769384151352", "event_type": "price_change"}}
{"_local_timestamp": "2026-01-25T23:35:58.035345+00:00", "data": {"market": "0xa9c0c820fd79b4339ed4711288ce15236196a6015234350f42b37341e9094398", "price_changes": [{"asset_id": "78438315737001038193507108078052969359305687599144926740526502005681502958823", "price": "0.15", "size": "0", "side": "BUY", "hash": "94dc978428a650934f61dcf9b7bc3137566e5b95", "best_bid": "0.67", "best_ask": "0.69"}, {"asset_id": "91609514063242777856043730063938310894548353925882406409927495687846407164056", "price": "0.85", "size": "0", "side": "SELL", "hash": "b81bc8f3673c6afbef7b34dc0cd69f6a94b32b74", "best_bid": "0.31", "best_ask": "0.33"}], "timestamp": "1769384157960", "event_type": "price_change"}}
{"_local_timestamp": "2026-01-25T23:35:58.074610+00:00", "data": {"market": "0xa9c0c820fd79b4339ed4711288ce15236196a6015234350f42b37341e9094398", "price_changes": [{"asset_id": "78438315737001038193507108078052969359305687599144926740526502005681502958823", "price": "0.16", "size": "0", "side": "BUY", "hash": "9a6ec8c06b7596ee8a8e67a64ed14abb8dd3e8ed", "best_bid": "0.67", "best_ask": "0.69"}, {"asset_id": "91609514063242777856043730063938310894548353925882406409927495687846407164056", "price": "0.84", "size": "0", "side": "SELL", "hash": "c3982c09abe6cb705f84b2a419c4ea14d4ef59ea", "best_bid": "0.31", "best_ask": "0.33"}], "timestamp": "1769384157999", "event_type": "price_change"}}
{"_local_timestamp": "2026-01-25T23:35:58.095652+00:00", "data": {"market": "0xa9c0c820fd79b4339ed4711288ce15236196a6015234350f42b37341e9094398", "price_changes": [{"asset_id": "78438315737001038193507108078052969359305687599144926740526502005681502958823", "price": "0.14", "size": "250", "side": "BUY", "hash": "131818452b98f9456c202a9941d45c9f0b5e35fe", "best_bid": "0.67", "best_ask": "0.69"}, {"asset_id": "91609514063242777856043730063938310894548353925882406409927495687846407164056", "price": "0.86", "size": "250", "side": "SELL", "hash": "2626456917f55214b33e05e834e22148b0adafe0", "best_bid": "0.31", "best_ask": "0.33"}], "timestamp": "1769384158006", "event_type": "price_change"}}
{"_local_timestamp": "2026-01-25T23:35:58.282003+00:00", "data": {"market": "0xa9c0c820fd79b4339ed4711288ce15236196a6015234350f42b37341e9094398", "price_changes": [{"asset_id": "78438315737001038193507108078052969359305687599144926740526502005681502958823", "price": "0.11", "size": "200", "side": "BUY", "hash": "9f69f4b2e0a33e8c736191de52d04ebdc61b946d", "best_bid": "0.67", "best_ask": "0.69"}, {"asset_id": "91609514063242777856043730063938310894548353925882406409927495687846407164056", "price": "0.89", "size": "200", "side": "SELL", "hash": "3c8449e4f989592398c21e420e521ef2d58d4e0a", "best_bid": "0.31", "best_ask": "0.33"}], "timestamp": "1769384158215", "event_type": "price_change"}}
{"_local_timestamp": "2026-01-25T23:36:09.273090+00:00", "data": {"market": "0xa9c0c820fd79b4339ed4711288ce15236196a6015234350f42b37341e9094398", "price_changes": [{"asset_id": "78438315737001038193507108078052969359305687599144926740526502005681502958823", "price": "0.11", "size": "0", "side": "BUY", "hash": "f60a4ecaa63ddf736cd2fb7c9128885f046b699f", "best_bid": "0.67", "best_ask": "0.69"}, {"asset_id": "91609514063242777856043730063938310894548353925882406409927495687846407164056", "price": "0.89", "size": "0", "side": "SELL", "hash": "2f2f764db67deac7edf37da534618f86883ebd61", "best_bid": "0.31", "best_ask": "0.33"}], "timestamp": "1769384169207", "event_type": "price_change"}}
{"_local_timestamp": "2026-01-25T23:36:09.561266+00:00", "data": {"market": "0xa9c0c820fd79b4339ed4711288ce15236196a6015234350f42b37341e9094398", "price_changes": [{"asset_id": "78438315737001038193507108078052969359305687599144926740526502005681502958823", "price": "0.14", "size": "450", "side": "BUY", "hash": "4286eb52932d3ec7642429c3bbf0a80973314bf8", "best_bid": "0.67", "best_ask": "0.69"}, {"asset_id": "91609514063242777856043730063938310894548353925882406409927495687846407164056", "price": "0.86", "size": "450", "side": "SELL", "hash": "10f621f965fb816ff4bd07d6ac8f67d66de7721c", "best_bid": "0.31", "best_ask": "0.33"}], "timestamp": "1769384169493", "event_type": "price_change"}}
{"_local_timestamp": "2026-01-25T23:36:09.602833+00:00", "data": {"market": "0xa9c0c820fd79b4339ed4711288ce15236196a6015234350f42b37341e9094398", "price_changes": [{"asset_id": "78438315737001038193507108078052969359305687599144926740526502005681502958823", "price": "0.15", "size": "200", "side": "BUY", "hash": "c6e6196787b262eb45b3e1c56384a667b1152b8a", "best_bid": "0.67", "best_ask": "0.69"}, {"asset_id": "91609514063242777856043730063938310894548353925882406409927495687846407164056", "price": "0.85", "size": "200", "side": "SELL", "hash": "df216f5da4b69cb5fc1102e5dfc423857c7a1617", "best_bid": "0.31", "best_ask": "0.33"}], "timestamp": "1769384169533", "event_type": "price_change"}}
{"_local_timestamp": "2026-01-25T23:36:09.603558+00:00", "data": {"market": "0xa9c0c820fd79b4339ed4711288ce15236196a6015234350f42b37341e9094398", "price_changes": [{"asset_id": "78438315737001038193507108078052969359305687599144926740526502005681502958823", "price": "0.14", "size": "250", "side": "BUY", "hash": "ffdb0b8c070ff928056bc6edd9154b214b80fce7", "best_bid": "0.67", "best_ask": "0.69"}, {"asset_id": "91609514063242777856043730063938310894548353925882406409927495687846407164056", "price": "0.86", "size": "250", "side": "SELL", "hash": "6d90d252bf1d2a36157a31acf61a611f41fc8715", "best_bid": "0.31", "best_ask": "0.33"}], "timestamp": "1769384169535", "event_type": "price_change"}}
{"_local_timestamp": "2026-01-25T23:36:13.919513+00:00", "data": {"market": "0xa9c0c820fd79b4339ed4711288ce15236196a6015234350f42b37341e9094398", "price_changes": [{"asset_id": "91609514063242777856043730063938310894548353925882406409927495687846407164056", "price": "0.01", "size": "15275.55", "side": "BUY", "hash": "697aefbe2d9fa87de766ea92afb3eb706572043d", "best_bid": "0.31", "best_ask": "0.33"}, {"asset_id": "78438315737001038193507108078052969359305687599144926740526502005681502958823", "price": "0.99", "size": "15275.55", "side": "SELL", "hash": "362c578c1486acc14ab623026b862c450d2c13b5", "best_bid": "0.67", "best_ask": "0.69"}], "timestamp": "1769384173840", "event_type": "price_change"}}
{"_local_timestamp": "2026-01-25T23:36:14.236467+00:00", "data": {"market": "0xa9c0c820fd79b4339ed4711288ce15236196a6015234350f42b37341e9094398", "price_changes": [{"asset_id": "91609514063242777856043730063938310894548353925882406409927495687846407164056", "price": "0.02", "size": "2255.32", "side": "BUY", "hash": "f9e54b49eee88711269e76aef03a2e3208dd9225", "best_bid": "0.31", "best_ask": "0.33"}, {"asset_id": "78438315737001038193507108078052969359305687599144926740526502005681502958823", "price": "0.98", "size": "2255.32", "side": "SELL", "hash": "6bb603c5302ed6d18c9797410417c3318c949804", "best_bid": "0.67", "best_ask": "0.69"}], "timestamp": "1769384174129", "event_type": "price_change"}}
{"_local_timestamp": "2026-01-25T23:36:21.427727+00:00", "data": {"market": "0xa9c0c820fd79b4339ed4711288ce15236196a6015234350f42b37341e9094398", "price_changes": [{"asset_id": "78438315737001038193507108078052969359305687599144926740526502005681502958823", "price": "0.14", "size": "50", "side": "BUY", "hash": "8be9fd2d5f2f315309a8d7555890b9104be7f868", "best_bid": "0.67", "best_ask": "0.69"}, {"asset_id": "91609514063242777856043730063938310894548353925882406409927495687846407164056", "price": "0.86", "size": "50", "side": "SELL", "hash": "c3499d25c86fe388e11e26d38e5ddcb4d7d3c3aa", "best_bid": "0.31", "best_ask": "0.33"}], "timestamp": "1769384181342", "event_type": "price_change"}}
{"_local_timestamp": "2026-01-25T23:36:21.466072+00:00", "data": {"market": "0xa9c0c820fd79b4339ed4711288ce15236196a6015234350f42b37341e9094398", "price_changes": [{"asset_id": "78438315737001038193507108078052969359305687599144926740526502005681502958823", "price": "0.15", "size": "0", "side": "BUY", "hash": "a3d8390fdc641c0d0044f7483ea3cdb5e270fba5", "best_bid": "0.67", "best_ask": "0.69"}, {"asset_id": "91609514063242777856043730063938310894548353925882406409927495687846407164056", "price": "0.85", "size": "0", "side": "SELL", "hash": "bddeed8ed7bccfff8ad07819a6a3472c3df6e85f", "best_bid": "0.31", "best_ask": "0.33"}], "timestamp": "1769384181385", "event_type": "price_change"}}
{"_local_timestamp": "2026-01-25T23:36:21.474804+00:00", "data": {"market": "0xa9c0c820fd79b4339ed4711288ce15236196a6015234350f42b37341e9094398", "price_changes": [{"asset_id": "78438315737001038193507108078052969359305687599144926740526502005681502958823", "price": "0.14", "size": "250", "side": "BUY", "hash": "79d4b3cd94a8e9e7d5d3bbc9151008293e39d92b", "best_bid": "0.67", "best_ask": "0.69"}, {"asset_id": "91609514063242777856043730063938310894548353925882406409927495687846407164056", "price": "0.86", "size": "250", "side": "SELL", "hash": "2aaaa81c6d859d9bc072906a6a823a33c82b61b2", "best_bid": "0.31", "best_ask": "0.33"}], "timestamp": "1769384181387", "event_type": "price_change"}}
{"_local_timestamp": "2026-01-25T23:36:21.725232+00:00", "data": {"market": "0xa9c0c820fd79b4339ed4711288ce15236196a6015234350f42b37341e9094398", "price_changes": [{"asset_id": "78438315737001038193507108078052969359305687599144926740526502005681502958823", "price": "0.15", "size": "200", "side": "BUY", "hash": "d3ea66d0991d12e470c96044825757f4c4b035d9", "best_bid": "0.67", "best_ask": "0.69"}, {"asset_id": "91609514063242777856043730063938310894548353925882406409927495687846407164056", "price": "0.85", "size": "200", "side": "SELL", "hash": "b267f78a5723bae010cb0685a8beaf5eb0205de7", "best_bid": "0.31", "best_ask": "0.33"}], "timestamp": "1769384181616", "event_type": "price_change"}}
{"_local_timestamp": "2026-01-25T23:36:23.465228+00:00", "data": {"market": "0xa9c0c820fd79b4339ed4711288ce15236196a6015234350f42b37341e9094398", "price_changes": [{"asset_id": "78438315737001038193507108078052969359305687599144926740526502005681502958823", "price": "0.16", "size": "200", "side": "BUY", "hash": "3e7da6b87aae645f546df0ab1df38620bca5a9c9", "best_bid": "0.67", "best_ask": "0.69"}, {"asset_id": "91609514063242777856043730063938310894548353925882406409927495687846407164056", "price": "0.84", "size": "200", "side": "SELL", "hash": "7826cdcca938797aaa0b47555a1b0c3c0121098a", "best_bid": "0.31", "best_ask": "0.33"}], "timestamp": "1769384183395", "event_type": "price_change"}}
{"_local_timestamp": "2026-01-25T23:36:23.465954+00:00", "data": {"market": "0xa9c0c820fd79b4339ed4711288ce15236196a6015234350f42b37341e9094398", "price_changes": [{"asset_id": "78438315737001038193507108078052969359305687599144926740526502005681502958823", "price": "0.14", "size": "50", "side": "BUY", "hash": "da48bef03ee576047f190613404a5527a968ce07", "best_bid": "0.67", "best_ask": "0.69"}, {"asset_id": "91609514063242777856043730063938310894548353925882406409927495687846407164056", "price": "0.86", "size": "50", "side": "SELL", "hash": "8f8ba07b9865eeabd64811ed10f8ae83c451223a", "best_bid": "0.31", "best_ask": "0.33"}], "timestamp": "1769384183395", "event_type": "price_change"}}
{"_local_timestamp": "2026-01-25T23:36:33.180810+00:00", "data": {"market": "0xa9c0c820fd79b4339ed4711288ce15236196a6015234350f42b37341e9094398", "price_changes": [{"asset_id": "78438315737001038193507108078052969359305687599144926740526502005681502958823", "price": "0.15", "size": "0", "side": "BUY", "hash": "88cfba7b0fbee74094b3ca7da821b5fe23cc3bf3", "best_bid": "0.67", "best_ask": "0.69"}, {"asset_id": "91609514063242777856043730063938310894548353925882406409927495687846407164056", "price": "0.85", "size": "0", "side": "SELL", "hash": "467bea6f0d863f52cc9429f0ea7f7cbacd8dfe2c", "best_bid": "0.31", "best_ask": "0.33"}], "timestamp": "1769384193108", "event_type": "price_change"}}
{"_local_timestamp": "2026-01-25T23:36:33.231871+00:00", "data": {"market": "0xa9c0c820fd79b4339ed4711288ce15236196a6015234350f42b37341e9094398", "price_changes": [{"asset_id": "78438315737001038193507108078052969359305687599144926740526502005681502958823", "price": "0.16", "size": "0", "side": "BUY", "hash": "19e54324d97805bf809bf059894fb0a408e402a9", "best_bid": "0.67", "best_ask": "0.69"}, {"asset_id": "91609514063242777856043730063938310894548353925882406409927495687846407164056", "price": "0.84", "size": "0", "side": "SELL", "hash": "2380ce9881be4e0ea472a718df0da3408be2b0f2", "best_bid": "0.31", "best_ask": "0.33"}], "timestamp": "1769384193149", "event_type": "price_change"}}
{"_local_timestamp": "2026-01-25T23:36:33.232574+00:00", "data": {"market": "0xa9c0c820fd79b4339ed4711288ce15236196a6015234350f42b37341e9094398", "price_changes": [{"asset_id": "78438315737001038193507108078052969359305687599144926740526502005681502958823", "price": "0.14", "size": "250", "side": "BUY", "hash": "1c0531a2750cf8caf84d44426cc0303cfa115ec7", "best_bid": "0.67", "best_ask": "0.69"}, {"asset_id": "91609514063242777856043730063938310894548353925882406409927495687846407164056", "price": "0.86", "size": "250", "side": "SELL", "hash": "c7480a8a3c4624868350e0a21a0218c45b7f69d7", "best_bid": "0.31", "best_ask": "0.33"}], "timestamp": "1769384193153", "event_type": "price_change"}}
{"_local_timestamp": "2026-01-25T23:36:33.452148+00:00", "data": {"market": "0xa9c0c820fd79b4339ed4711288ce15236196a6015234350f42b37341e9094398", "price_changes": [{"asset_id": "78438315737001038193507108078052969359305687599144926740526502005681502958823", "price": "0.11", "size": "200", "side": "BUY", "hash": "4cbadf894d62595b5e64085a0ca9e7df4afcc17b", "best_bid": "0.67", "best_ask": "0.69"}, {"asset_id": "91609514063242777856043730063938310894548353925882406409927495687846407164056", "price": "0.89", "size": "200", "side": "SELL", "hash": "ae9d67dc9b5c5110a68126faec8d1bb548d0cf96", "best_bid": "0.31", "best_ask": "0.33"}], "timestamp": "1769384193380", "event_type": "price_change"}}
{"_local_timestamp": "2026-01-25T23:36:45.037239+00:00", "data": {"market": "0xa9c0c820fd79b4339ed4711288ce15236196a6015234350f42b37341e9094398", "price_changes": [{"asset_id": "78438315737001038193507108078052969359305687599144926740526502005681502958823", "price": "0.11", "size": "0", "side": "BUY", "hash": "881c4345233aa410882cb426bb475bf058ec2ac4", "best_bid": "0.67", "best_ask": "0.69"}, {"asset_id": "91609514063242777856043730063938310894548353925882406409927495687846407164056", "price": "0.89", "size": "0", "side": "SELL", "hash": "bb36d1b1ddecd591cacde38b9c4089935af739ee", "best_bid": "0.31", "best_ask": "0.33"}], "timestamp": "1769384204925", "event_type": "price_change"}}
{"_local_timestamp": "2026-01-25T23:36:45.280861+00:00", "data": {"market": "0xa9c0c820fd79b4339ed4711288ce15236196a6015234350f42b37341e9094398", "price_changes": [{"asset_id": "78438315737001038193507108078052969359305687599144926740526502005681502958823", "price": "0.14", "size": "450", "side": "BUY", "hash": "3f368ab00c936adfd87ceba535635f64c5e4c8c8", "best_bid": "0.67", "best_ask": "0.69"}, {"asset_id": "91609514063242777856043730063938310894548353925882406409927495687846407164056", "price": "0.86", "size": "450", "side": "SELL", "hash": "e7d21a780cc8e591a1e1080e0b7f4ff7660dcccf", "best_bid": "0.31", "best_ask": "0.33"}], "timestamp": "1769384205177", "event_type": "price_change"}}
{"_local_timestamp": "2026-01-25T23:36:45.322583+00:00", "data": {"market": "0xa9c0c820fd79b4339ed4711288ce15236196a6015234350f42b37341e9094398", "price_changes": [{"asset_id": "78438315737001038193507108078052969359305687599144926740526502005681502958823", "price": "0.14", "size": "250", "side": "BUY", "hash": "d5803849d810717ed1bfc89c4ff225a948d1838d", "best_bid": "0.67", "best_ask": "0.69"}, {"asset_id": "91609514063242777856043730063938310894548353925882406409927495687846407164056", "price": "0.86", "size": "250", "side": "SELL", "hash": "bbfe950260fc0db1487d15a9bb207b4852e347c5", "best_bid": "0.31", "best_ask": "0.33"}], "timestamp": "1769384205215", "event_type": "price_change"}}
{"_local_timestamp": "2026-01-25T23:36:45.323251+00:00", "data": {"market": "0xa9c0c820fd79b4339ed4711288ce15236196a6015234350f42b37341e9094398", "price_changes": [{"asset_id": "78438315737001038193507108078052969359305687599144926740526502005681502958823", "price": "0.15", "size": "200", "side": "BUY", "hash": "54a4d0094bbc4f9799c319a5dabd6a868bf407dd", "best_bid": "0.67", "best_ask": "0.69"}, {"asset_id": "91609514063242777856043730063938310894548353925882406409927495687846407164056", "price": "0.85", "size": "200", "side": "SELL", "hash": "8e1f92258531afd15a658f65e397912a42ac580c", "best_bid": "0.31", "best_ask": "0.33"}], "timestamp": "1769384205216", "event_type": "price_change"}}
{"_local_timestamp": "2026-01-25T23:36:56.611145+00:00", "data": {"market": "0xa9c0c820fd79b4339ed4711288ce15236196a6015234350f42b37341e9094398", "price_changes": [{"asset_id": "78438315737001038193507108078052969359305687599144926740526502005681502958823", "price": "0.14", "size": "50", "side": "BUY", "hash": "94712b198885358aecc45af3ba5d804767ca2cb6", "best_bid": "0.67", "best_ask": "0.69"}, {"asset_id": "91609514063242777856043730063938310894548353925882406409927495687846407164056", "price": "0.86", "size": "50", "side": "SELL", "hash": "fdc2bf87f75b493308593d02ac13ef83033f9833", "best_bid": "0.31", "best_ask": "0.33"}], "timestamp": "1769384216460", "event_type": "price_change"}}
{"_local_timestamp": "2026-01-25T23:36:56.646727+00:00", "data": {"market": "0xa9c0c820fd79b4339ed4711288ce15236196a6015234350f42b37341e9094398", "price_changes": [{"asset_id": "78438315737001038193507108078052969359305687599144926740526502005681502958823", "price": "0.14", "size": "250", "side": "BUY", "hash": "47af32fed0210c722e716947b77797abc28b180f", "best_bid": "0.67", "best_ask": "0.69"}, {"asset_id": "91609514063242777856043730063938310894548353925882406409927495687846407164056", "price": "0.86", "size": "250", "side": "SELL", "hash": "e8b7194921ac94088380a8a553743d2ab465a092", "best_bid": "0.31", "best_ask": "0.33"}], "timestamp": "1769384216497", "event_type": "price_change"}}
{"_local_timestamp": "2026-01-25T23:36:56.647299+00:00", "data": {"market": "0xa9c0c820fd79b4339ed4711288ce15236196a6015234350f42b37341e9094398", "price_changes": [{"asset_id": "78438315737001038193507108078052969359305687599144926740526502005681502958823", "price": "0.15", "size": "0", "side": "BUY", "hash": "ce4d8ed35e0aa4e7c1b4743bb6d3eda4fef46336", "best_bid": "0.67", "best_ask": "0.69"}, {"asset_id": "91609514063242777856043730063938310894548353925882406409927495687846407164056", "price": "0.85", "size": "0", "side": "SELL", "hash": "4fd55fb862fceeab14ca722f6a00b81897be34a4", "best_bid": "0.31", "best_ask": "0.33"}], "timestamp": "1769384216498", "event_type": "price_change"}}
{"_local_timestamp": "2026-01-25T23:36:56.908602+00:00", "data": {"market": "0xa9c0c820fd79b4339ed4711288ce15236196a6015234350f42b37341e9094398", "price_changes": [{"asset_id": "78438315737001038193507108078052969359305687599144926740526502005681502958823", "price": "0.15", "size": "200", "side": "BUY", "hash": "e287a24bbaa90f73ef9607c834835ddb96fb9bdb", "best_bid": "0.67", "best_ask": "0.69"}, {"asset_id": "91609514063242777856043730063938310894548353925882406409927495687846407164056", "price": "0.85", "size": "200", "side": "SELL", "hash": "1d5a136c99d8fa67b8941f040f37f65b3395e642", "best_bid": "0.31", "best_ask": "0.33"}], "timestamp": "1769384216761", "event_type": "price_change"}}
{"_local_timestamp": "2026-01-25T23:36:58.725271+00:00", "data": {"market": "0xa9c0c820fd79b4339ed4711288ce15236196a6015234350f42b37341e9094398", "price_changes": [{"asset_id": "78438315737001038193507108078052969359305687599144926740526502005681502958823", "price": "0.14", "size": "50", "side": "BUY", "hash": "cb30b9bc79a2c59b2022a581b2818e9a107f3ef9", "best_bid": "0.67", "best_ask": "0.69"}, {"asset_id": "91609514063242777856043730063938310894548353925882406409927495687846407164056", "price": "0.86", "size": "50", "side": "SELL", "hash": "009169f736c03f8e2ed1cb304fe90c8c43fb9079", "best_bid": "0.31", "best_ask": "0.33"}], "timestamp": "1769384218513", "event_type": "price_change"}}
{"_local_timestamp": "2026-01-25T23:36:58.734070+00:00", "data": {"market": "0xa9c0c820fd79b4339ed4711288ce15236196a6015234350f42b37341e9094398", "price_changes": [{"asset_id": "78438315737001038193507108078052969359305687599144926740526502005681502958823", "price": "0.16", "size": "200", "side": "BUY", "hash": "5fe5a6bd8176e65525764ece58f2bad0e873a7f0", "best_bid": "0.67", "best_ask": "0.69"}, {"asset_id": "91609514063242777856043730063938310894548353925882406409927495687846407164056", "price": "0.84", "size": "200", "side": "SELL", "hash": "ad5f598d0f6b8c120d6e210913b0154a093e707a", "best_bid": "0.31", "best_ask": "0.33"}], "timestamp": "1769384218522", "event_type": "price_change"}}
{"_local_timestamp": "2026-01-25T23:37:07.776896+00:00", "data": {"market": "0xa9c0c820fd79b4339ed4711288ce15236196a6015234350f42b37341e9094398", "price_changes": [{"asset_id": "78438315737001038193507108078052969359305687599144926740526502005681502958823", "price": "0.15", "size": "0", "side": "BUY", "hash": "e510a2797f9e5a5a35fc138e8b06d5a3bb6e5032", "best_bid": "0.67", "best_ask": "0.69"}, {"asset_id": "91609514063242777856043730063938310894548353925882406409927495687846407164056", "price": "0.85", "size": "0", "side": "SELL", "hash": "9816d2bcbaf93de48ccbb0a11a253f874e98343f", "best_bid": "0.31", "best_ask": "0.33"}], "timestamp": "1769384227555", "event_type": "price_change"}}
{"_local_timestamp": "2026-01-25T23:37:07.828456+00:00", "data": {"market": "0xa9c0c820fd79b4339ed4711288ce15236196a6015234350f42b37341e9094398", "price_changes": [{"asset_id": "78438315737001038193507108078052969359305687599144926740526502005681502958823", "price": "0.16", "size": "0", "side": "BUY", "hash": "fe8b7aad8dbb93172cffce4cfde503132c8ec354", "best_bid": "0.67", "best_ask": "0.69"}, {"asset_id": "91609514063242777856043730063938310894548353925882406409927495687846407164056", "price": "0.84", "size": "0", "side": "SELL", "hash": "babe6e451a81e783dae0c4991a9d148630511fe4", "best_bid": "0.31", "best_ask": "0.33"}], "timestamp": "1769384227592", "event_type": "price_change"}}
{"_local_timestamp": "2026-01-25T23:37:07.829130+00:00", "data": {"market": "0xa9c0c820fd79b4339ed4711288ce15236196a6015234350f42b37341e9094398", "price_changes": [{"asset_id": "78438315737001038193507108078052969359305687599144926740526502005681502958823", "price": "0.14", "size": "250", "side": "BUY", "hash": "d0d855301a5f8d93d320570b0d149bd38709f462", "best_bid": "0.67", "best_ask": "0.69"}, {"asset_id": "91609514063242777856043730063938310894548353925882406409927495687846407164056", "price": "0.86", "size": "250", "side": "SELL", "hash": "5f1af98d9b15feb12ef1150893f224438dc04392", "best_bid": "0.31", "best_ask": "0.33"}], "timestamp": "1769384227596", "event_type": "price_change"}}
{"_local_timestamp": "2026-01-25T23:37:08.040235+00:00", "data": {"market": "0xa9c0c820fd79b4339ed4711288ce15236196a6015234350f42b37341e9094398", "price_changes": [{"asset_id": "78438315737001038193507108078052969359305687599144926740526502005681502958823", "price": "0.11", "size": "200", "side": "BUY", "hash": "00fd04e5727c904205c3c11a28b78724e73ed97e", "best_bid": "0.67", "best_ask": "0.69"}, {"asset_id": "91609514063242777856043730063938310894548353925882406409927495687846407164056", "price": "0.89", "size": "200", "side": "SELL", "hash": "756bf61d5572e4c657c522e5f89cddfc68386d11", "best_bid": "0.31", "best_ask": "0.33"}], "timestamp": "1769384227819", "event_type": "price_change"}}
{"_local_timestamp": "2026-01-25T23:37:17.839814+00:00", "data": {"market": "0xa9c0c820fd79b4339ed4711288ce15236196a6015234350f42b37341e9094398", "price_changes": [{"asset_id": "78438315737001038193507108078052969359305687599144926740526502005681502958823", "price": "0.11", "size": "0", "side": "BUY", "hash": "adb8dd1372c6d44ec90811a68ba820ea45122611", "best_bid": "0.67", "best_ask": "0.69"}, {"asset_id": "91609514063242777856043730063938310894548353925882406409927495687846407164056", "price": "0.89", "size": "0", "side": "SELL", "hash": "18696f0d28b285344aa3c9a794676112382d39ce", "best_bid": "0.31", "best_ask": "0.33"}], "timestamp": "1769384237765", "event_type": "price_change"}}
{"_local_timestamp": "2026-01-25T23:37:18.101853+00:00", "data": {"market": "0xa9c0c820fd79b4339ed4711288ce15236196a6015234350f42b37341e9094398", "price_changes": [{"asset_id": "78438315737001038193507108078052969359305687599144926740526502005681502958823", "price": "0.14", "size": "450", "side": "BUY", "hash": "c53dba2661b654ccff15dcb89b2fdcb7e545377e", "best_bid": "0.67", "best_ask": "0.69"}, {"asset_id": "91609514063242777856043730063938310894548353925882406409927495687846407164056", "price": "0.86", "size": "450", "side": "SELL", "hash": "42976bb68d10ff4742d45023f8f1c5ca217844b8", "best_bid": "0.31", "best_ask": "0.33"}], "timestamp": "1769384238011", "event_type": "price_change"}}
{"_local_timestamp": "2026-01-25T23:37:18.107176+00:00", "data": {"market": "0xa9c0c820fd79b4339ed4711288ce15236196a6015234350f42b37341e9094398", "price_changes": [{"asset_id": "91609514063242777856043730063938310894548353925882406409927495687846407164056", "price": "0.34", "size": "0", "side": "SELL", "hash": "f3ba30f419ea7927731e195f9629a126535b6af1", "best_bid": "0.31", "best_ask": "0.33"}, {"asset_id": "78438315737001038193507108078052969359305687599144926740526502005681502958823", "price": "0.66", "size": "0", "side": "BUY", "hash": "114be535a2593227168e211636a2b4e019a84fcb", "best_bid": "0.67", "best_ask": "0.69"}], "timestamp": "1769384238013", "event_type": "price_change"}}
{"_local_timestamp": "2026-01-25T23:37:18.158258+00:00", "data": {"market": "0xa9c0c820fd79b4339ed4711288ce15236196a6015234350f42b37341e9094398", "price_changes": [{"asset_id": "78438315737001038193507108078052969359305687599144926740526502005681502958823", "price": "0.14", "size": "250", "side": "BUY", "hash": "513afbb42ce6bcb2d3d84df001d0e9543b81e23b", "best_bid": "0.67", "best_ask": "0.69"}, {"asset_id": "91609514063242777856043730063938310894548353925882406409927495687846407164056", "price": "0.86", "size": "250", "side": "SELL", "hash": "40463bdc9097dfcf80d2ec5772c626452374dcc6", "best_bid": "0.31", "best_ask": "0.33"}], "timestamp": "1769384238072", "event_type": "price_change"}}
{"_local_timestamp": "2026-01-25T23:37:18.158866+00:00", "data": {"market": "0xa9c0c820fd79b4339ed4711288ce15236196a6015234350f42b37341e9094398", "price_changes": [{"asset_id": "78438315737001038193507108078052969359305687599144926740526502005681502958823", "price": "0.15", "size": "200", "side": "BUY", "hash": "dee0a1590882ca55f0a14817f6be729824d55ee3", "best_bid": "0.67", "best_ask": "0.69"}, {"asset_id": "91609514063242777856043730063938310894548353925882406409927495687846407164056", "price": "0.85", "size": "200", "side": "SELL", "hash": "4aedf1dbad22c6b9a80f074a8f4d6b5bb4717220", "best_bid": "0.31", "best_ask": "0.33"}], "timestamp": "1769384238073", "event_type": "price_change"}}
{"_local_timestamp": "2026-01-25T23:37:19.429686+00:00", "data": {"market": "0xa9c0c820fd79b4339ed4711288ce15236196a6015234350f42b37341e9094398", "price_changes": [{"asset_id": "91609514063242777856043730063938310894548353925882406409927495687846407164056", "price": "0.34", "size": "6.8", "side": "SELL", "hash": "d2324cd59eb8b81db82ad6dbe80c6f7aacb65164", "best_bid": "0.31", "best_ask": "0.33"}, {"asset_id": "78438315737001038193507108078052969359305687599144926740526502005681502958823", "price": "0.66", "size": "6.8", "side": "BUY", "hash": "954b00672ad30730cccf02c2a4e342514f1de6af", "best_bid": "0.67", "best_ask": "0.69"}], "timestamp": "1769384239360", "event_type": "price_change"}}
{"_local_timestamp": "2026-01-25T23:37:28.340454+00:00", "data": {"market": "0xa9c0c820fd79b4339ed4711288ce15236196a6015234350f42b37341e9094398", "price_changes": [{"asset_id": "78438315737001038193507108078052969359305687599144926740526502005681502958823", "price": "0.14", "size": "50", "side": "BUY", "hash": "e80ba3ccb0712df8c7848b75cdccd5ea6a732301", "best_bid": "0.67", "best_ask": "0.69"}, {"asset_id": "91609514063242777856043730063938310894548353925882406409927495687846407164056", "price": "0.86", "size": "50", "side": "SELL", "hash": "b8d8da3a7a24826dd8efcd90e6bcfd8f358845da", "best_bid": "0.31", "best_ask": "0.33"}], "timestamp": "1769384248262", "event_type": "price_change"}}
{"_local_timestamp": "2026-01-25T23:37:28.371572+00:00", "data": {"market": "0xa9c0c820fd79b4339ed4711288ce15236196a6015234350f42b37341e9094398", "price_changes": [{"asset_id": "78438315737001038193507108078052969359305687599144926740526502005681502958823", "price": "0.15", "size": "0", "side": "BUY", "hash": "fd8d5e06d0468157c9e8f0f0299ed3b09d8f3616", "best_bid": "0.67", "best_ask": "0.69"}, {"asset_id": "91609514063242777856043730063938310894548353925882406409927495687846407164056", "price": "0.85", "size": "0", "side": "SELL", "hash": "30018ba62d790cf3ceb4ca7580d9c38d740f5e23", "best_bid": "0.31", "best_ask": "0.33"}], "timestamp": "1769384248304", "event_type": "price_change"}}
{"_local_timestamp": "2026-01-25T23:37:28.372617+00:00", "data": {"market": "0xa9c0c820fd79b4339ed4711288ce15236196a6015234350f42b37341e9094398", "price_changes": [{"asset_id": "78438315737001038193507108078052969359305687599144926740526502005681502958823", "price": "0.14", "size": "250", "side": "BUY", "hash": "c4d0ad4973fb1c5b3d2de0fd77a2faf4d96f05d3", "best_bid": "0.67", "best_ask": "0.69"}, {"asset_id": "91609514063242777856043730063938310894548353925882406409927495687846407164056", "price": "0.86", "size": "250", "side": "SELL", "hash": "3d0859a08133ebaea4ea07ece5b0ed17d223e94f", "best_bid": "0.31", "best_ask": "0.33"}], "timestamp": "1769384248306", "event_type": "price_change"}}
{"_local_timestamp": "2026-01-25T23:37:28.592782+00:00", "data": {"market": "0xa9c0c820fd79b4339ed4711288ce15236196a6015234350f42b37341e9094398", "price_changes": [{"asset_id": "78438315737001038193507108078052969359305687599144926740526502005681502958823", "price": "0.15", "size": "200", "side": "BUY", "hash": "69117c18944550cc5e154e5d5a35f93da3af6bb9", "best_bid": "0.67", "best_ask": "0.69"}, {"asset_id": "91609514063242777856043730063938310894548353925882406409927495687846407164056", "price": "0.85", "size": "200", "side": "SELL", "hash": "b12b5b7415bcfc7aedb71f8bcfd31dc94690769c", "best_bid": "0.31", "best_ask": "0.33"}], "timestamp": "1769384248512", "event_type": "price_change"}}
{"_local_timestamp": "2026-01-25T23:37:30.373470+00:00", "data": {"market": "0xa9c0c820fd79b4339ed4711288ce15236196a6015234350f42b37341e9094398", "price_changes": [{"asset_id": "78438315737001038193507108078052969359305687599144926740526502005681502958823", "price": "0.14", "size": "50", "side": "BUY", "hash": "9d4a3cab9211b844cdd4882c178a0751b971f28c", "best_bid": "0.67", "best_ask": "0.69"}, {"asset_id": "91609514063242777856043730063938310894548353925882406409927495687846407164056", "price": "0.86", "size": "50", "side": "SELL", "hash": "4f11a5f855622a60837b3ed14c3e4eb067bae7ec", "best_bid": "0.31", "best_ask": "0.33"}], "timestamp": "1769384250307", "event_type": "price_change"}}
{"_local_timestamp": "2026-01-25T23:37:30.374068+00:00", "data": {"market": "0xa9c0c820fd79b4339ed4711288ce15236196a6015234350f42b37341e9094398", "price_changes": [{"asset_id": "78438315737001038193507108078052969359305687599144926740526502005681502958823", "price": "0.16", "size": "200", "side": "BUY", "hash": "a4acb81a7ad5117d5027530c7b1d2127f1f34c47", "best_bid": "0.67", "best_ask": "0.69"}, {"asset_id": "91609514063242777856043730063938310894548353925882406409927495687846407164056", "price": "0.84", "size": "200", "side": "SELL", "hash": "deb771794a02e352723f7f4acd9cef9d06ec5ab2", "best_bid": "0.31", "best_ask": "0.33"}], "timestamp": "1769384250308", "event_type": "price_change"}}
{"_local_timestamp": "2026-01-25T23:37:39.425339+00:00", "data": {"market": "0xa9c0c820fd79b4339ed4711288ce15236196a6015234350f42b37341e9094398", "price_changes": [{"asset_id": "78438315737001038193507108078052969359305687599144926740526502005681502958823", "price": "0.15", "size": "0", "side": "BUY", "hash": "df27a3523fcc4b8a204e08b185cb368aba115b7f", "best_bid": "0.67", "best_ask": "0.69"}, {"asset_id": "91609514063242777856043730063938310894548353925882406409927495687846407164056", "price": "0.85", "size": "0", "side": "SELL", "hash": "7982c072b41ee24dc18c89ee83a741e0b4dbdcc0", "best_bid": "0.31", "best_ask": "0.33"}], "timestamp": "1769384259356", "event_type": "price_change"}}
{"_local_timestamp": "2026-01-25T23:37:39.467257+00:00", "data": {"market": "0xa9c0c820fd79b4339ed4711288ce15236196a6015234350f42b37341e9094398", "price_changes": [{"asset_id": "78438315737001038193507108078052969359305687599144926740526502005681502958823", "price": "0.14", "size": "250", "side": "BUY", "hash": "e08c00bd818dca9f6814fae93824d09dbcc1e053", "best_bid": "0.67", "best_ask": "0.69"}, {"asset_id": "91609514063242777856043730063938310894548353925882406409927495687846407164056", "price": "0.86", "size": "250", "side": "SELL", "hash": "a21be4e3d49dc0bee1e8fa2774eaef06444809b8", "best_bid": "0.31", "best_ask": "0.33"}], "timestamp": "1769384259398", "event_type": "price_change"}}
{"_local_timestamp": "2026-01-25T23:37:39.501251+00:00", "data": {"market": "0xa9c0c820fd79b4339ed4711288ce15236196a6015234350f42b37341e9094398", "price_changes": [{"asset_id": "78438315737001038193507108078052969359305687599144926740526502005681502958823", "price": "0.16", "size": "0", "side": "BUY", "hash": "cf20fa95a5f340f47c63de634ee81a5b1cc2bbc6", "best_bid": "0.67", "best_ask": "0.69"}, {"asset_id": "91609514063242777856043730063938310894548353925882406409927495687846407164056", "price": "0.84", "size": "0", "side": "SELL", "hash": "fe3098de58b248027f709368b619a8e0a3094929", "best_bid": "0.31", "best_ask": "0.33"}], "timestamp": "1769384259426", "event_type": "price_change"}}
{"_local_timestamp": "2026-01-25T23:37:39.705167+00:00", "data": {"market": "0xa9c0c820fd79b4339ed4711288ce15236196a6015234350f42b37341e9094398", "price_changes": [{"asset_id": "78438315737001038193507108078052969359305687599144926740526502005681502958823", "price": "0.11", "size": "200", "side": "BUY", "hash": "917449989eaaf64fdf961a8c1d4f1788cf5340d4", "best_bid": "0.67", "best_ask": "0.69"}, {"asset_id": "91609514063242777856043730063938310894548353925882406409927495687846407164056", "price": "0.89", "size": "200", "side": "SELL", "hash": "9f5a9bddbf0b7afa4df249a6d1d41cf56922d8df", "best_bid": "0.31", "best_ask": "0.33"}], "timestamp": "1769384259635", "event_type": "price_change"}}
{"_local_timestamp": "2026-01-25T23:37:50.951700+00:00", "data": {"market": "0xa9c0c820fd79b4339ed4711288ce15236196a6015234350f42b37341e9094398", "price_changes": [{"asset_id": "78438315737001038193507108078052969359305687599144926740526502005681502958823", "price": "0.11", "size": "0", "side": "BUY", "hash": "875a31805e93282feb324cbab19181793188c71a", "best_bid": "0.67", "best_ask": "0.69"}, {"asset_id": "91609514063242777856043730063938310894548353925882406409927495687846407164056", "price": "0.89", "size": "0", "side": "SELL", "hash": "73a9bed75929228b311d95911103fe8ac52db89f", "best_bid": "0.31", "best_ask": "0.33"}], "timestamp": "1769384270877", "event_type": "price_change"}}
{"_local_timestamp": "2026-01-25T23:37:51.390647+00:00", "data": {"market": "0xa9c0c820fd79b4339ed4711288ce15236196a6015234350f42b37341e9094398", "price_changes": [{"asset_id": "78438315737001038193507108078052969359305687599144926740526502005681502958823", "price": "0.14", "size": "450", "side": "BUY", "hash": "69a8e99677623a84fdc9a68be177f738aa89c938", "best_bid": "0.67", "best_ask": "0.69"}, {"asset_id": "91609514063242777856043730063938310894548353925882406409927495687846407164056", "price": "0.86", "size": "450", "side": "SELL", "hash": "bd9a33b7f1a359647407d025238771549fb31a4f", "best_bid": "0.31", "best_ask": "0.33"}], "timestamp": "1769384271133", "event_type": "price_change"}}
{"_local_timestamp": "2026-01-25T23:37:51.658205+00:00", "data": {"market": "0xa9c0c820fd79b4339ed4711288ce15236196a6015234350f42b37341e9094398", "price_changes": [{"asset_id": "78438315737001038193507108078052969359305687599144926740526502005681502958823", "price": "0.14", "size": "250", "side": "BUY", "hash": "f7fcb1510133dbc0bc45739212e0bbcdde9148e5", "best_bid": "0.67", "best_ask": "0.69"}, {"asset_id": "91609514063242777856043730063938310894548353925882406409927495687846407164056", "price": "0.86", "size": "250", "side": "SELL", "hash": "fa336d5b7340e4b87aeb892f8744c923e8d23fd6", "best_bid": "0.31", "best_ask": "0.33"}], "timestamp": "1769384271366", "event_type": "price_change"}}
{"_local_timestamp": "2026-01-25T23:37:51.671308+00:00", "data": {"market": "0xa9c0c820fd79b4339ed4711288ce15236196a6015234350f42b37341e9094398", "price_changes": [{"asset_id": "78438315737001038193507108078052969359305687599144926740526502005681502958823", "price": "0.15", "size": "200", "side": "BUY", "hash": "c5b15b5a858f89541474181293ef3a01f57f9579", "best_bid": "0.67", "best_ask": "0.69"}, {"asset_id": "91609514063242777856043730063938310894548353925882406409927495687846407164056", "price": "0.85", "size": "200", "side": "SELL", "hash": "bd44fa5cac1739fd95b61a346d1fb85d77eebeb6", "best_bid": "0.31", "best_ask": "0.33"}], "timestamp": "1769384271373", "event_type": "price_change"}}
{"_local_timestamp": "2026-01-25T23:38:01.425954+00:00", "data": {"market": "0xa9c0c820fd79b4339ed4711288ce15236196a6015234350f42b37341e9094398", "price_changes": [{"asset_id": "78438315737001038193507108078052969359305687599144926740526502005681502958823", "price": "0.14", "size": "50", "side": "BUY", "hash": "431f446c1cee3540ba799fd3e78343cf694c5899", "best_bid": "0.67", "best_ask": "0.69"}, {"asset_id": "91609514063242777856043730063938310894548353925882406409927495687846407164056", "price": "0.86", "size": "50", "side": "SELL", "hash": "a448e9a24e21d01841324f873d4a02d095bf879c", "best_bid": "0.31", "best_ask": "0.33"}], "timestamp": "1769384281357", "event_type": "price_change"}}
{"_local_timestamp": "2026-01-25T23:38:01.466914+00:00", "data": {"market": "0xa9c0c820fd79b4339ed4711288ce15236196a6015234350f42b37341e9094398", "price_changes": [{"asset_id": "78438315737001038193507108078052969359305687599144926740526502005681502958823", "price": "0.15", "size": "0", "side": "BUY", "hash": "f1ed8536f3d181670855ab80267f0553f5778b53", "best_bid": "0.67", "best_ask": "0.69"}, {"asset_id": "91609514063242777856043730063938310894548353925882406409927495687846407164056", "price": "0.85", "size": "0", "side": "SELL", "hash": "fc6e5f04705ff7ce16b88525bb8c501d090d5116", "best_bid": "0.31", "best_ask": "0.33"}], "timestamp": "1769384281398", "event_type": "price_change"}}
{"_local_timestamp": "2026-01-25T23:38:01.476192+00:00", "data": {"market": "0xa9c0c820fd79b4339ed4711288ce15236196a6015234350f42b37341e9094398", "price_changes": [{"asset_id": "78438315737001038193507108078052969359305687599144926740526502005681502958823", "price": "0.14", "size": "250", "side": "BUY", "hash": "a86704da3404067bb7bd88d41f8141ecd9c48d37", "best_bid": "0.67", "best_ask": "0.69"}, {"asset_id": "91609514063242777856043730063938310894548353925882406409927495687846407164056", "price": "0.86", "size": "250", "side": "SELL", "hash": "dd855577a6a686807862fe02578c2798103be36b", "best_bid": "0.31", "best_ask": "0.33"}], "timestamp": "1769384281402", "event_type": "price_change"}}
{"_local_timestamp": "2026-01-25T23:38:01.690583+00:00", "data": {"market": "0xa9c0c820fd79b4339ed4711288ce15236196a6015234350f42b37341e9094398", "price_changes": [{"asset_id": "78438315737001038193507108078052969359305687599144926740526502005681502958823", "price": "0.15", "size": "200", "side": "BUY", "hash": "b661e3e14fe7f0d22a698ee0f73143b6d99db5bb", "best_bid": "0.67", "best_ask": "0.69"}, {"asset_id": "91609514063242777856043730063938310894548353925882406409927495687846407164056", "price": "0.85", "size": "200", "side": "SELL", "hash": "0c884e9b810df3fdcd999587c93dfcfc054382b7", "best_bid": "0.31", "best_ask": "0.33"}], "timestamp": "1769384281618", "event_type": "price_change"}}
{"_local_timestamp": "2026-01-25T23:38:03.471698+00:00", "data": {"market": "0xa9c0c820fd79b4339ed4711288ce15236196a6015234350f42b37341e9094398", "price_changes": [{"asset_id": "78438315737001038193507108078052969359305687599144926740526502005681502958823", "price": "0.14", "size": "50", "side": "BUY", "hash": "8933337e2a8536e02310a1ab7d686c18ee58b671", "best_bid": "0.67", "best_ask": "0.69"}, {"asset_id": "91609514063242777856043730063938310894548353925882406409927495687846407164056", "price": "0.86", "size": "50", "side": "SELL", "hash": "5325b51ce9e9c695d009a0e0d732b53d5bfc62f0", "best_bid": "0.31", "best_ask": "0.33"}], "timestamp": "1769384283397", "event_type": "price_change"}}
{"_local_timestamp": "2026-01-25T23:38:03.472439+00:00", "data": {"market": "0xa9c0c820fd79b4339ed4711288ce15236196a6015234350f42b37341e9094398", "price_changes": [{"asset_id": "78438315737001038193507108078052969359305687599144926740526502005681502958823", "price": "0.16", "size": "200", "side": "BUY", "hash": "1cd2d628f378d3bb0651c6b350e0dfbd19977e8e", "best_bid": "0.67", "best_ask": "0.69"}, {"asset_id": "91609514063242777856043730063938310894548353925882406409927495687846407164056", "price": "0.84", "size": "200", "side": "SELL", "hash": "251614590c33df41f9145a5beacf735fe1ca80a9", "best_bid": "0.31", "best_ask": "0.33"}], "timestamp": "1769384283399", "event_type": "price_change"}}
{"_local_timestamp": "2026-01-25T23:38:11.889703+00:00", "data": {"market": "0xa9c0c820fd79b4339ed4711288ce15236196a6015234350f42b37341e9094398", "price_changes": [{"asset_id": "78438315737001038193507108078052969359305687599144926740526502005681502958823", "price": "0.15", "size": "0", "side": "BUY", "hash": "586c549bfc431cf26f9348f770f1ceeb67e699a8", "best_bid": "0.67", "best_ask": "0.69"}, {"asset_id": "91609514063242777856043730063938310894548353925882406409927495687846407164056", "price": "0.85", "size": "0", "side": "SELL", "hash": "6d6e66bdd593ce9f03a34607bd5531ff08a21053", "best_bid": "0.31", "best_ask": "0.33"}], "timestamp": "1769384291823", "event_type": "price_change"}}
{"_local_timestamp": "2026-01-25T23:38:11.939316+00:00", "data": {"market": "0xa9c0c820fd79b4339ed4711288ce15236196a6015234350f42b37341e9094398", "price_changes": [{"asset_id": "78438315737001038193507108078052969359305687599144926740526502005681502958823", "price": "0.16", "size": "0", "side": "BUY", "hash": "bcc403d716827545508ad4274fe3fa9b52d27371", "best_bid": "0.67", "best_ask": "0.69"}, {"asset_id": "91609514063242777856043730063938310894548353925882406409927495687846407164056", "price": "0.84", "size": "0", "side": "SELL", "hash": "b5bbd24aa3d218270cead49ddeb389228f44f23f", "best_bid": "0.31", "best_ask": "0.33"}], "timestamp": "1769384291868", "event_type": "price_change"}}
{"_local_timestamp": "2026-01-25T23:38:11.940051+00:00", "data": {"market": "0xa9c0c820fd79b4339ed4711288ce15236196a6015234350f42b37341e9094398", "price_changes": [{"asset_id": "78438315737001038193507108078052969359305687599144926740526502005681502958823", "price": "0.14", "size": "250", "side": "BUY", "hash": "adfb9a71e176bd9ef2b3f3e219afeb39b06892dd", "best_bid": "0.67", "best_ask": "0.69"}, {"asset_id": "91609514063242777856043730063938310894548353925882406409927495687846407164056", "price": "0.86", "size": "250", "side": "SELL", "hash": "46df54c8933b28093498af683dbb4badbc0a5439", "best_bid": "0.31", "best_ask": "0.33"}], "timestamp": "1769384291869", "event_type": "price_change"}}
{"_local_timestamp": "2026-01-25T23:38:12.148611+00:00", "data": {"market": "0xa9c0c820fd79b4339ed4711288ce15236196a6015234350f42b37341e9094398", "price_changes": [{"asset_id": "78438315737001038193507108078052969359305687599144926740526502005681502958823", "price": "0.11", "size": "200", "side": "BUY", "hash": "c63978acf18a32973aa436f3eb45401dabf29e9e", "best_bid": "0.67", "best_ask": "0.69"}, {"asset_id": "91609514063242777856043730063938310894548353925882406409927495687846407164056", "price": "0.89", "size": "200", "side": "SELL", "hash": "969d3204e1d5ca2a4bbffe72afd378eb78c67ede", "best_bid": "0.31", "best_ask": "0.33"}], "timestamp": "1769384292081", "event_type": "price_change"}}
{"_local_timestamp": "2026-01-25T23:38:17.855660+00:00", "data": {"market": "0xa9c0c820fd79b4339ed4711288ce15236196a6015234350f42b37341e9094398", "price_changes": [{"asset_id": "91609514063242777856043730063938310894548353925882406409927495687846407164056", "price": "0.34", "size": "0", "side": "SELL", "hash": "9f0edf8ef04754aeea7d243e929939ad7cd186ed", "best_bid": "0.31", "best_ask": "0.33"}, {"asset_id": "78438315737001038193507108078052969359305687599144926740526502005681502958823", "price": "0.66", "size": "0", "side": "BUY", "hash": "2b7fa791d47773d13b294456ddee375c96e55d47", "best_bid": "0.67", "best_ask": "0.69"}], "timestamp": "1769384297767", "event_type": "price_change"}}
{"_local_timestamp": "2026-01-25T23:38:18.733938+00:00", "data": {"market": "0xa9c0c820fd79b4339ed4711288ce15236196a6015234350f42b37341e9094398", "price_changes": [{"asset_id": "91609514063242777856043730063938310894548353925882406409927495687846407164056", "price": "0.34", "size": "6.8", "side": "SELL", "hash": "d05fef3ac3c524d70e055873a198eb8e35cdd689", "best_bid": "0.31", "best_ask": "0.33"}, {"asset_id": "78438315737001038193507108078052969359305687599144926740526502005681502958823", "price": "0.66", "size": "6.8", "side": "BUY", "hash": "f07df5951461de63852dcfbf2f56afecfa00cabe", "best_bid": "0.67", "best_ask": "0.69"}], "timestamp": "1769384298666", "event_type": "price_change"}}
