{"_local_timestamp": "2026-01-25T23:33:35.677027+00:00", "data": [{"market": "0xc45d00626e8634a6dccbb1fe66d72f94aaee05bacf4b7cf9951adf00558005b5", "asset_id": "24479213121681888202470340307702176146354336776996424816220090812716451983115", "timestamp": "1769384012752", "hash": "2cd95226941b85b64b37227f90e26a898b24c83e", "bids": [], "asks": [{"price": "0.999", "size": "64"}, {"price": "0.998", "size": "50000"}, {"price": "0.992", "size": "100"}, {"price": "0.99", "size": "27008"}, {"price": "0.989", "size": "100"}, {"price": "0.92", "size": "155"}, {"price": "0.903", "size": "100"}, {"price": "0.901", "size": "100"}, {"price": "0.9", "size": "3500"}, {"price": "0.53", "size": "100"}, {"price": "0.51", "size": "100"}, {"price": "0.503", "size": "200"}, {"price": "0.501", "size": "100"}, {"price": "0.25", "size": "60"}, {"price": "0.233", "size": "60"}, {"price": "0.231", "size": "60"}, {"price": "0.23", "size": "60"}, {"price": "0.229", "size": "5"}, {"price": "0.001", "size": "113598.1"}], "event_type": "book", "last_trade_price": ""}, {"market": "0xc45d00626e8634a6dccbb1fe66d72f94aaee05bacf4b7cf9951adf00558005b5", "asset_id": "94115343031503528702856499496575587099116674251150699535152735576297602551868", "timestamp": "1769384012752", "hash": "279ca18aee55582334725c068f07cd352401510d", "bids": [{"price": "0.001", "size": "64"}, {"price": "0.002", "size": "50000"}, {"price": "0.008", "size": "100"}, {"price": "0.01", "size": "27008"}, {"price": "0.011", "size": "100"}, {"price": "0.08", "size": "155"}, {"price": "0.097", "size": "100"}, {"price": "0.099", "size": "100"}, {"price": "0.1", "size": "3500"}, {"price": "0.47", "size": "100"}, {"price": "0.49", "size": "100"}, {"price": "0.497", "size": "200"}, {"price": "0.499", "size": "100"}, {"price": "0.75", "size": "60"}, {"price": "0.767", "size": "60"}, {"price": "0.769", "size": "60"}, {"price": "0.77", "size": "60"}, {"price": "0.771", "size": "5"}, {"price": "0.999", "size": "113598.1"}], "asks": [], "event_type": "book", "last_trade_price": ""}, {"market": "0xe090adc9be44e1b6c5ab9d85e8810b5c477bfd3165826a03457b80dc175f683e", "asset_id": "26146298211066652597804302003580272279840893529245860437948216406101249638481", "timestamp": "1769384012752", "hash": "c166caafda98c9e29d04a57aded3fcbd54b57e75", "bids": [], "asks": [{"price": "0.999", "size": "55"}, {"price": "0.998", "size": "55000"}, {"price": "0.992", "size": "155"}, {"price": "0.99", "size": "27058"}, {"price": "0.989", "size": "155"}, {"price": "0.97", "size": "16"}, {"price": "0.92", "size": "155"}, {"price": "0.903", "size": "100"}, {"price": "0.901", "size": "100"}, {"price": "0.9", "size": "3500"}, {"price": "0.53", "size": "100"}, {"price": "0.51", "size": "100"}, {"price": "0.503", "size": "200"}, {"price": "0.501", "size": "100"}, {"price": "0.25", "size": "60"}, {"price": "0.233", "size": "60"}, {"price": "0.231", "size": "60"}, {"price": "0.23", "size": "60"}, {"price": "0.009", "size": "500"}, {"price": "0.008", "size": "5"}, {"price": "0.001", "size": "113430.67"}], "event_type": "book", "last_trade_price": ""}, {"market": "0xe090adc9be44e1b6c5ab9d85e8810b5c477bfd3165826a03457b80dc175f683e", "asset_id": "89182673693493325367811543003409507596829356585637049953733680846689866041065", "timestamp": "1769384012752", "hash": "6e92a67e3817a8268434641655192afe88788bbb", "bids": [{"price": "0.001", "size": "55"}, {"price": "0.002", "size": "55000"}, {"price": "0.008", "size": "155"}, {"price": "0.01", "size": "27058"}, {"price": "0.011", "size": "155"}, {"price": "0.03", "size": "16"}, {"price": "0.08", "size": "155"}, {"price": "0.097", "size": "100"}, {"price": "0.099", "size": "100"}, {"price": "0.1", "size": "3500"}, {"price": "0.47", "size": "100"}, {"price": "0.49", "size": "100"}, {"price": "0.497", "size": "200"}, {"price": "0.499", "size": "100"}, {"price": "0.75", "size": "60"}, {"price": "0.767", "size": "60"}, {"price": "0.769", "size": "60"}, {"price": "0.77", "size": "60"}, {"price": "0.991", "size": "500"}, {"price": "0.992", "size": "5"}, {"price": "0.999", "size": "113430.67"}], "asks": [], "event_type": "book", "last_trade_price": ""}]}
{"_local_timestamp": "2026-01-25T23:33:45.891658+00:00", "data": {"market": "0xe090adc9be44e1b6c5ab9d85e8810b5c477bfd3165826a03457b80dc175f683e", "price_changes": [{"asset_id": "89182673693493325367811543003409507596829356585637049953733680846689866041065", "price": "0.999", "size": "100132.67", "side": "BUY", "hash": "19cf225a9c32cef7a9ced8c5d55add8520c9ccf3", "best_bid": "0.999", "best_ask": "1"}, {"asset_id": "26146298211066652597804302003580272279840893529245860437948216406101249638481", "price": "0.001", "size": "100132.67", "side": "SELL", "hash": "c7d9752b4ca092ab3487a7d9c5e3ad22a9bd1570", "best_bid": "0", "best_ask": "0.001"}], "timestamp": "1769384025809", "event_type": "price_change"}}
{"_local_timestamp": "2026-01-25T23:33:45.899412+00:00", "data": {"market": "0xc45d00626e8634a6dccbb1fe66d72f94aaee05bacf4b7cf9951adf00558005b5", "price_changes": [{"asset_id": "94115343031503528702856499496575587099116674251150699535152735576297602551868", "price": "0.999", "size": "100300.1", "side": "BUY", "hash": "4c1202ed973759a033a1ff02a30c82bcdc7556ec", "best_bid": "0.999", "best_ask": "1"}, {"asset_id": "24479213121681888202470340307702176146354336776996424816220090812716451983115", "price": "0.001", "size": "100300.1", "side": "SELL", "hash": "6a25143d5ff3c5e4f1b8ddd94f94b1ec148464f3", "best_bid": "0", "best_ask": "0.001"}], "timestamp": "1769384025808", "event_type": "price_change"}}
{"_local_timestamp": "2026-01-25T23:33:47.623445+00:00", "data": {"market": "0xe090adc9be44e1b6c5ab9d85e8810b5c477bfd3165826a03457b80dc175f683e", "price_changes": [{"asset_id": "89182673693493325367811543003409507596829356585637049953733680846689866041065", "price": "0.999", "size": "102629.67", "side": "BUY", "hash": "600c4491f18304269462155b42ade267359c0f77", "best_bid": "0.999", "best_ask": "1"}, {"asset_id": "26146298211066652597804302003580272279840893529245860437948216406101249638481", "price": "0.001", "size": "102629.67", "side": "SELL", "hash": "bc11764784695e1c63c838c611448ae0568e150d", "best_bid": "0", "best_ask": "0.001"}], "timestamp": "1769384027526", "event_type": "price_change"}}
{"_local_timestamp": "2026-01-25T23:33:47.626945+00:00", "data": {"market": "0xc45d00626e8634a6dccbb1fe66d72f94aaee05bacf4b7cf9951adf00558005b5", "price_changes": [{"asset_id": "94115343031503528702856499496575587099116674251150699535152735576297602551868", "price": "0.999", "size": "102797.1", "side": "BUY", "hash": "77544a7f539cc2ea19df9c1a0c10968967495579", "best_bid": "0.999", "best_ask": "1"}, {"asset_id": "24479213121681888202470340307702176146354336776996424816220090812716451983115", "price": "0.001", "size": "102797.1", "side": "SELL", "hash": "24cc6ee0a8f0dc4f69e0996c70b787b051d4a9fe", "best_bid": "0", "best_ask": "0.001"}], "timestamp": "1769384027527", "event_type": "price_change"}}
{"_local_timestamp": "2026-01-25T23:33:48.008050+00:00", "data": {"market": "0xe090adc9be44e1b6c5ab9d85e8810b5c477bfd3165826a03457b80dc175f683e", "price_changes": [{"asset_id": "89182673693493325367811543003409507596829356585637049953733680846689866041065", "price": "0.999", "size": "105125.67", "side": "BUY", "hash": "d52c6bf72407685a37b5e2748d6a30b1f4a9f0e5", "best_bid": "0.999", "best_ask": "1"}, {"asset_id": "26146298211066652597804302003580272279840893529245860437948216406101249638481", "price": "0.001", "size": "105125.67", "side": "SELL", "hash": "cf58b06e2d8a70f0d4620e47787d46672f2fa1ca", "best_bid": "0", "best_ask": "0.001"}], "timestamp": "1769384027917", "event_type": "price_change"}}
{"_local_timestamp": "2026-01-25T23:33:48.014922+00:00", "data": {"market": "0xc45d00626e8634a6dccbb1fe66d72f94aaee05bacf4b7cf9951adf00558005b5", "price_changes": [{"asset_id": "94115343031503528702856499496575587099116674251150699535152735576297602551868", "price": "0.999", "size": "105293.1", "side": "BUY", "hash": "503967cbda83bd8c6738c6a6a620fb2479db330e", "best_bid": "0.999", "best_ask": "1"}, {"asset_id": "24479213121681888202470340307702176146354336776996424816220090812716451983115", "price": "0.001", "size": "105293.1", "side": "SELL", "hash": "6e30a9d45064be12e73776da72f3b905834372bc", "best_bid": "0", "best_ask": "0.001"}], "timestamp": "1769384027917", "event_type": "price_change"}}
{"_local_timestamp": "2026-01-25T23:33:48.528732+00:00", "data": {"market": "0xe090adc9be44e1b6c5ab9d85e8810b5c477bfd3165826a03457b80dc175f683e", "price_changes": [{"asset_id": "89182673693493325367811543003409507596829356585637049953733680846689866041065", "price": "0.999", "size": "107620.67", "side": "BUY", "hash": "96ebf98b726d504bcf3fc1938db420c6e84d2f59", "best_bid": "0.999", "best_ask": "1"}, {"asset_id": "26146298211066652597804302003580272279840893529245860437948216406101249638481", "price": "0.001", "size": "107620.67", "side": "SELL", "hash": "deee38f5f71c1cc5e91389e124aafc75ea13f426", "best_bid": "0", "best_ask": "0.001"}], "timestamp": "1769384028433", "event_type": "price_change"}}
{"_local_timestamp": "2026-01-25T23:33:48.533908+00:00", "data": {"market": "0xc45d00626e8634a6dccbb1fe66d72f94aaee05bacf4b7cf9951adf00558005b5", "price_changes": [{"asset_id": "94115343031503528702856499496575587099116674251150699535152735576297602551868", "price": "0.999", "size": "107788.1", "side": "BUY", "hash": "a7c222a1fc0f40157e178062557e663b436a4eb1", "best_bid": "0.999", "best_ask": "1"}, {"asset_id": "24479213121681888202470340307702176146354336776996424816220090812716451983115", "price": "0.001", "size": "107788.1", "side": "SELL", "hash": "5fed2b3b2ce95c4f375220f46c9ac7cf5d184591", "best_bid": "0", "best_ask": "0.001"}], "timestamp": "1769384028433", "event_type": "price_change"}}
{"_local_timestamp": "2026-01-25T23:33:49.307858+00:00", "data": {"market": "0xc45d00626e8634a6dccbb1fe66d72f94aaee05bacf4b7cf9951adf00558005b5", "price_changes": [{"asset_id": "94115343031503528702856499496575587099116674251150699535152735576297602551868", "price": "0.999", "size": "108411.1", "side": "BUY", "hash": "abb73c25e4aaf170f2c2039ea8f9703b9c5a3ad2", "best_bid": "0.999", "best_ask": "1"}, {"asset_id": "24479213121681888202470340307702176146354336776996424816220090812716451983115", "price": "0.001", "size": "108411.1", "side": "SELL", "hash": "34f32fcbf6b7a79492976e473c2d57e0130bdac0", "best_bid": "0", "best_ask": "0.001"}], "timestamp": "1769384029230", "event_type": "price_change"}}
{"_local_timestamp": "2026-01-25T23:33:49.308288+00:00", "data": {"market": "0xe090adc9be44e1b6c5ab9d85e8810b5c477bfd3165826a03457b80dc175f683e", "price_changes": [{"asset_id": "89182673693493325367811543003409507596829356585637049953733680846689866041065", "price": "0.999", "size": "108243.67", "side": "BUY", "hash": "a31d162f9a35d43f64215beb2b00aee16ad90a1a", "best_bid": "0.999", "best_ask": "1"}, {"asset_id": "26146298211066652597804302003580272279840893529245860437948216406101249638481", "price": "0.001", "size": "108243.67", "side": "SELL", "hash": "4979302656e83b07033288577b80c5057a097280", "best_bid": "0", "best_ask": "0.001"}], "timestamp": "1769384029230", "event_type": "price_change"}}
{"_local_timestamp": "2026-01-25T23:33:49.805413+00:00", "data": {"market": "0xc45d00626e8634a6dccbb1fe66d72f94aaee05bacf4b7cf9951adf00558005b5", "price_changes": [{"asset_id": "94115343031503528702856499496575587099116674251150699535152735576297602551868", "price": "0.999", "size": "109033.1", "side": "BUY", "hash": "b3817a0c34bd471d4b1819ea813ab8e2156f3d64", "best_bid": "0.999", "best_ask": "1"}, {"asset_id": "24479213121681888202470340307702176146354336776996424816220090812716451983115", "price": "0.001", "size": "109033.1", "side": "SELL", "hash": "ce6a67a02c836c8cbe05cf3edfcc9da53d0387cc", "best_bid": "0", "best_ask": "0.001"}], "timestamp": "1769384029725", "event_type": "price_change"}}
{"_local_timestamp": "2026-01-25T23:33:49.810155+00:00", "data": {"market": "0xe090adc9be44e1b6c5ab9d85e8810b5c477bfd3165826a03457b80dc175f683e", "price_changes": [{"asset_id": "89182673693493325367811543003409507596829356585637049953733680846689866041065", "price": "0.999", "size": "108865.67", "side": "BUY", "hash": "b77cf2cb16daa2187f26725d2f31317b4b27c429", "best_bid": "0.999", "best_ask": "1"}, {"asset_id": "26146298211066652597804302003580272279840893529245860437948216406101249638481", "price": "0.001", "size": "108865.67", "side": "SELL", "hash": "1150875e42e231520e6a5f6df44e844f3154d261", "best_bid": "0", "best_ask": "0.001"}], "timestamp": "1769384029726", "event_type": "price_change"}}
{"_local_timestamp": "2026-01-25T23:33:51.663908+00:00", "data": {"market": "0xe090adc9be44e1b6c5ab9d85e8810b5c477bfd3165826a03457b80dc175f683e", "price_changes": [{"asset_id": "89182673693493325367811543003409507596829356585637049953733680846689866041065", "price": "0.999", "size": "109020.67", "side": "BUY", "hash": "39997a1d1109d30d076689556ec084eac86ea594", "best_bid": "0.999", "best_ask": "1"}, {"asset_id": "26146298211066652597804302003580272279840893529245860437948216406101249638481", "price": "0.001", "size": "109020.67", "side": "SELL", "hash": "39edf5a4c078165865f9d1ee06a4b9037d147b99", "best_bid": "0", "best_ask": "0.001"}], "timestamp": "1769384031562", "event_type": "price_change"}}
{"_local_timestamp": "2026-01-25T23:33:51.665940+00:00", "data": {"market": "0xc45d00626e8634a6dccbb1fe66d72f94aaee05bacf4b7cf9951adf00558005b5", "price_changes": [{"asset_id": "94115343031503528702856499496575587099116674251150699535152735576297602551868", "price": "0.999", "size": "109188.1", "side": "BUY", "hash": "b054a1e50fee976f336539ced20ceaefd3249363", "best_bid": "0.999", "best_ask": "1"}, {"asset_id": "24479213121681888202470340307702176146354336776996424816220090812716451983115", "price": "0.001", "size": "109188.1", "side": "SELL", "hash": "9b837cb612b91c1362045689e42aa7c2257515e0", "best_bid": "0", "best_ask": "0.001"}], "timestamp": "1769384031562", "event_type": "price_change"}}
{"_local_timestamp": "2026-01-25T23:33:52.595921+00:00", "data": {"market": "0xe090adc9be44e1b6c5ab9d85e8810b5c477bfd3165826a03457b80dc175f683e", "price_changes": [{"asset_id": "89182673693493325367811543003409507596829356585637049953733680846689866041065", "price": "0.999", "size": "109174.67", "side": "BUY", "hash": "c45695b91342802f13d34970c86dc13062632dbd", "best_bid": "0.999", "best_ask": "1"}, {"asset_id": "26146298211066652597804302003580272279840893529245860437948216406101249638481", "price": "0.001", "size": "109174.67", "side": "SELL", "hash": "fa4186f31cb1ac4b6479a44bb3feea6852170219", "best_bid": "0", "best_ask": "0.001"}], "timestamp": "1769384032526", "event_type": "price_change"}}
{"_local_timestamp": "2026-01-25T23:33:52.597043+00:00", "data": {"market": "0xc45d00626e8634a6dccbb1fe66d72f94aaee05bacf4b7cf9951adf00558005b5", "price_changes": [{"asset_id": "94115343031503528702856499496575587099116674251150699535152735576297602551868", "price": "0.999", "size": "109342.1", "side": "BUY", "hash": "eedfce32f1217539d6f156ae7d96f4e9fd474a55", "best_bid": "0.999", "best_ask": "1"}, {"asset_id": "24479213121681888202470340307702176146354336776996424816220090812716451983115", "price": "0.001", "size": "109342.1", "side": "SELL", "hash": "ff1a1095bbe417fea0c0d193fdfd241f5cfd055f", "best_bid": "0", "best_ask": "0.001"}], "timestamp": "1769384032527", "event_type": "price_change"}}
{"_local_timestamp": "2026-01-25T23:33:53.007937+00:00", "data": {"market": "0xc45d00626e8634a6dccbb1fe66d72f94aaee05bacf4b7cf9951adf00558005b5", "price_changes": [{"asset_id": "94115343031503528702856499496575587099116674251150699535152735576297602551868", "price": "0.999", "size": "109495.1", "side": "BUY", "hash": "c23076b2a2b6c827b9a1864bbc29b27b5c29c5fb", "best_bid": "0.999", "best_ask": "1"}, {"asset_id": "24479213121681888202470340307702176146354336776996424816220090812716451983115", "price": "0.001", "size": "109495.1", "side": "SELL", "hash": "9b3da524da15bb4130604e3c717596d5c54c33ef", "best_bid": "0", "best_ask": "0.001"}], "timestamp": "1769384032919", "event_type": "price_change"}}
{"_local_timestamp": "2026-01-25T23:33:53.008405+00:00", "data": {"market": "0xe090adc9be44e1b6c5ab9d85e8810b5c477bfd3165826a03457b80dc175f683e", "price_changes": [{"asset_id": "89182673693493325367811543003409507596829356585637049953733680846689866041065", "price": "0.999", "size": "109327.67", "side": "BUY", "hash": "7cbef7aebe25a6a64ce933b177c4650a0cb5e870", "best_bid": "0.999", "best_ask": "1"}, {"asset_id": "26146298211066652597804302003580272279840893529245860437948216406101249638481", "price": "0.001", "size": "109327.67", "side": "SELL", "hash": "52434b387a8963cc181fd40d68c62e8b6cb6edd7", "best_bid": "0", "best_ask": "0.001"}], "timestamp": "1769384032919", "event_type": "price_change"}}
{"_local_timestamp": "2026-01-25T23:33:54.562739+00:00", "data": {"market": "0xe090adc9be44e1b6c5ab9d85e8810b5c477bfd3165826a03457b80dc175f683e", "price_changes": [{"asset_id": "89182673693493325367811543003409507596829356585637049953733680846689866041065", "price": "0.999", "size": "109364.67", "side": "BUY", "hash": "7c63f2b39d824929a50d8f1c273b8a8e29477a28", "best_bid": "0.999", "best_ask": "1"}, {"asset_id": "26146298211066652597804302003580272279840893529245860437948216406101249638481", "price": "0.001", "size": "109364.67", "side": "SELL", "hash": "71a25c6bc9ac2d65589f475d233028bb6d198204", "best_bid": "0", "best_ask": "0.001"}], "timestamp": "1769384034486", "event_type": "price_change"}}
{"_local_timestamp": "2026-01-25T23:33:54.578308+00:00", "data": {"market": "0xc45d00626e8634a6dccbb1fe66d72f94aaee05bacf4b7cf9951adf00558005b5", "price_changes": [{"asset_id": "94115343031503528702856499496575587099116674251150699535152735576297602551868", "price": "0.999", "size": "109532.1", "side": "BUY", "hash": "a1d51c2b58f368684643ef89365c25965dd21855", "best_bid": "0.999", "best_ask": "1"}, {"asset_id": "24479213121681888202470340307702176146354336776996424816220090812716451983115", "price": "0.001", "size": "109532.1", "side": "SELL", "hash": "3c094279dd51db9794bd3899ddb6f43ff109a62a", "best_bid": "0", "best_ask": "0.001"}], "timestamp": "1769384034486", "event_type": "price_change"}}
{"_local_timestamp": "2026-01-25T23:33:55.251059+00:00", "data": {"market": "0xc45d00626e8634a6dccbb1fe66d72f94aaee05bacf4b7cf9951adf00558005b5", "price_changes": [{"asset_id": "94115343031503528702856499496575587099116674251150699535152735576297602551868", "price": "0.999", "size": "109568.1", "side": "BUY", "hash": "cb3c341ecf85fa60aa547ad07a740f14fad47c73", "best_bid": "0.999", "best_ask": "1"}, {"asset_id": "24479213121681888202470340307702176146354336776996424816220090812716451983115", "price": "0.001", "size": "109568.1", "side": "SELL", "hash": "0fa496e0c4749b70ca91fc3f952bdc81b0cddac3", "best_bid": "0", "best_ask": "0.001"}], "timestamp": "1769384035142", "event_type": "price_change"}}
{"_local_timestamp": "2026-01-25T23:33:55.255413+00:00", "data": {"market": "0xe090adc9be44e1b6c5ab9d85e8810b5c477bfd3165826a03457b80dc175f683e", "price_changes": [{"asset_id": "89182673693493325367811543003409507596829356585637049953733680846689866041065", "price": "0.999", "size": "109400.67", "side": "BUY", "hash": "fb476297aa5de39c4b9e0f8f1459cd842ed6f3a7", "best_bid": "0.999", "best_ask": "1"}, {"asset_id": "26146298211066652597804302003580272279840893529245860437948216406101249638481", "price": "0.001", "size": "109400.67", "side": "SELL", "hash": "8accdd7d5763119a2ef4d5d232773f6dd08d75d1", "best_bid": "0", "best_ask": "0.001"}], "timestamp": "1769384035137", "event_type": "price_change"}}
{"_local_timestamp": "2026-01-25T23:33:55.631510+00:00", "data": {"market": "0xc45d00626e8634a6dccbb1fe66d72f94aaee05bacf4b7cf9951adf00558005b5", "price_changes": [{"asset_id": "94115343031503528702856499496575587099116674251150699535152735576297602551868", "price": "0.999", "size": "109603.1", "side": "BUY", "hash": "15b485cdda1d6689446e3d1fa393be4fd8db1706", "best_bid": "0.999", "best_ask": "1"}, {"asset_id": "24479213121681888202470340307702176146354336776996424816220090812716451983115", "price": "0.001", "size": "109603.1", "side": "SELL", "hash": "b9b72b95656a5538dd8b3331757024a2f1db7643", "best_bid": "0", "best_ask": "0.001"}], "timestamp": "1769384035547", "event_type": "price_change"}}
{"_local_timestamp": "2026-01-25T23:33:55.633890+00:00", "data": {"market": "0xe090adc9be44e1b6c5ab9d85e8810b5c477bfd3165826a03457b80dc175f683e", "price_changes": [{"asset_id": "89182673693493325367811543003409507596829356585637049953733680846689866041065", "price": "0.999", "size": "109435.67", "side": "BUY", "hash": "66411a0814daad3ad4c41a71e2c4fc91da0388a4", "best_bid": "0.999", "best_ask": "1"}, {"asset_id": "26146298211066652597804302003580272279840893529245860437948216406101249638481", "price": "0.001", "size": "109435.67", "side": "SELL", "hash": "050015cd3608fa65d2a88da1ee99fc96eb9e9ca2", "best_bid": "0", "best_ask": "0.001"}], "timestamp": "1769384035547", "event_type": "price_change"}}
{"_local_timestamp": "2026-01-25T23:34:08.155858+00:00", "data": {"market": "0xc45d00626e8634a6dccbb1fe66d72f94aaee05bacf4b7cf9951adf00558005b5", "price_changes": [{"asset_id": "94115343031503528702856499496575587099116674251150699535152735576297602551868", "price": "0.999", "size": "105293.1", "side": "BUY", "hash": "38bfe9cfac0d9f2c07bf8b7c6c87ae29f87d05e4", "best_bid": "0.999", "best_ask": "1"}, {"asset_id": "24479213121681888202470340307702176146354336776996424816220090812716451983115", "price": "0.001", "size": "105293.1", "side": "SELL", "hash": "9389b3fd3fd59ce06b49f7650c1eb20b6dd76634", "best_bid": "0", "best_ask": "0.001"}], "timestamp": "1769384047891", "event_type": "price_change"}}
{"_local_timestamp": "2026-01-25T23:34:08.165334+00:00", "data": {"market": "0xe090adc9be44e1b6c5ab9d85e8810b5c477bfd3165826a03457b80dc175f683e", "price_changes": [{"asset_id": "89182673693493325367811543003409507596829356585637049953733680846689866041065", "price": "0.999", "size": "105125.67", "side": "BUY", "hash": "5d12aeb3ecb896a592930071f938ce6e552e7536", "best_bid": "0.999", "best_ask": "1"}, {"asset_id": "26146298211066652597804302003580272279840893529245860437948216406101249638481", "price": "0.001", "size": "105125.67", "side": "SELL", "hash": "e572c2ae5cb6f9ccfbd1a837191e208d3a322a41", "best_bid": "0", "best_ask": "0.001"}], "timestamp": "1769384047891", "event_type": "price_change"}}
{"_local_timestamp": "2026-01-25T23:34:08.805231+00:00", "data": {"market": "0xc45d00626e8634a6dccbb1fe66d72f94aaee05bacf4b7cf9951adf00558005b5", "price_changes": [{"asset_id": "94115343031503528702856499496575587099116674251150699535152735576297602551868", "price": "0.999", "size": "100300.1", "side": "BUY", "hash": "27cd899021eecc31a42b8f9fda99727e01486a49", "best_bid": "0.999", "best_ask": "1"}, {"asset_id": "24479213121681888202470340307702176146354336776996424816220090812716451983115", "price": "0.001", "size": "100300.1", "side": "SELL", "hash": "3e5e5ec02265b404c137b39c3d49a24479b91a0c", "best_bid": "0", "best_ask": "0.001"}], "timestamp": "1769384048562", "event_type": "price_change"}}
{"_local_timestamp": "2026-01-25T23:34:08.836341+00:00", "data": {"market": "0xe090adc9be44e1b6c5ab9d85e8810b5c477bfd3165826a03457b80dc175f683e", "price_changes": [{"asset_id": "89182673693493325367811543003409507596829356585637049953733680846689866041065", "price": "0.999", "size": "100132.67", "side": "BUY", "hash": "a083841c326a9bdc6e7ebc648f6fbdb329d3c25d", "best_bid": "0.999", "best_ask": "1"}, {"asset_id": "26146298211066652597804302003580272279840893529245860437948216406101249638481", "price": "0.001", "size": "100132.67", "side": "SELL", "hash": "36262a1c0dff5681fe2cc8db004ed1224a35dfa1", "best_bid": "0", "best_ask": "0.001"}], "timestamp": "1769384048563", "event_type": "price_change"}}
{"_local_timestamp": "2026-01-25T23:34:09.446826+00:00", "data": {"market": "0xe090adc9be44e1b6c5ab9d85e8810b5c477bfd3165826a03457b80dc175f683e", "price_changes": [{"asset_id": "89182673693493325367811543003409507596829356585637049953733680846689866041065", "price": "0.999", "size": "90132.67", "side": "BUY", "hash": "cf8d158372ec2231f90a5aeba73bd254950c3a14", "best_bid": "0.999", "best_ask": "1"}, {"asset_id": "26146298211066652597804302003580272279840893529245860437948216406101249638481", "price": "0.001", "size": "90132.67", "side": "SELL", "hash": "82ce77f955b286cc9b82abb94321688a721dfdf5", "best_bid": "0", "best_ask": "0.001"}], "timestamp": "1769384049208", "event_type": "price_change"}}
{"_local_timestamp": "2026-01-25T23:34:09.474712+00:00", "data": {"market": "0xc45d00626e8634a6dccbb1fe66d72f94aaee05bacf4b7cf9951adf00558005b5", "price_changes": [{"asset_id": "94115343031503528702856499496575587099116674251150699535152735576297602551868", "price": "0.999", "size": "90300.1", "side": "BUY", "hash": "2f6f84d9a5a257255ea08ac4109e47400168f163", "best_bid": "0.999", "best_ask": "1"}, {"asset_id": "24479213121681888202470340307702176146354336776996424816220090812716451983115", "price": "0.001", "size": "90300.1", "side": "SELL", "hash": "6eb85fe2c9b75ac589d87cd770d46a968da0f891", "best_bid": "0", "best_ask": "0.001"}], "timestamp": "1769384049210", "event_type": "price_change"}}
