{"_local_timestamp": "2026-01-25T23:34:02.191816+00:00", "data": [{"market": "0xa9c0c820fd79b4339ed4711288ce15236196a6015234350f42b37341e9094398", "asset_id": "78438315737001038193507108078052969359305687599144926740526502005681502958823", "timestamp": "1769384036533", "hash": "e59b59867bd31c617a61c573787384bfb6896c15", "bids": [{"price": "0.01", "size": "3089.88"}, {"price": "0.02", "size": "2450"}, {"price": "0.03", "size": "9.24"}, {"price": "0.07", "size": "2000"}, {"price": "0.08", "size": "800"}, {"price": "0.09", "size": "250"}, {"price": "0.1", "size": "6.23"}, {"price": "0.11", "size": "200"}, {"price": "0.14", "size": "250"}, {"price": "0.2", "size": "400"}, {"price": "0.27", "size": "200"}, {"price": "0.31", "size": "833"}, {"price": "0.34", "size": "100"}, {"price": "0.36", "size": "300"}, {"price": "0.41", "size": "200"}, {"price": "0.44", "size": "125"}, {"price": "0.47", "size": "75"}, {"price": "0.5", "size": "280"}, {"price": "0.54", "size": "200"}, {"price": "0.56", "size": "156.21"}, {"price": "0.57", "size": "19.29"}, {"price": "0.64", "size": "1050"}, {"price": "0.65", "size": "269.54"}, {"price": "0.66", "size": "6.8"}, {"price": "0.67", "size": "10"}], "asks": [{"price": "0.99", "size": "2380"}, {"price": "0.98", "size": "156.21"}, {"price": "0.97", "size": "250"}, {"price": "0.96", "size": "21.89"}, {"price": "0.9", "size": "100"}, {"price": "0.88", "size": "300"}, {"price": "0.86", "size": "200"}, {"price": "0.85", "size": "1058"}, {"price": "0.84", "size": "75"}, {"price": "0.82", "size": "1000"}, {"price": "0.81", "size": "493.76"}, {"price": "0.8", "size": "64.17"}, {"price": "0.78", "size": "259.09"}, {"price": "0.77", "size": "47.82"}, {"price": "0.75", "size": "1576.5"}, {"price": "0.74", "size": "666.02"}, {"price": "0.73", "size": "534.85"}, {"price": "0.72", "size": "4618.49"}, {"price": "0.71", "size": "536.09"}, {"price": "0.7", "size": "4"}, {"price": "0.69", "size": "5.65"}], "event_type": "book", "last_trade_price": "0.310"}, {"market": "0xa9c0c820fd79b4339ed4711288ce15236196a6015234350f42b37341e9094398", "asset_id": "91609514063242777856043730063938310894548353925882406409927495687846407164056", "timestamp": "1769384036533", "hash": "fff9d01fdd58476be0423781795e222d57a0d5d5", "bids": [{"price": "0.01", "size": "2380"}, {"price": "0.02", "size": "156.21"}, {"price": "0.03", "size": "250"}, {"price": "0.04", "size": "21.89"}, {"price": "0.1", "size": "100"}, {"price": "0.12", "size": "300"}, {"price": "0.14", "size": "200"}, {"price": "0.15", "size": "1058"}, {"price": "0.16", "size": "75"}, {"price": "0.18", "size": "1000"}, {"price": "0.19", "size": "493.76"}, {"price": "0.2", "size": "64.17"}, {"price": "0.22", "size": "259.09"}, {"price": "0.23", "size": "47.82"}, {"price": "0.25", "size": "1576.5"}, {"price": "0.26", "size": "666.02"}, {"price": "0.27", "size": "534.85"}, {"price": "0.28", "size": "4618.49"}, {"price": "0.29", "size": "536.09"}, {"price": "0.3", "size": "4"}, {"price": "0.31", "size": "5.65"}], "asks": [{"price": "0.99", "size": "3089.88"}, {"price": "0.98", "size": "2450"}, {"price": "0.97", "size": "9.24"}, {"price": "0.93", "size": "2000"}, {"price": "0.92", "size": "800"}, {"price": "0.91", "size": "250"}, {"price": "0.9", "size": "6.23"}, {"price": "0.89", "size": "200"}, {"price": "0.86", "size": "250"}, {"price": "0.8", "size": "400"}, {"price": "0.73", "size": "200"}, {"price": "0.69", "size": "833"}, {"price": "0.66", "size": "100"}, {"price": "0.64", "size": "300"}, {"price": "0.59", "size": "200"}, {"price": "0.56", "size": "125"}, {"price": "0.53", "size": "75"}, {"price": "0.5", "size": "280"}, {"price": "0.46", "size": "200"}, {"price": "0.44", "size": "156.21"}, {"price": "0.43", "size": "19.29"}, {"price": "0.36", "size": "1050"}, {"price": "0.35", "size": "269.54"}, {"price": "0.34", "size": "6.8"}, {"price": "0.33", "size": "10"}], "event_type": "book", "last_trade_price": "0.310"}]}
{"_local_timestamp": "2026-01-25T23:34:07.822967+00:00", "data": {"market": "0xa9c0c820fd79b4339ed4711288ce15236196a6015234350f42b37341e9094398", "price_changes": [{"asset_id": "78438315737001038193507108078052969359305687599144926740526502005681502958823", "price": "0.11", "size": "0", "side": "BUY", "hash": "0bf6c5edec1c642ca0e5669d633d02cd6e1965ac", "best_bid": "0.67", "best_ask": "0.69"}, {"asset_id": "91609514063242777856043730063938310894548353925882406409927495687846407164056", "price": "0.89", "size": "0", "side": "SELL", "hash": "49d4bbd87de8a2237177b3bc36ada6e74cc671dc", "best_bid": "0.31", "best_ask": "0.33"}], "timestamp": "1769384047757", "event_type": "price_change"}}
{"_local_timestamp": "2026-01-25T23:34:08.123836+00:00", "data": {"market": "0xa9c0c820fd79b4339ed4711288ce15236196a6015234350f42b37341e9094398", "price_changes": [{"asset_id": "78438315737001038193507108078052969359305687599144926740526502005681502958823", "price": "0.14", "size": "450", "side": "BUY", "hash": "f434a43cfa5c429420eed13fe1f8207a77173127", "best_bid": "0.67", "best_ask": "0.69"}, {"asset_id": "91609514063242777856043730063938310894548353925882406409927495687846407164056", "price": "0.86", "size": "450", "side": "SELL", "hash": "53c8008f28dda193c803b76750dd4450c5b1e52e", "best_bid": "0.31", "best_ask": "0.33"}], "timestamp": "1769384048022", "event_type": "price_change"}}
{"_local_timestamp": "2026-01-25T23:34:08.174920+00:00", "data": {"market": "0xa9c0c820fd79b4339ed4711288ce15236196a6015234350f42b37341e9094398", "price_changes": [{"asset_id": "78438315737001038193507108078052969359305687599144926740526502005681502958823", "price": "0.14", "size": "250", "side": "BUY", "hash": "358ec3349b2c07255a7fe5c44c5b30b65b0771ed", "best_bid": "0.67", "best_ask": "0.69"}, {"asset_id": "91609514063242777856043730063938310894548353925882406409927495687846407164056", "price": "0.86", "size": "250", "side": "SELL", "hash": "f25b22962c7acd02a117cde100df0c05766c3d8f", "best_bid": "0.31", "best_ask": "0.33"}], "timestamp": "1769384048097", "event_type": "price_change"}}
{"_local_timestamp": "2026-01-25T23:34:08.177996+00:00", "data": {"market": "0xa9c0c820fd79b4339ed4711288ce15236196a6015234350f42b37341e9094398", "price_changes": [{"asset_id": "78438315737001038193507108078052969359305687599144926740526502005681502958823", "price": "0.15", "size": "200", "side": "BUY", "hash": "4ac6b9e4c714b456e20a8ad4eeb608177dc54900", "best_bid": "0.67", "best_ask": "0.69"}, {"asset_id": "91609514063242777856043730063938310894548353925882406409927495687846407164056", "price": "0.85", "size": "200", "side": "SELL", "hash": "d430a629c4e0e3c53836065a245645e37d2cac09", "best_bid": "0.31", "best_ask": "0.33"}], "timestamp": "1769384048097", "event_type": "price_change"}}
{"_local_timestamp": "2026-01-25T23:34:17.905946+00:00", "data": {"market": "0xa9c0c820fd79b4339ed4711288ce15236196a6015234350f42b37341e9094398", "price_changes": [{"asset_id": "78438315737001038193507108078052969359305687599144926740526502005681502958823", "price": "0.14", "size": "50", "side": "BUY", "hash": "6994d6e0bdb508ed1561537fb8968fb4e78efc5f", "best_bid": "0.67", "best_ask": "0.69"}, {"asset_id": "91609514063242777856043730063938310894548353925882406409927495687846407164056", "price": "0.86", "size": "50", "side": "SELL", "hash": "76a35bc219a973d56d9d6effd536fe4a57960432", "best_bid": "0.31", "best_ask": "0.33"}], "timestamp": "1769384057839", "event_type": "price_change"}}
{"_local_timestamp": "2026-01-25T23:34:17.958485+00:00", "data": {"market": "0xa9c0c820fd79b4339ed4711288ce15236196a6015234350f42b37341e9094398", "price_changes": [{"asset_id": "78438315737001038193507108078052969359305687599144926740526502005681502958823", "price": "0.14", "size": "250", "side": "BUY", "hash": "d058830a801b6f703e6f2057501cf8edeec164f5", "best_bid": "0.67", "best_ask": "0.69"}, {"asset_id": "91609514063242777856043730063938310894548353925882406409927495687846407164056", "price": "0.86", "size": "250", "side": "SELL", "hash": "3dcad83d474c05d89939372a4df47e6ca3f10f68", "best_bid": "0.31", "best_ask": "0.33"}], "timestamp": "1769384057890", "event_type": "price_change"}}
{"_local_timestamp": "2026-01-25T23:34:17.973177+00:00", "data": {"market": "0xa9c0c820fd79b4339ed4711288ce15236196a6015234350f42b37341e9094398", "price_changes": [{"asset_id": "78438315737001038193507108078052969359305687599144926740526502005681502958823", "price": "0.15", "size": "0", "side": "BUY", "hash": "4044141211db967cc0ed88223dfbc5a9cbbfb6ae", "best_bid": "0.67", "best_ask": "0.69"}, {"asset_id": "91609514063242777856043730063938310894548353925882406409927495687846407164056", "price": "0.85", "size": "0", "side": "SELL", "hash": "ba96d4b14b2e661ad2329753645874b29383a088", "best_bid": "0.31", "best_ask": "0.33"}], "timestamp": "1769384057903", "event_type": "price_change"}}
{"_local_timestamp": "2026-01-25T23:34:18.117842+00:00", "data": {"market": "0xa9c0c820fd79b4339ed4711288ce15236196a6015234350f42b37341e9094398", "price_changes": [{"asset_id": "91609514063242777856043730063938310894548353925882406409927495687846407164056", "price": "0.34", "size": "0", "side": "SELL", "hash": "1732b620dfa22366323464ccb1f8f90d6e5a14f5", "best_bid": "0.31", "best_ask": "0.33"}, {"asset_id": "78438315737001038193507108078052969359305687599144926740526502005681502958823", "price": "0.66", "size": "0", "side": "BUY", "hash": "cfa354cb8258cee5d25ec11684b7781e9cd1b83c", "best_bid": "0.67", "best_ask": "0.69"}], "timestamp": "1769384058047", "event_type": "price_change"}}
{"_local_timestamp": "2026-01-25T23:34:18.152076+00:00", "data": {"market": "0xa9c0c820fd79b4339ed4711288ce15236196a6015234350f42b37341e9094398", "price_changes": [{"asset_id": "78438315737001038193507108078052969359305687599144926740526502005681502958823", "price": "0.15", "size": "200", "side": "BUY", "hash": "35fdbe1a69f97eca3e76b6a122f1ff289ac38da1", "best_bid": "0.67", "best_ask": "0.69"}, {"asset_id": "91609514063242777856043730063938310894548353925882406409927495687846407164056", "price": "0.85", "size": "200", "side": "SELL", "hash": "2d73497c8ac930064b2d6d2ae878b20bea040914", "best_bid": "0.31", "best_ask": "0.33"}], "timestamp": "1769384058088", "event_type": "price_change"}}
{"_local_timestamp": "2026-01-25T23:34:19.317268+00:00", "data": {"market": "0xa9c0c820fd79b4339ed4711288ce15236196a6015234350f42b37341e9094398", "price_changes": [{"asset_id": "91609514063242777856043730063938310894548353925882406409927495687846407164056", "price": "0.34", "size": "6.8", "side": "SELL", "hash": "f07c1c7db88a4e16450de369ab661416a053332a", "best_bid": "0.31", "best_ask": "0.33"}, {"asset_id": "78438315737001038193507108078052969359305687599144926740526502005681502958823", "price": "0.66", "size": "6.8", "side": "BUY", "hash": "7d27d84459178a5cebcc07dedef7eac853101547", "best_bid": "0.67", "best_ask": "0.69"}], "timestamp": "1769384059246", "event_type": "price_change"}}
{"_local_timestamp": "2026-01-25T23:34:19.958305+00:00", "data": {"market": "0xa9c0c820fd79b4339ed4711288ce15236196a6015234350f42b37341e9094398", "price_changes": [{"asset_id": "78438315737001038193507108078052969359305687599144926740526502005681502958823", "price": "0.14", "size": "50", "side": "BUY", "hash": "a87776b54a2fc1ddf3d656af5aa3cd4fb4841efe", "best_bid": "0.67", "best_ask": "0.69"}, {"asset_id": "91609514063242777856043730063938310894548353925882406409927495687846407164056", "price": "0.86", "size": "50", "side": "SELL", "hash": "6e63f7f5f832faf7c48d51f6bfba681bf55d5eef", "best_bid": "0.31", "best_ask": "0.33"}], "timestamp": "1769384059885", "event_type": "price_change"}}
{"_local_timestamp": "2026-01-25T23:34:19.965274+00:00", "data": {"market": "0xa9c0c820fd79b4339ed4711288ce15236196a6015234350f42b37341e9094398", "price_changes": [{"asset_id": "78438315737001038193507108078052969359305687599144926740526502005681502958823", "price": "0.16", "size": "200", "side": "BUY", "hash": "cd8ecd95a13765efb101dc879b0799b88ae38186", "best_bid": "0.67", "best_ask": "0.69"}, {"asset_id": "91609514063242777856043730063938310894548353925882406409927495687846407164056", "price": "0.84", "size": "200", "side": "SELL", "hash": "dd868f4a68b9f14bc1284f9c6214127aab95f29b", "best_bid": "0.31", "best_ask": "0.33"}], "timestamp": "1769384059886", "event_type": "price_change"}}
{"_local_timestamp": "2026-01-25T23:34:29.044957+00:00", "data": {"market": "0xa9c0c820fd79b4339ed4711288ce15236196a6015234350f42b37341e9094398", "price_changes": [{"asset_id": "78438315737001038193507108078052969359305687599144926740526502005681502958823", "price": "0.15", "size": "0", "side": "BUY", "hash": "530689270b6484da4d5bd0a4d1e31aac43e57464", "best_bid": "0.67", "best_ask": "0.69"}, {"asset_id": "91609514063242777856043730063938310894548353925882406409927495687846407164056", "price": "0.85", "size": "0", "side": "SELL", "hash": "5b3b25e9ca294f1a2216eae0b8062d82542e19b0", "best_bid": "0.31", "best_ask": "0.33"}], "timestamp": "1769384068701", "event_type": "price_change"}}
{"_local_timestamp": "2026-01-25T23:34:29.136860+00:00", "data": {"market": "0xa9c0c820fd79b4339ed4711288ce15236196a6015234350f42b37341e9094398", "price_changes": [{"asset_id": "78438315737001038193507108078052969359305687599144926740526502005681502958823", "price": "0.11", "size": "200", "side": "BUY", "hash": "ac00359ee51b4dd898a00a5d3e649312410a1fb7", "best_bid": "0.67", "best_ask": "0.69"}, {"asset_id": "91609514063242777856043730063938310894548353925882406409927495687846407164056", "price": "0.89", "size": "200", "side": "SELL", "hash": "bc96685b23c414c78af1b24bda814397459525ba", "best_bid": "0.31", "best_ask": "0.33"}], "timestamp": "1769384068944", "event_type": "price_change"}}
{"_local_timestamp": "2026-01-25T23:34:29.174247+00:00", "data": {"market": "0xa9c0c820fd79b4339ed4711288ce15236196a6015234350f42b37341e9094398", "price_changes": [{"asset_id": "78438315737001038193507108078052969359305687599144926740526502005681502958823", "price": "0.16", "size": "0", "side": "BUY", "hash": "dda4e7337ef250a3477a48f80fdc31351b3be67b", "best_bid": "0.67", "best_ask": "0.69"}, {"asset_id": "91609514063242777856043730063938310894548353925882406409927495687846407164056", "price": "0.84", "size": "0", "side": "SELL", "hash": "98f015c1e652fd025c1529fdaf05619a109ec74f", "best_bid": "0.31", "best_ask": "0.33"}], "timestamp": "1769384069004", "event_type": "price_change"}}
{"_local_timestamp": "2026-01-25T23:34:29.176296+00:00", "data": {"market": "0xa9c0c820fd79b4339ed4711288ce15236196a6015234350f42b37341e9094398", "price_changes": [{"asset_id": "78438315737001038193507108078052969359305687599144926740526502005681502958823", "price": "0.14", "size": "250", "side": "BUY", "hash": "31bfbb6966d3ab8514a87bb0c88c02a37d2e7416", "best_bid": "0.67", "best_ask": "0.69"}, {"asset_id": "91609514063242777856043730063938310894548353925882406409927495687846407164056", "price": "0.86", "size": "250", "side": "SELL", "hash": "4305cca91534433500a6ee6c2a7da96b3fd5df77", "best_bid": "0.31", "best_ask": "0.33"}], "timestamp": "1769384069006", "event_type": "price_change"}}
{"_local_timestamp": "2026-01-25T23:34:39.068227+00:00", "data": {"market": "0xa9c0c820fd79b4339ed4711288ce15236196a6015234350f42b37341e9094398", "price_changes": [{"asset_id": "78438315737001038193507108078052969359305687599144926740526502005681502958823", "price": "0.11", "size": "0", "side": "BUY", "hash": "d35727b569610016bca10829aa43a56b5ebf932a", "best_bid": "0.67", "best_ask": "0.69"}, {"asset_id": "91609514063242777856043730063938310894548353925882406409927495687846407164056", "price": "0.89", "size": "0", "side": "SELL", "hash": "8f659c75d9cb94730be6ab8e2814e9ebe9916fb4", "best_bid": "0.31", "best_ask": "0.33"}], "timestamp": "1769384078974", "event_type": "price_change"}}
{"_local_timestamp": "2026-01-25T23:34:39.357880+00:00", "data": {"market": "0xa9c0c820fd79b4339ed4711288ce15236196a6015234350f42b37341e9094398", "price_changes": [{"asset_id": "78438315737001038193507108078052969359305687599144926740526502005681502958823", "price": "0.14", "size": "450", "side": "BUY", "hash": "d647e54f0b18d18ca2b4bdb9a6adcf7882d1b644", "best_bid": "0.67", "best_ask": "0.69"}, {"asset_id": "91609514063242777856043730063938310894548353925882406409927495687846407164056", "price": "0.86", "size": "450", "side": "SELL", "hash": "3dcdf971d28d54b99f009c05135d0992f4e21313", "best_bid": "0.31", "best_ask": "0.33"}], "timestamp": "1769384079219", "event_type": "price_change"}}
{"_local_timestamp": "2026-01-25T23:34:39.443224+00:00", "data": {"market": "0xa9c0c820fd79b4339ed4711288ce15236196a6015234350f42b37341e9094398", "price_changes": [{"asset_id": "78438315737001038193507108078052969359305687599144926740526502005681502958823", "price": "0.15", "size": "200", "side": "BUY", "hash": "e294a2c0eb56c84f753bf054e85cb856895a4da6", "best_bid": "0.67", "best_ask": "0.69"}, {"asset_id": "91609514063242777856043730063938310894548353925882406409927495687846407164056", "price": "0.85", "size": "200", "side": "SELL", "hash": "2f73ff166939abf8b441af88be89ef27ba103b47", "best_bid": "0.31", "best_ask": "0.33"}], "timestamp": "1769384079321", "event_type": "price_change"}}
{"_local_timestamp": "2026-01-25T23:34:39.443703+00:00", "data": {"market": "0xa9c0c820fd79b4339ed4711288ce15236196a6015234350f42b37341e9094398", "price_changes": [{"asset_id": "78438315737001038193507108078052969359305687599144926740526502005681502958823", "price": "0.14", "size": "250", "side": "BUY", "hash": "4998873d8b55354d379d7ce0b450eda95a5e3ac3", "best_bid": "0.67", "best_ask": "0.69"}, {"asset_id": "91609514063242777856043730063938310894548353925882406409927495687846407164056", "price": "0.86", "size": "250", "side": "SELL", "hash": "6768cce776b9c245a5713f8a7ae636eda446d386", "best_bid": "0.31", "best_ask": "0.33"}], "timestamp": "1769384079321", "event_type": "price_change"}}
{"_local_timestamp": "2026-01-25T23:34:49.825060+00:00", "data": {"market": "0xa9c0c820fd79b4339ed4711288ce15236196a6015234350f42b37341e9094398", "price_changes": [{"asset_id": "78438315737001038193507108078052969359305687599144926740526502005681502958823", "price": "0.14", "size": "50", "side": "BUY", "hash": "279fa1b0ebb1c39788fe6001de0b40306c726a67", "best_bid": "0.67", "best_ask": "0.69"}, {"asset_id": "91609514063242777856043730063938310894548353925882406409927495687846407164056", "price": "0.86", "size": "50", "side": "SELL", "hash": "c15eb1126327ac9f17d6310db530ac4011190a90", "best_bid": "0.31", "best_ask": "0.33"}], "timestamp": "1769384089760", "event_type": "price_change"}}
{"_local_timestamp": "2026-01-25T23:34:49.871134+00:00", "data": {"market": "0xa9c0c820fd79b4339ed4711288ce15236196a6015234350f42b37341e9094398", "price_changes": [{"asset_id": "78438315737001038193507108078052969359305687599144926740526502005681502958823", "price": "0.14", "size": "250", "side": "BUY", "hash": "6914bf171a31f15664871f1228cf0a134a3e6a16", "best_bid": "0.67", "best_ask": "0.69"}, {"asset_id": "91609514063242777856043730063938310894548353925882406409927495687846407164056", "price": "0.86", "size": "250", "side": "SELL", "hash": "9417fd34aa69e0584b5f03b5ee8f0b2d45293808", "best_bid": "0.31", "best_ask": "0.33"}], "timestamp": "1769384089801", "event_type": "price_change"}}
{"_local_timestamp": "2026-01-25T23:34:49.874222+00:00", "data": {"market": "0xa9c0c820fd79b4339ed4711288ce15236196a6015234350f42b37341e9094398", "price_changes": [{"asset_id": "78438315737001038193507108078052969359305687599144926740526502005681502958823", "price": "0.15", "size": "0", "side": "BUY", "hash": "8ac18a6c0c9aaf21b86dd6f2254e577f7490d274", "best_bid": "0.67", "best_ask": "0.69"}, {"asset_id": "91609514063242777856043730063938310894548353925882406409927495687846407164056", "price": "0.85", "size": "0", "side": "SELL", "hash": "4f3839c66417eed5a90a28a917c2c49eb4764e6f", "best_bid": "0.31", "best_ask": "0.33"}], "timestamp": "1769384089804", "event_type": "price_change"}}
{"_local_timestamp": "2026-01-25T23:34:50.085032+00:00", "data": {"market": "0xa9c0c820fd79b4339ed4711288ce15236196a6015234350f42b37341e9094398", "price_changes": [{"asset_id": "78438315737001038193507108078052969359305687599144926740526502005681502958823", "price": "0.15", "size": "200", "side": "BUY", "hash": "8e32a098846f99529a6550760ebbe2a8bb340e2a", "best_bid": "0.67", "best_ask": "0.69"}, {"asset_id": "91609514063242777856043730063938310894548353925882406409927495687846407164056", "price": "0.85", "size": "200", "side": "SELL", "hash": "817f44610ca34bbcaf319a9e2a9cbc7231769fa2", "best_bid": "0.31", "best_ask": "0.33"}], "timestamp": "1769384090011", "event_type": "price_change"}}
{"_local_timestamp": "2026-01-25T23:34:51.861685+00:00", "data": {"market": "0xa9c0c820fd79b4339ed4711288ce15236196a6015234350f42b37341e9094398", "price_changes": [{"asset_id": "78438315737001038193507108078052969359305687599144926740526502005681502958823", "price": "0.14", "size": "50", "side": "BUY", "hash": "c5099d977d94c9c1ad7c9232bb0dca826613af3e", "best_bid": "0.67", "best_ask": "0.69"}, {"asset_id": "91609514063242777856043730063938310894548353925882406409927495687846407164056", "price": "0.86", "size": "50", "side": "SELL", "hash": "3d5eb9af2a27e0d5be80bc74f020536e42e7d9d8", "best_bid": "0.31", "best_ask": "0.33"}], "timestamp": "1769384091798", "event_type": "price_change"}}
{"_local_timestamp": "2026-01-25T23:34:51.871839+00:00", "data": {"market": "0xa9c0c820fd79b4339ed4711288ce15236196a6015234350f42b37341e9094398", "price_changes": [{"asset_id": "78438315737001038193507108078052969359305687599144926740526502005681502958823", "price": "0.16", "size": "200", "side": "BUY", "hash": "0e88dcbbda66cc720d0b31cbadb5c01e4161bb7a", "best_bid": "0.67", "best_ask": "0.69"}, {"asset_id": "91609514063242777856043730063938310894548353925882406409927495687846407164056", "price": "0.84", "size": "200", "side": "SELL", "hash": "bf3795a30f8e6ee32855df7941d0ea5c88bfb5a4", "best_bid": "0.31", "best_ask": "0.33"}], "timestamp": "1769384091804", "event_type": "price_change"}}
{"_local_timestamp": "2026-01-25T23:35:01.326376+00:00", "data": {"market": "0xa9c0c820fd79b4339ed4711288ce15236196a6015234350f42b37341e9094398", "price_changes": [{"asset_id": "78438315737001038193507108078052969359305687599144926740526502005681502958823", "price": "0.15", "size": "0", "side": "BUY", "hash": "48589afc2758fbd6b5ed89e9d37537b605f25dab", "best_bid": "0.67", "best_ask": "0.69"}, {"asset_id": "91609514063242777856043730063938310894548353925882406409927495687846407164056", "price": "0.85", "size": "0", "side": "SELL", "hash": "93c32c391e0d7c15936b6ce7f4d453842a7e1cb3", "best_bid": "0.31", "best_ask": "0.33"}], "timestamp": "1769384101250", "event_type": "price_change"}}
{"_local_timestamp": "2026-01-25T23:35:01.362507+00:00", "data": {"market": "0xa9c0c820fd79b4339ed4711288ce15236196a6015234350f42b37341e9094398", "price_changes": [{"asset_id": "78438315737001038193507108078052969359305687599144926740526502005681502958823", "price": "0.16", "size": "0", "side": "BUY", "hash": "64a9ee26e0e76a221dcdaadf50f91cb922204533", "best_bid": "0.67", "best_ask": "0.69"}, {"asset_id": "91609514063242777856043730063938310894548353925882406409927495687846407164056", "price": "0.84", "size": "0", "side": "SELL", "hash": "1c16865bcc2abe9ad9b845057ba66081dc17c5e2", "best_bid": "0.31", "best_ask": "0.33"}], "timestamp": "1769384101293", "event_type": "price_change"}}
{"_local_timestamp": "2026-01-25T23:35:01.362986+00:00", "data": {"market": "0xa9c0c820fd79b4339ed4711288ce15236196a6015234350f42b37341e9094398", "price_changes": [{"asset_id": "78438315737001038193507108078052969359305687599144926740526502005681502958823", "price": "0.14", "size": "250", "side": "BUY", "hash": "8c7543735e9650017bde60097c7469d948258a16", "best_bid": "0.67", "best_ask": "0.69"}, {"asset_id": "91609514063242777856043730063938310894548353925882406409927495687846407164056", "price": "0.86", "size": "250", "side": "SELL", "hash": "08ee06dda79fd00f617d9fdf539ae4a1061e5962", "best_bid": "0.31", "best_ask": "0.33"}], "timestamp": "1769384101295", "event_type": "price_change"}}
{"_local_timestamp": "2026-01-25T23:35:01.582092+00:00", "data": {"market": "0xa9c0c820fd79b4339ed4711288ce15236196a6015234350f42b37341e9094398", "price_changes": [{"asset_id": "78438315737001038193507108078052969359305687599144926740526502005681502958823", "price": "0.11", "size": "200", "side": "BUY", "hash": "c631724ea729ced222279b3ba6ff67104c7d78b6", "best_bid": "0.67", "best_ask": "0.69"}, {"asset_id": "91609514063242777856043730063938310894548353925882406409927495687846407164056", "price": "0.89", "size": "200", "side": "SELL", "hash": "da905df88198655fa0ee17e08592bcf59a8edf09", "best_bid": "0.31", "best_ask": "0.33"}], "timestamp": "1769384101512", "event_type": "price_change"}}
{"_local_timestamp": "2026-01-25T23:35:01.811183+00:00", "data": {"market": "0xa9c0c820fd79b4339ed4711288ce15236196a6015234350f42b37341e9094398", "price_changes": [{"asset_id": "78438315737001038193507108078052969359305687599144926740526502005681502958823", "price": "0.08", "size": "700", "side": "BUY", "hash": "0ac9cf973927b5646dcc055a8e23571a191e221c", "best_bid": "0.67", "best_ask": "0.69"}, {"asset_id": "91609514063242777856043730063938310894548353925882406409927495687846407164056", "price": "0.92", "size": "700", "side": "SELL", "hash": "25c82a30637150cde892ce0271be76b402dcb156", "best_bid": "0.31", "best_ask": "0.33"}], "timestamp": "1769384101738", "event_type": "price_change"}}
{"_local_timestamp": "2026-01-25T23:35:02.088234+00:00", "data": {"market": "0xa9c0c820fd79b4339ed4711288ce15236196a6015234350f42b37341e9094398", "price_changes": [{"asset_id": "78438315737001038193507108078052969359305687599144926740526502005681502958823", "price": "0.14", "size": "350", "side": "BUY", "hash": "15e762647833e60f85333bf4dc582bccf3cf0274", "best_bid": "0.67", "best_ask": "0.69"}, {"asset_id": "91609514063242777856043730063938310894548353925882406409927495687846407164056", "price": "0.86", "size": "350", "side": "SELL", "hash": "614580f602bdf892887da9221243e7c4a52305b6", "best_bid": "0.31", "best_ask": "0.33"}], "timestamp": "1769384102004", "event_type": "price_change"}}
