{"_local_timestamp": "2026-01-25T23:41:07.445072+00:00", "data": [{"market": "0xfa2de983f8642c0f61c6c9f6890144c00569720c7ac4966fa14ae61887805119", "asset_id": "111430850586280057072383206477547388489809466081864228712689433849450823637864", "timestamp": "1769384466939", "hash": "054b16448731ef9872bc6fae3b3452a0924aec31", "bids": [{"price": "0.01", "size": "100888.92"}, {"price": "0.02", "size": "21.5"}, {"price": "0.04", "size": "1250"}, {"price": "0.05", "size": "16.61"}, {"price": "0.13", "size": "822"}, {"price": "0.14", "size": "1500"}, {"price": "0.15", "size": "150"}, {"price": "0.17", "size": "500"}, {"price": "0.18", "size": "400"}, {"price": "0.19", "size": "80"}, {"price": "0.21", "size": "61.9"}, {"price": "0.23", "size": "47.82"}, {"price": "0.25", "size": "213.83"}, {"price": "0.26", "size": "209"}, {"price": "0.27", "size": "220.52"}, {"price": "0.28", "size": "205"}, {"price": "0.31", "size": "193"}, {"price": "0.35", "size": "200"}, {"price": "0.36", "size": "31"}], "asks": [{"price": "0.99", "size": "102288.18"}, {"price": "0.98", "size": "1400"}, {"price": "0.97", "size": "9.97"}, {"price": "0.94", "size": "1200"}, {"price": "0.9", "size": "6.49"}, {"price": "0.88", "size": "600"}, {"price": "0.85", "size": "425"}, {"price": "0.7", "size": "100"}, {"price": "0.65", "size": "50"}, {"price": "0.61", "size": "10"}, {"price": "0.6", "size": "205.83"}, {"price": "0.57", "size": "188"}, {"price": "0.55", "size": "44"}, {"price": "0.53", "size": "788.84"}, {"price": "0.52", "size": "116"}, {"price": "0.51", "size": "12"}, {"price": "0.49", "size": "58"}, {"price": "0.48", "size": "16"}, {"price": "0.47", "size": "20"}, {"price": "0.46", "size": "20"}, {"price": "0.4", "size": "29.2"}], "event_type": "book", "last_trade_price": "0.400"}, {"market": "0xfa2de983f8642c0f61c6c9f6890144c00569720c7ac4966fa14ae61887805119", "asset_id": "100867343898929430052757546050745655715685585456696690891892865600379098158025", "timestamp": "1769384466939", "hash": "8d099e0d82a69029db15902572cf684507c31b6f", "bids": [{"price": "0.01", "size": "102288.18"}, {"price": "0.02", "size": "1400"}, {"price": "0.03", "size": "9.97"}, {"price": "0.06", "size": "1200"}, {"price": "0.1", "size": "6.49"}, {"price": "0.12", "size": "600"}, {"price": "0.15", "size": "425"}, {"price": "0.3", "size": "100"}, {"price": "0.35", "size": "50"}, {"price": "0.39", "size": "10"}, {"price": "0.4", "size": "205.83"}, {"price": "0.43", "size": "188"}, {"price": "0.45", "size": "44"}, {"price": "0.47", "size": "788.84"}, {"price": "0.48", "size": "116"}, {"price": "0.49", "size": "12"}, {"price": "0.51", "size": "58"}, {"price": "0.52", "size": "16"}, {"price": "0.53", "size": "20"}, {"price": "0.54", "size": "20"}, {"price": "0.6", "size": "29.2"}], "asks": [{"price": "0.99", "size": "100888.92"}, {"price": "0.98", "size": "21.5"}, {"price": "0.96", "size": "1250"}, {"price": "0.95", "size": "16.61"}, {"price": "0.87", "size": "822"}, {"price": "0.86", "size": "1500"}, {"price": "0.85", "size": "150"}, {"price": "0.83", "size": "500"}, {"price": "0.82", "size": "400"}, {"price": "0.81", "size": "80"}, {"price": "0.79", "size": "61.9"}, {"price": "0.77", "size": "47.82"}, {"price": "0.75", "size": "213.83"}, {"price": "0.74", "size": "209"}, {"price": "0.73", "size": "220.52"}, {"price": "0.72", "size": "205"}, {"price": "0.69", "size": "193"}, {"price": "0.65", "size": "200"}, {"price": "0.64", "size": "31"}], "event_type": "book", "last_trade_price": "0.400"}]}
{"_local_timestamp": "2026-01-25T23:41:08.714440+00:00", "data": {"market": "0xfa2de983f8642c0f61c6c9f6890144c00569720c7ac4966fa14ae61887805119", "price_changes": [{"asset_id": "111430850586280057072383206477547388489809466081864228712689433849450823637864", "price": "0.4", "size": "22.2", "side": "SELL", "hash": "8c89451085b9b390e4fd9111a2ebdc4f56ba59eb", "best_bid": "0.36", "best_ask": "0.4"}, {"asset_id": "100867343898929430052757546050745655715685585456696690891892865600379098158025", "price": "0.6", "size": "22.2", "side": "BUY", "hash": "bb59a8766839edba942c1fe3f0a5e7daed5e07ab", "best_bid": "0.6", "best_ask": "0.64"}], "timestamp": "1769384468647", "event_type": "price_change"}}
{"_local_timestamp": "2026-01-25T23:41:08.715213+00:00", "data": {"market": "0xfa2de983f8642c0f61c6c9f6890144c00569720c7ac4966fa14ae61887805119", "asset_id": "111430850586280057072383206477547388489809466081864228712689433849450823637864", "bids": [{"price": "0.01", "size": "100888.92"}, {"price": "0.02", "size": "21.5"}, {"price": "0.04", "size": "1250"}, {"price": "0.05", "size": "16.61"}, {"price": "0.13", "size": "822"}, {"price": "0.14", "size": "1500"}, {"price": "0.15", "size": "150"}, {"price": "0.17", "size": "500"}, {"price": "0.18", "size": "400"}, {"price": "0.19", "size": "80"}, {"price": "0.21", "size": "61.9"}, {"price": "0.23", "size": "47.82"}, {"price": "0.25", "size": "213.83"}, {"price": "0.26", "size": "209"}, {"price": "0.27", "size": "220.52"}, {"price": "0.28", "size": "205"}, {"price": "0.31", "size": "193"}, {"price": "0.35", "size": "200"}, {"price": "0.36", "size": "31"}], "asks": [{"price": "0.99", "size": "102288.18"}, {"price": "0.98", "size": "1400"}, {"price": "0.97", "size": "9.97"}, {"price": "0.94", "size": "1200"}, {"price": "0.9", "size": "6.49"}, {"price": "0.88", "size": "600"}, {"price": "0.85", "size": "425"}, {"price": "0.7", "size": "100"}, {"price": "0.65", "size": "50"}, {"price": "0.61", "size": "10"}, {"price": "0.6", "size": "205.83"}, {"price": "0.57", "size": "188"}, {"price": "0.55", "size": "44"}, {"price": "0.53", "size": "788.84"}, {"price": "0.52", "size": "116"}, {"price": "0.51", "size": "12"}, {"price": "0.49", "size": "58"}, {"price": "0.48", "size": "16"}, {"price": "0.47", "size": "20"}, {"price": "0.46", "size": "20"}, {"price": "0.4", "size": "22.2"}], "hash": "8c89451085b9b390e4fd9111a2ebdc4f56ba59eb", "timestamp": "1769384468647", "event_type": "book"}}
{"_local_timestamp": "2026-01-25T23:41:08.715642+00:00", "data": {"market": "0xfa2de983f8642c0f61c6c9f6890144c00569720c7ac4966fa14ae61887805119", "asset_id": "100867343898929430052757546050745655715685585456696690891892865600379098158025", "bids": [{"price": "0.01", "size": "102288.18"}, {"price": "0.02", "size": "1400"}, {"price": "0.03", "size": "9.97"}, {"price": "0.06", "size": "1200"}, {"price": "0.1", "size": "6.49"}, {"price": "0.12", "size": "600"}, {"price": "0.15", "size": "425"}, {"price": "0.3", "size": "100"}, {"price": "0.35", "size": "50"}, {"price": "0.39", "size": "10"}, {"price": "0.4", "size": "205.83"}, {"price": "0.43", "size": "188"}, {"price": "0.45", "size": "44"}, {"price": "0.47", "size": "788.84"}, {"price": "0.48", "size": "116"}, {"price": "0.49", "size": "12"}, {"price": "0.51", "size": "58"}, {"price": "0.52", "size": "16"}, {"price": "0.53", "size": "20"}, {"price": "0.54", "size": "20"}, {"price": "0.6", "size": "22.2"}], "asks": [{"price": "0.99", "size": "100888.92"}, {"price": "0.98", "size": "21.5"}, {"price": "0.96", "size": "1250"}, {"price": "0.95", "size": "16.61"}, {"price": "0.87", "size": "822"}, {"price": "0.86", "size": "1500"}, {"price": "0.85", "size": "150"}, {"price": "0.83", "size": "500"}, {"price": "0.82", "size": "400"}, {"price": "0.81", "size": "80"}, {"price": "0.79", "size": "61.9"}, {"price": "0.77", "size": "47.82"}, {"price": "0.75", "size": "213.83"}, {"price": "0.74", "size": "209"}, {"price": "0.73", "size": "220.52"}, {"price": "0.72", "size": "205"}, {"price": "0.69", "size": "193"}, {"price": "0.65", "size": "200"}, {"price": "0.64", "size": "31"}], "hash": "bb59a8766839edba942c1fe3f0a5e7daed5e07ab", "timestamp": "1769384468647", "event_type": "book"}}
{"_local_timestamp": "2026-01-25T23:41:08.739663+00:00", "data": {"market": "0xfa2de983f8642c0f61c6c9f6890144c00569720c7ac4966fa14ae61887805119", "asset_id": "111430850586280057072383206477547388489809466081864228712689433849450823637864", "price": "0.4", "size": "7", "fee_rate_bps": "0", "side": "BUY", "timestamp": "1769384468675", "event_type": "last_trade_price", "transaction_hash": "0x225be29be959817cb7d1b088f8aac9eb9629958328a6da1b8269d31ef19a9ac2"}}
{"_local_timestamp": "2026-01-25T23:41:09.326561+00:00", "data": {"market": "0xfa2de983f8642c0f61c6c9f6890144c00569720c7ac4966fa14ae61887805119", "price_changes": [{"asset_id": "111430850586280057072383206477547388489809466081864228712689433849450823637864", "price": "0.13", "size": "0", "side": "BUY", "hash": "bcb5b87742c3c02ff047590c78279aeaf29b4522", "best_bid": "0.36", "best_ask": "0.4"}, {"asset_id": "100867343898929430052757546050745655715685585456696690891892865600379098158025", "price": "0.87", "size": "0", "side": "SELL", "hash": "eefc16d0190caed10f3fae8265f97415f47e5e05", "best_bid": "0.6", "best_ask": "0.64"}], "timestamp": "1769384469265", "event_type": "price_change"}}
{"_local_timestamp": "2026-01-25T23:41:10.668623+00:00", "data": {"market": "0xfa2de983f8642c0f61c6c9f6890144c00569720c7ac4966fa14ae61887805119", "price_changes": [{"asset_id": "111430850586280057072383206477547388489809466081864228712689433849450823637864", "price": "0.31", "size": "0", "side": "BUY", "hash": "c819c937b60d00d23aa3ed0479056ab7cf6540a1", "best_bid": "0.36", "best_ask": "0.4"}, {"asset_id": "100867343898929430052757546050745655715685585456696690891892865600379098158025", "price": "0.69", "size": "0", "side": "SELL", "hash": "3f84389be8da69eeb2577417258d8c69fd5f1093", "best_bid": "0.6", "best_ask": "0.64"}], "timestamp": "1769384470604", "event_type": "price_change"}}
{"_local_timestamp": "2026-01-25T23:41:10.676294+00:00", "data": {"market": "0xfa2de983f8642c0f61c6c9f6890144c00569720c7ac4966fa14ae61887805119", "price_changes": [{"asset_id": "111430850586280057072383206477547388489809466081864228712689433849450823637864", "price": "0.33", "size": "189", "side": "BUY", "hash": "15c5ce0c5cc094cf60069af631c4a06de12544da", "best_bid": "0.36", "best_ask": "0.4"}, {"asset_id": "100867343898929430052757546050745655715685585456696690891892865600379098158025", "price": "0.67", "size": "189", "side": "SELL", "hash": "4b5dff1f16a018f41e7efede13bc97e030bce145", "best_bid": "0.6", "best_ask": "0.64"}], "timestamp": "1769384470606", "event_type": "price_change"}}
{"_local_timestamp": "2026-01-25T23:41:12.673000+00:00", "data": {"market": "0xfa2de983f8642c0f61c6c9f6890144c00569720c7ac4966fa14ae61887805119", "price_changes": [{"asset_id": "111430850586280057072383206477547388489809466081864228712689433849450823637864", "price": "0.33", "size": "0", "side": "BUY", "hash": "07d2abbb9f8f9efbb63315e495635c27b4ccd372", "best_bid": "0.36", "best_ask": "0.4"}, {"asset_id": "100867343898929430052757546050745655715685585456696690891892865600379098158025", "price": "0.67", "size": "0", "side": "SELL", "hash": "47f284e2ca7c3ca66a32fd92c558a6d3909dddb6", "best_bid": "0.6", "best_ask": "0.64"}], "timestamp": "1769384472609", "event_type": "price_change"}}
{"_local_timestamp": "2026-01-25T23:41:12.768379+00:00", "data": {"market": "0xfa2de983f8642c0f61c6c9f6890144c00569720c7ac4966fa14ae61887805119", "price_changes": [{"asset_id": "111430850586280057072383206477547388489809466081864228712689433849450823637864", "price": "0.31", "size": "190", "side": "BUY", "hash": "a26eafaf16752e92b894358d43fb928a6e6365bd", "best_bid": "0.36", "best_ask": "0.4"}, {"asset_id": "100867343898929430052757546050745655715685585456696690891892865600379098158025", "price": "0.69", "size": "190", "side": "SELL", "hash": "0e787d61552b3dd4f619e25c24f7ca12a56627ea", "best_bid": "0.6", "best_ask": "0.64"}], "timestamp": "1769384472688", "event_type": "price_change"}}
{"_local_timestamp": "2026-01-25T23:41:14.261943+00:00", "data": {"market": "0xfa2de983f8642c0f61c6c9f6890144c00569720c7ac4966fa14ae61887805119", "price_changes": [{"asset_id": "111430850586280057072383206477547388489809466081864228712689433849450823637864", "price": "0.51", "size": "39.22", "side": "SELL", "hash": "5dc36b85eb72e3357bf3466433de783dd7f64d2d", "best_bid": "0.36", "best_ask": "0.4"}, {"asset_id": "100867343898929430052757546050745655715685585456696690891892865600379098158025", "price": "0.49", "size": "39.22", "side": "BUY", "hash": "cd22f3c52c632cb4a8b5602f8f30f3596d78cd5d", "best_bid": "0.6", "best_ask": "0.64"}], "timestamp": "1769384474183", "event_type": "price_change"}}
{"_local_timestamp": "2026-01-25T23:41:14.262733+00:00", "data": {"market": "0xfa2de983f8642c0f61c6c9f6890144c00569720c7ac4966fa14ae61887805119", "price_changes": [{"asset_id": "111430850586280057072383206477547388489809466081864228712689433849450823637864", "price": "0.51", "size": "66.44", "side": "SELL", "hash": "73b4ba921b56c20f296e88cb6861ebc18c07aba0", "best_bid": "0.36", "best_ask": "0.4"}, {"asset_id": "100867343898929430052757546050745655715685585456696690891892865600379098158025", "price": "0.49", "size": "66.44", "side": "BUY", "hash": "dc353ea542048591d17a2f8b0cbde92b92cd96e3", "best_bid": "0.6", "best_ask": "0.64"}], "timestamp": "1769384474183", "event_type": "price_change"}}
{"_local_timestamp": "2026-01-25T23:41:14.268911+00:00", "data": {"market": "0xfa2de983f8642c0f61c6c9f6890144c00569720c7ac4966fa14ae61887805119", "price_changes": [{"asset_id": "111430850586280057072383206477547388489809466081864228712689433849450823637864", "price": "0.51", "size": "93.66", "side": "SELL", "hash": "c2a59941351b9006848e043684641fb684df1c1e", "best_bid": "0.36", "best_ask": "0.4"}, {"asset_id": "100867343898929430052757546050745655715685585456696690891892865600379098158025", "price": "0.49", "size": "93.66", "side": "BUY", "hash": "91a7117c61d4de6e25fb9aa0d2deccfc797c3813", "best_bid": "0.6", "best_ask": "0.64"}], "timestamp": "1769384474184", "event_type": "price_change"}}
{"_local_timestamp": "2026-01-25T23:41:14.320844+00:00", "data": {"market": "0xfa2de983f8642c0f61c6c9f6890144c00569720c7ac4966fa14ae61887805119", "price_changes": [{"asset_id": "111430850586280057072383206477547388489809466081864228712689433849450823637864", "price": "0.51", "size": "104.72", "side": "SELL", "hash": "37a8d2ae4ad452f48586834633cfd569b59f13be", "best_bid": "0.36", "best_ask": "0.4"}, {"asset_id": "100867343898929430052757546050745655715685585456696690891892865600379098158025", "price": "0.49", "size": "104.72", "side": "BUY", "hash": "d438b025638a18b6bab87ab0913d1b1ae8a056ba", "best_bid": "0.6", "best_ask": "0.64"}], "timestamp": "1769384474223", "event_type": "price_change"}}
{"_local_timestamp": "2026-01-25T23:41:17.261804+00:00", "data": {"market": "0xfa2de983f8642c0f61c6c9f6890144c00569720c7ac4966fa14ae61887805119", "price_changes": [{"asset_id": "111430850586280057072383206477547388489809466081864228712689433849450823637864", "price": "0.31", "size": "0", "side": "BUY", "hash": "4733291250a3a73f36f08068505020d5b623d54c", "best_bid": "0.36", "best_ask": "0.4"}, {"asset_id": "100867343898929430052757546050745655715685585456696690891892865600379098158025", "price": "0.69", "size": "0", "side": "SELL", "hash": "f8d739331fca1b9da525f52d790c02be8099c6bd", "best_bid": "0.6", "best_ask": "0.64"}], "timestamp": "1769384477182", "event_type": "price_change"}}
{"_local_timestamp": "2026-01-25T23:41:17.264573+00:00", "data": {"market": "0xfa2de983f8642c0f61c6c9f6890144c00569720c7ac4966fa14ae61887805119", "price_changes": [{"asset_id": "111430850586280057072383206477547388489809466081864228712689433849450823637864", "price": "0.29", "size": "190", "side": "BUY", "hash": "4bc267294f5bd09d1232ba7ec23f292448b6983c", "best_bid": "0.36", "best_ask": "0.4"}, {"asset_id": "100867343898929430052757546050745655715685585456696690891892865600379098158025", "price": "0.71", "size": "190", "side": "SELL", "hash": "7cb8f18fe9a19ba4da294b61b2efa248ba5659f6", "best_bid": "0.6", "best_ask": "0.64"}], "timestamp": "1769384477183", "event_type": "price_change"}}
{"_local_timestamp": "2026-01-25T23:41:17.265039+00:00", "data": {"market": "0xfa2de983f8642c0f61c6c9f6890144c00569720c7ac4966fa14ae61887805119", "price_changes": [{"asset_id": "111430850586280057072383206477547388489809466081864228712689433849450823637864", "price": "0.4", "size": "10.2", "side": "SELL", "hash": "243b1d21d3db44b883f58e4f2613ab5317b1a89a", "best_bid": "0.36", "best_ask": "0.4"}, {"asset_id": "100867343898929430052757546050745655715685585456696690891892865600379098158025", "price": "0.6", "size": "10.2", "side": "BUY", "hash": "d7bb8dd6bb6a19fd08303c2c9dfcef7e19bc4dd8", "best_bid": "0.6", "best_ask": "0.64"}], "timestamp": "1769384477188", "event_type": "price_change"}}
{"_local_timestamp": "2026-01-25T23:41:17.265511+00:00", "data": {"market": "0xfa2de983f8642c0f61c6c9f6890144c00569720c7ac4966fa14ae61887805119", "asset_id": "111430850586280057072383206477547388489809466081864228712689433849450823637864", "bids": [{"price": "0.01", "size": "100888.92"}, {"price": "0.02", "size": "21.5"}, {"price": "0.04", "size": "1250"}, {"price": "0.05", "size": "16.61"}, {"price": "0.14", "size": "1500"}, {"price": "0.15", "size": "150"}, {"price": "0.17", "size": "500"}, {"price": "0.18", "size": "400"}, {"price": "0.19", "size": "80"}, {"price": "0.21", "size": "61.9"}, {"price": "0.23", "size": "47.82"}, {"price": "0.25", "size": "213.83"}, {"price": "0.26", "size": "209"}, {"price": "0.27", "size": "220.52"}, {"price": "0.28", "size": "205"}, {"price": "0.29", "size": "190"}, {"price": "0.35", "size": "200"}, {"price": "0.36", "size": "31"}], "asks": [{"price": "0.99", "size": "102288.18"}, {"price": "0.98", "size": "1400"}, {"price": "0.97", "size": "9.97"}, {"price": "0.94", "size": "1200"}, {"price": "0.9", "size": "6.49"}, {"price": "0.88", "size": "600"}, {"price": "0.85", "size": "425"}, {"price": "0.7", "size": "100"}, {"price": "0.65", "size": "50"}, {"price": "0.61", "size": "10"}, {"price": "0.6", "size": "205.83"}, {"price": "0.57", "size": "188"}, {"price": "0.55", "size": "44"}, {"price": "0.53", "size": "788.84"}, {"price": "0.52", "size": "116"}, {"price": "0.51", "size": "104.72"}, {"price": "0.49", "size": "58"}, {"price": "0.48", "size": "16"}, {"price": "0.47", "size": "20"}, {"price": "0.46", "size": "20"}, {"price": "0.4", "size": "10.2"}], "hash": "243b1d21d3db44b883f58e4f2613ab5317b1a89a", "timestamp": "1769384477188", "event_type": "book"}}
{"_local_timestamp": "2026-01-25T23:41:17.265942+00:00", "data": {"market": "0xfa2de983f8642c0f61c6c9f6890144c00569720c7ac4966fa14ae61887805119", "asset_id": "100867343898929430052757546050745655715685585456696690891892865600379098158025", "bids": [{"price": "0.01", "size": "102288.18"}, {"price": "0.02", "size": "1400"}, {"price": "0.03", "size": "9.97"}, {"price": "0.06", "size": "1200"}, {"price": "0.1", "size": "6.49"}, {"price": "0.12", "size": "600"}, {"price": "0.15", "size": "425"}, {"price": "0.3", "size": "100"}, {"price": "0.35", "size": "50"}, {"price": "0.39", "size": "10"}, {"price": "0.4", "size": "205.83"}, {"price": "0.43", "size": "188"}, {"price": "0.45", "size": "44"}, {"price": "0.47", "size": "788.84"}, {"price": "0.48", "size": "116"}, {"price": "0.49", "size": "104.72"}, {"price": "0.51", "size": "58"}, {"price": "0.52", "size": "16"}, {"price": "0.53", "size": "20"}, {"price": "0.54", "size": "20"}, {"price": "0.6", "size": "10.2"}], "asks": [{"price": "0.99", "size": "100888.92"}, {"price": "0.98", "size": "21.5"}, {"price": "0.96", "size": "1250"}, {"price": "0.95", "size": "16.61"}, {"price": "0.86", "size": "1500"}, {"price": "0.85", "size": "150"}, {"price": "0.83", "size": "500"}, {"price": "0.82", "size": "400"}, {"price": "0.81", "size": "80"}, {"price": "0.79", "size": "61.9"}, {"price": "0.77", "size": "47.82"}, {"price": "0.75", "size": "213.83"}, {"price": "0.74", "size": "209"}, {"price": "0.73", "size": "220.52"}, {"price": "0.72", "size": "205"}, {"price": "0.71", "size": "190"}, {"price": "0.65", "size": "200"}, {"price": "0.64", "size": "31"}], "hash": "d7bb8dd6bb6a19fd08303c2c9dfcef7e19bc4dd8", "timestamp": "1769384477188", "event_type": "book"}}
{"_local_timestamp": "2026-01-25T23:41:17.293715+00:00", "data": {"market": "0xfa2de983f8642c0f61c6c9f6890144c00569720c7ac4966fa14ae61887805119", "asset_id": "111430850586280057072383206477547388489809466081864228712689433849450823637864", "price": "0.4", "size": "12", "fee_rate_bps": "0", "side": "BUY", "timestamp": "1769384477216", "event_type": "last_trade_price", "transaction_hash": "0x7cc1f346120263f9842c3f06f4aa97f67f1a47808a0eb1049efbb057e63ceb5a"}}
{"_local_timestamp": "2026-01-25T23:41:19.298410+00:00", "data": {"market": "0xfa2de983f8642c0f61c6c9f6890144c00569720c7ac4966fa14ae61887805119", "price_changes": [{"asset_id": "111430850586280057072383206477547388489809466081864228712689433849450823637864", "price": "0.31", "size": "190", "side": "BUY", "hash": "1fbcf1556de0164fabb1abf0bf82424094a364e1", "best_bid": "0.36", "best_ask": "0.4"}, {"asset_id": "100867343898929430052757546050745655715685585456696690891892865600379098158025", "price": "0.69", "size": "190", "side": "SELL", "hash": "7157c51b56d567f689f47994286a765f5a092693", "best_bid": "0.6", "best_ask": "0.64"}], "timestamp": "1769384479185", "event_type": "price_change"}}
{"_local_timestamp": "2026-01-25T23:41:19.330912+00:00", "data": {"market": "0xfa2de983f8642c0f61c6c9f6890144c00569720c7ac4966fa14ae61887805119", "price_changes": [{"asset_id": "111430850586280057072383206477547388489809466081864228712689433849450823637864", "price": "0.29", "size": "0", "side": "BUY", "hash": "88de90f38edf34b0de70c2ba653876c9eeab6ea7", "best_bid": "0.36", "best_ask": "0.4"}, {"asset_id": "100867343898929430052757546050745655715685585456696690891892865600379098158025", "price": "0.71", "size": "0", "side": "SELL", "hash": "309abc0d3a4bb9482857b05f52afeed451cc7334", "best_bid": "0.6", "best_ask": "0.64"}], "timestamp": "1769384479185", "event_type": "price_change"}}
{"_local_timestamp": "2026-01-25T23:41:23.134549+00:00", "data": {"market": "0xfa2de983f8642c0f61c6c9f6890144c00569720c7ac4966fa14ae61887805119", "asset_id": "111430850586280057072383206477547388489809466081864228712689433849450823637864", "price": "0.43", "size": "21", "fee_rate_bps": "0", "side": "BUY", "timestamp": "1769384483061", "event_type": "last_trade_price", "transaction_hash": "0x8d86b3745f6171fa19ebc83f990d535f844aeb54e642ad4785cc72dc69c7fc73"}}
{"_local_timestamp": "2026-01-25T23:41:23.142235+00:00", "data": {"market": "0xfa2de983f8642c0f61c6c9f6890144c00569720c7ac4966fa14ae61887805119", "price_changes": [{"asset_id": "111430850586280057072383206477547388489809466081864228712689433849450823637864", "price": "0.46", "size": "9.2", "side": "SELL", "hash": "d2df43180a55c7fe38bbf9201257636ce9e0e703", "best_bid": "0.36", "best_ask": "0.46"}, {"asset_id": "100867343898929430052757546050745655715685585456696690891892865600379098158025", "price": "0.54", "size": "9.2", "side": "BUY", "hash": "2ed5b0ad4805119c31e20972f93b8406427e7a1d", "best_bid": "0.54", "best_ask": "0.64"}], "timestamp": "1769384483032", "event_type": "price_change"}}
{"_local_timestamp": "2026-01-25T23:41:23.142728+00:00", "data": {"market": "0xfa2de983f8642c0f61c6c9f6890144c00569720c7ac4966fa14ae61887805119", "price_changes": [{"asset_id": "111430850586280057072383206477547388489809466081864228712689433849450823637864", "price": "0.4", "size": "0", "side": "SELL", "hash": "d2df43180a55c7fe38bbf9201257636ce9e0e703", "best_bid": "0.36", "best_ask": "0.46"}, {"asset_id": "100867343898929430052757546050745655715685585456696690891892865600379098158025", "price": "0.6", "size": "0", "side": "BUY", "hash": "2ed5b0ad4805119c31e20972f93b8406427e7a1d", "best_bid": "0.54", "best_ask": "0.64"}], "timestamp": "1769384483032", "event_type": "price_change"}}
{"_local_timestamp": "2026-01-25T23:41:23.144669+00:00", "data": {"market": "0xfa2de983f8642c0f61c6c9f6890144c00569720c7ac4966fa14ae61887805119", "asset_id": "111430850586280057072383206477547388489809466081864228712689433849450823637864", "bids": [{"price": "0.01", "size": "100888.92"}, {"price": "0.02", "size": "21.5"}, {"price": "0.04", "size": "1250"}, {"price": "0.05", "size": "16.61"}, {"price": "0.14", "size": "1500"}, {"price": "0.15", "size": "150"}, {"price": "0.17", "size": "500"}, {"price": "0.18", "size": "400"}, {"price": "0.19", "size": "80"}, {"price": "0.21", "size": "61.9"}, {"price": "0.23", "size": "47.82"}, {"price": "0.25", "size": "213.83"}, {"price": "0.26", "size": "209"}, {"price": "0.27", "size": "220.52"}, {"price": "0.28", "size": "205"}, {"price": "0.31", "size": "190"}, {"price": "0.35", "size": "200"}, {"price": "0.36", "size": "31"}], "asks": [{"price": "0.99", "size": "102288.18"}, {"price": "0.98", "size": "1400"}, {"price": "0.97", "size": "9.97"}, {"price": "0.94", "size": "1200"}, {"price": "0.9", "size": "6.49"}, {"price": "0.88", "size": "600"}, {"price": "0.85", "size": "425"}, {"price": "0.7", "size": "100"}, {"price": "0.65", "size": "50"}, {"price": "0.61", "size": "10"}, {"price": "0.6", "size": "205.83"}, {"price": "0.57", "size": "188"}, {"price": "0.55", "size": "44"}, {"price": "0.53", "size": "788.84"}, {"price": "0.52", "size": "116"}, {"price": "0.51", "size": "104.72"}, {"price": "0.49", "size": "58"}, {"price": "0.48", "size": "16"}, {"price": "0.47", "size": "20"}, {"price": "0.46", "size": "9.2"}], "hash": "d2df43180a55c7fe38bbf9201257636ce9e0e703", "timestamp": "1769384483032", "event_type": "book"}}
{"_local_timestamp": "2026-01-25T23:41:23.146416+00:00", "data": {"market": "0xfa2de983f8642c0f61c6c9f6890144c00569720c7ac4966fa14ae61887805119", "asset_id": "100867343898929430052757546050745655715685585456696690891892865600379098158025", "bids": [{"price": "0.01", "size": "102288.18"}, {"price": "0.02", "size": "1400"}, {"price": "0.03", "size": "9.97"}, {"price": "0.06", "size": "1200"}, {"price": "0.1", "size": "6.49"}, {"price": "0.12", "size": "600"}, {"price": "0.15", "size": "425"}, {"price": "0.3", "size": "100"}, {"price": "0.35", "size": "50"}, {"price": "0.39", "size": "10"}, {"price": "0.4", "size": "205.83"}, {"price": "0.43", "size": "188"}, {"price": "0.45", "size": "44"}, {"price": "0.47", "size": "788.84"}, {"price": "0.48", "size": "116"}, {"price": "0.49", "size": "104.72"}, {"price": "0.51", "size": "58"}, {"price": "0.52", "size": "16"}, {"price": "0.53", "size": "20"}, {"price": "0.54", "size": "9.2"}], "asks": [{"price": "0.99", "size": "100888.92"}, {"price": "0.98", "size": "21.5"}, {"price": "0.96", "size": "1250"}, {"price": "0.95", "size": "16.61"}, {"price": "0.86", "size": "1500"}, {"price": "0.85", "size": "150"}, {"price": "0.83", "size": "500"}, {"price": "0.82", "size": "400"}, {"price": "0.81", "size": "80"}, {"price": "0.79", "size": "61.9"}, {"price": "0.77", "size": "47.82"}, {"price": "0.75", "size": "213.83"}, {"price": "0.74", "size": "209"}, {"price": "0.73", "size": "220.52"}, {"price": "0.72", "size": "205"}, {"price": "0.69", "size": "190"}, {"price": "0.65", "size": "200"}, {"price": "0.64", "size": "31"}], "hash": "2ed5b0ad4805119c31e20972f93b8406427e7a1d", "timestamp": "1769384483032", "event_type": "book"}}
{"_local_timestamp": "2026-01-25T23:41:23.196496+00:00", "data": {"market": "0xfa2de983f8642c0f61c6c9f6890144c00569720c7ac4966fa14ae61887805119", "price_changes": [{"asset_id": "100867343898929430052757546050745655715685585456696690891892865600379098158025", "price": "0.12", "size": "400", "side": "BUY", "hash": "78527d8fadb4342e1145b18eea73f14cd701c67f", "best_bid": "0.54", "best_ask": "0.64"}, {"asset_id": "111430850586280057072383206477547388489809466081864228712689433849450823637864", "price": "0.88", "size": "400", "side": "SELL", "hash": "49da6ae56d4a009cc9df56ef5b8b58607007f88c", "best_bid": "0.36", "best_ask": "0.46"}], "timestamp": "1769384483113", "event_type": "price_change"}}
{"_local_timestamp": "2026-01-25T23:41:23.205681+00:00", "data": {"market": "0xfa2de983f8642c0f61c6c9f6890144c00569720c7ac4966fa14ae61887805119", "price_changes": [{"asset_id": "100867343898929430052757546050745655715685585456696690891892865600379098158025", "price": "0.07", "size": "200", "side": "BUY", "hash": "368f0cc0ba0107561cb968b196a9cf2f08d28ed8", "best_bid": "0.54", "best_ask": "0.64"}, {"asset_id": "111430850586280057072383206477547388489809466081864228712689433849450823637864", "price": "0.93", "size": "200", "side": "SELL", "hash": "647e2eff08893200ca4c301e2db53dc6032a58af", "best_bid": "0.36", "best_ask": "0.46"}], "timestamp": "1769384483122", "event_type": "price_change"}}
{"_local_timestamp": "2026-01-25T23:41:23.303068+00:00", "data": {"market": "0xfa2de983f8642c0f61c6c9f6890144c00569720c7ac4966fa14ae61887805119", "price_changes": [{"asset_id": "100867343898929430052757546050745655715685585456696690891892865600379098158025", "price": "0.51", "size": "88", "side": "BUY", "hash": "e5f64c5b9658c46fb2ce1615754576eccb099be1", "best_bid": "0.54", "best_ask": "0.64"}, {"asset_id": "111430850586280057072383206477547388489809466081864228712689433849450823637864", "price": "0.49", "size": "88", "side": "SELL", "hash": "e4c89c3c28a494e41fd471ef205a2f28a0474aa2", "best_bid": "0.36", "best_ask": "0.46"}], "timestamp": "1769384483239", "event_type": "price_change"}}
{"_local_timestamp": "2026-01-25T23:41:42.793489+00:00", "data": {"market": "0xfa2de983f8642c0f61c6c9f6890144c00569720c7ac4966fa14ae61887805119", "price_changes": [{"asset_id": "100867343898929430052757546050745655715685585456696690891892865600379098158025", "price": "0.43", "size": "36", "side": "BUY", "hash": "558c3b78885bfc2811c6a3ee14aa1a3d75317161", "best_bid": "0.54", "best_ask": "0.64"}, {"asset_id": "111430850586280057072383206477547388489809466081864228712689433849450823637864", "price": "0.57", "size": "36", "side": "SELL", "hash": "beb449916a1bfa3add47e84f78359c3fd1f7868f", "best_bid": "0.36", "best_ask": "0.46"}], "timestamp": "1769384502722", "event_type": "price_change"}}
{"_local_timestamp": "2026-01-25T23:41:42.796215+00:00", "data": {"market": "0xfa2de983f8642c0f61c6c9f6890144c00569720c7ac4966fa14ae61887805119", "price_changes": [{"asset_id": "100867343898929430052757546050745655715685585456696690891892865600379098158025", "price": "0.4", "size": "5.83", "side": "BUY", "hash": "558c3b78885bfc2811c6a3ee14aa1a3d75317161", "best_bid": "0.54", "best_ask": "0.64"}, {"asset_id": "111430850586280057072383206477547388489809466081864228712689433849450823637864", "price": "0.6", "size": "5.83", "side": "SELL", "hash": "beb449916a1bfa3add47e84f78359c3fd1f7868f", "best_bid": "0.36", "best_ask": "0.46"}], "timestamp": "1769384502722", "event_type": "price_change"}}
{"_local_timestamp": "2026-01-25T23:41:42.796787+00:00", "data": {"market": "0xfa2de983f8642c0f61c6c9f6890144c00569720c7ac4966fa14ae61887805119", "price_changes": [{"asset_id": "100867343898929430052757546050745655715685585456696690891892865600379098158025", "price": "0.49", "size": "304.72", "side": "BUY", "hash": "f916a60411004a3436768420a718b4743f0df518", "best_bid": "0.54", "best_ask": "0.64"}, {"asset_id": "111430850586280057072383206477547388489809466081864228712689433849450823637864", "price": "0.51", "size": "304.72", "side": "SELL", "hash": "c3ef7a6be01a60e36ff8ae099d3681f9f98db50f", "best_bid": "0.36", "best_ask": "0.46"}], "timestamp": "1769384502724", "event_type": "price_change"}}
{"_local_timestamp": "2026-01-25T23:41:42.797129+00:00", "data": {"market": "0xfa2de983f8642c0f61c6c9f6890144c00569720c7ac4966fa14ae61887805119", "price_changes": [{"asset_id": "100867343898929430052757546050745655715685585456696690891892865600379098158025", "price": "0.53", "size": "220", "side": "BUY", "hash": "dcf22365d68fa11f11969ea716f622eb2dffeabc", "best_bid": "0.54", "best_ask": "0.64"}, {"asset_id": "111430850586280057072383206477547388489809466081864228712689433849450823637864", "price": "0.47", "size": "220", "side": "SELL", "hash": "35e095984473006906afa4ece1fd220efc91a5a6", "best_bid": "0.36", "best_ask": "0.46"}], "timestamp": "1769384502724", "event_type": "price_change"}}
{"_local_timestamp": "2026-01-25T23:41:42.799136+00:00", "data": {"market": "0xfa2de983f8642c0f61c6c9f6890144c00569720c7ac4966fa14ae61887805119", "price_changes": [{"asset_id": "100867343898929430052757546050745655715685585456696690891892865600379098158025", "price": "0.54", "size": "209.2", "side": "BUY", "hash": "8824375f33b61bdf8840c9432fc23d50f9dc64c7", "best_bid": "0.54", "best_ask": "0.64"}, {"asset_id": "111430850586280057072383206477547388489809466081864228712689433849450823637864", "price": "0.46", "size": "209.2", "side": "SELL", "hash": "a1eb0f6f019352e63e78dbcdaa4d5bf921f3d876", "best_bid": "0.36", "best_ask": "0.46"}], "timestamp": "1769384502725", "event_type": "price_change"}}
{"_local_timestamp": "2026-01-25T23:41:43.335143+00:00", "data": {"market": "0xfa2de983f8642c0f61c6c9f6890144c00569720c7ac4966fa14ae61887805119", "price_changes": [{"asset_id": "100867343898929430052757546050745655715685585456696690891892865600379098158025", "price": "0.51", "size": "188", "side": "BUY", "hash": "a1966c2a99e354e2369b29548714015d21af03dc", "best_bid": "0.54", "best_ask": "0.64"}, {"asset_id": "111430850586280057072383206477547388489809466081864228712689433849450823637864", "price": "0.49", "size": "188", "side": "SELL", "hash": "6d807d12832bb1d8b3737d68301c2f579f4c84d0", "best_bid": "0.36", "best_ask": "0.46"}], "timestamp": "1769384503266", "event_type": "price_change"}}
{"_local_timestamp": "2026-01-25T23:41:43.336026+00:00", "data": {"market": "0xfa2de983f8642c0f61c6c9f6890144c00569720c7ac4966fa14ae61887805119", "price_changes": [{"asset_id": "100867343898929430052757546050745655715685585456696690891892865600379098158025", "price": "0.52", "size": "116", "side": "BUY", "hash": "8c83c30fd8afffd3da1488f101c04465f4754b11", "best_bid": "0.54", "best_ask": "0.64"}, {"asset_id": "111430850586280057072383206477547388489809466081864228712689433849450823637864", "price": "0.48", "size": "116", "side": "SELL", "hash": "622090236a9fcd827abf1eccfe4b715c7876770e", "best_bid": "0.36", "best_ask": "0.46"}], "timestamp": "1769384503267", "event_type": "price_change"}}
{"_local_timestamp": "2026-01-25T23:41:43.722777+00:00", "data": {"market": "0xfa2de983f8642c0f61c6c9f6890144c00569720c7ac4966fa14ae61887805119", "price_changes": [{"asset_id": "100867343898929430052757546050745655715685585456696690891892865600379098158025", "price": "0.51", "size": "158", "side": "BUY", "hash": "52ce94b9a0e03567289f8542b1bec63f3c2a2131", "best_bid": "0.54", "best_ask": "0.64"}, {"asset_id": "111430850586280057072383206477547388489809466081864228712689433849450823637864", "price": "0.49", "size": "158", "side": "SELL", "hash": "b9a309b8fb331a73152bea3eecf63e954bbd2ee2", "best_bid": "0.36", "best_ask": "0.46"}], "timestamp": "1769384503657", "event_type": "price_change"}}
{"_local_timestamp": "2026-01-25T23:41:43.777297+00:00", "data": {"market": "0xfa2de983f8642c0f61c6c9f6890144c00569720c7ac4966fa14ae61887805119", "price_changes": [{"asset_id": "100867343898929430052757546050745655715685585456696690891892865600379098158025", "price": "0.55", "size": "30", "side": "BUY", "hash": "0acd3d46916288ae409956c82d1df169918cf0f6", "best_bid": "0.55", "best_ask": "0.64"}, {"asset_id": "111430850586280057072383206477547388489809466081864228712689433849450823637864", "price": "0.45", "size": "30", "side": "SELL", "hash": "c21f89949baa07ef2813906403803632badd1cb5", "best_bid": "0.36", "best_ask": "0.45"}], "timestamp": "1769384503710", "event_type": "price_change"}}
{"_local_timestamp": "2026-01-25T23:41:44.405152+00:00", "data": {"market": "0xfa2de983f8642c0f61c6c9f6890144c00569720c7ac4966fa14ae61887805119", "price_changes": [{"asset_id": "100867343898929430052757546050745655715685585456696690891892865600379098158025", "price": "0.51", "size": "58", "side": "BUY", "hash": "10e0928a25f944662e60630ee87c0e2682d8fa1e", "best_bid": "0.55", "best_ask": "0.64"}, {"asset_id": "111430850586280057072383206477547388489809466081864228712689433849450823637864", "price": "0.49", "size": "58", "side": "SELL", "hash": "bb56147f1ced6ffc5c2cb807c59fe16c30d50c4c", "best_bid": "0.36", "best_ask": "0.45"}], "timestamp": "1769384504338", "event_type": "price_change"}}
{"_local_timestamp": "2026-01-25T23:41:44.481422+00:00", "data": {"market": "0xfa2de983f8642c0f61c6c9f6890144c00569720c7ac4966fa14ae61887805119", "price_changes": [{"asset_id": "100867343898929430052757546050745655715685585456696690891892865600379098158025", "price": "0.15", "size": "325", "side": "BUY", "hash": "36ba02e6eb98208b22dec9adb1e25978dbf00abb", "best_bid": "0.55", "best_ask": "0.64"}, {"asset_id": "111430850586280057072383206477547388489809466081864228712689433849450823637864", "price": "0.85", "size": "325", "side": "SELL", "hash": "63f313cb44d653e6cf28aa727479aa287f9d1bdf", "best_bid": "0.36", "best_ask": "0.45"}], "timestamp": "1769384504405", "event_type": "price_change"}}
{"_local_timestamp": "2026-01-25T23:41:44.750810+00:00", "data": {"market": "0xfa2de983f8642c0f61c6c9f6890144c00569720c7ac4966fa14ae61887805119", "price_changes": [{"asset_id": "100867343898929430052757546050745655715685585456696690891892865600379098158025", "price": "0.12", "size": "500", "side": "BUY", "hash": "e38cd1cea1fe57d1e5b13b5a007863b2d39b07e6", "best_bid": "0.55", "best_ask": "0.64"}, {"asset_id": "111430850586280057072383206477547388489809466081864228712689433849450823637864", "price": "0.88", "size": "500", "side": "SELL", "hash": "f1967d18173df9ae7b00357b107c9fb4a5debe67", "best_bid": "0.36", "best_ask": "0.45"}], "timestamp": "1769384504682", "event_type": "price_change"}}
{"_local_timestamp": "2026-01-25T23:41:44.776012+00:00", "data": {"market": "0xfa2de983f8642c0f61c6c9f6890144c00569720c7ac4966fa14ae61887805119", "price_changes": [{"asset_id": "100867343898929430052757546050745655715685585456696690891892865600379098158025", "price": "0.53", "size": "20", "side": "BUY", "hash": "c8dcb41994da2a41e2881d75ae786f50dc55f994", "best_bid": "0.55", "best_ask": "0.64"}, {"asset_id": "111430850586280057072383206477547388489809466081864228712689433849450823637864", "price": "0.47", "size": "20", "side": "SELL", "hash": "83141e033455d40e8b36ead3e025a37ccca31cf1", "best_bid": "0.36", "best_ask": "0.45"}], "timestamp": "1769384504704", "event_type": "price_change"}}
{"_local_timestamp": "2026-01-25T23:41:44.776411+00:00", "data": {"market": "0xfa2de983f8642c0f61c6c9f6890144c00569720c7ac4966fa14ae61887805119", "price_changes": [{"asset_id": "100867343898929430052757546050745655715685585456696690891892865600379098158025", "price": "0.55", "size": "186", "side": "BUY", "hash": "e6002d31fd3967de43de6bcedf9957453881b2b4", "best_bid": "0.55", "best_ask": "0.64"}, {"asset_id": "111430850586280057072383206477547388489809466081864228712689433849450823637864", "price": "0.45", "size": "186", "side": "SELL", "hash": "2eedf9784893b543cb0da70724e0e5f457b852c1", "best_bid": "0.36", "best_ask": "0.45"}], "timestamp": "1769384504706", "event_type": "price_change"}}
{"_local_timestamp": "2026-01-25T23:41:48.642237+00:00", "data": {"market": "0xfa2de983f8642c0f61c6c9f6890144c00569720c7ac4966fa14ae61887805119", "price_changes": [{"asset_id": "100867343898929430052757546050745655715685585456696690891892865600379098158025", "price": "0.12", "size": "100", "side": "BUY", "hash": "8c1c7ef6028ccb41635d0c7a980b91d1028ac37a", "best_bid": "0.55", "best_ask": "0.64"}, {"asset_id": "111430850586280057072383206477547388489809466081864228712689433849450823637864", "price": "0.88", "size": "100", "side": "SELL", "hash": "6ffecd8c263f5a2a2faaa944e1d7158b681ad564", "best_bid": "0.36", "best_ask": "0.45"}], "timestamp": "1769384508569", "event_type": "price_change"}}
{"_local_timestamp": "2026-01-25T23:41:48.927313+00:00", "data": {"market": "0xfa2de983f8642c0f61c6c9f6890144c00569720c7ac4966fa14ae61887805119", "price_changes": [{"asset_id": "100867343898929430052757546050745655715685585456696690891892865600379098158025", "price": "0.08", "size": "400", "side": "BUY", "hash": "c5d2578b37d7a8bb78fb5df7087121e7844f6744", "best_bid": "0.55", "best_ask": "0.64"}, {"asset_id": "111430850586280057072383206477547388489809466081864228712689433849450823637864", "price": "0.92", "size": "400", "side": "SELL", "hash": "f4fbaa16c7a35497946d35b2dd05dd8ac3ce0f95", "best_bid": "0.36", "best_ask": "0.45"}], "timestamp": "1769384508849", "event_type": "price_change"}}
{"_local_timestamp": "2026-01-25T23:41:48.954224+00:00", "data": {"market": "0xfa2de983f8642c0f61c6c9f6890144c00569720c7ac4966fa14ae61887805119", "price_changes": [{"asset_id": "100867343898929430052757546050745655715685585456696690891892865600379098158025", "price": "0.07", "size": "0", "side": "BUY", "hash": "69808bda0b02b315d93d6b06e308717467e8add6", "best_bid": "0.55", "best_ask": "0.64"}, {"asset_id": "111430850586280057072383206477547388489809466081864228712689433849450823637864", "price": "0.93", "size": "0", "side": "SELL", "hash": "8b8e9725de6cdb55a6449c0db8eda4d15b45e312", "best_bid": "0.36", "best_ask": "0.45"}], "timestamp": "1769384508891", "event_type": "price_change"}}
{"_local_timestamp": "2026-01-25T23:41:48.954693+00:00", "data": {"market": "0xfa2de983f8642c0f61c6c9f6890144c00569720c7ac4966fa14ae61887805119", "price_changes": [{"asset_id": "100867343898929430052757546050745655715685585456696690891892865600379098158025", "price": "0.09", "size": "200", "side": "BUY", "hash": "0f88863580e712b719893ceab93f2a0d11c202d9", "best_bid": "0.55", "best_ask": "0.64"}, {"asset_id": "111430850586280057072383206477547388489809466081864228712689433849450823637864", "price": "0.91", "size": "200", "side": "SELL", "hash": "7faffa130bf41b195f675a198ce5cc47f5443789", "best_bid": "0.36", "best_ask": "0.45"}], "timestamp": "1769384508892", "event_type": "price_change"}}
{"_local_timestamp": "2026-01-25T23:41:50.988532+00:00", "data": {"market": "0xfa2de983f8642c0f61c6c9f6890144c00569720c7ac4966fa14ae61887805119", "price_changes": [{"asset_id": "100867343898929430052757546050745655715685585456696690891892865600379098158025", "price": "0.09", "size": "400", "side": "BUY", "hash": "355ece4f55f68b0d4db05564e09b4e67abeb4ee7", "best_bid": "0.55", "best_ask": "0.64"}, {"asset_id": "111430850586280057072383206477547388489809466081864228712689433849450823637864", "price": "0.91", "size": "400", "side": "SELL", "hash": "875bf1eba2d9078348b387d52825c8731b02f6fd", "best_bid": "0.36", "best_ask": "0.45"}], "timestamp": "1769384510895", "event_type": "price_change"}}
{"_local_timestamp": "2026-01-25T23:41:53.150134+00:00", "data": {"market": "0xfa2de983f8642c0f61c6c9f6890144c00569720c7ac4966fa14ae61887805119", "price_changes": [{"asset_id": "100867343898929430052757546050745655715685585456696690891892865600379098158025", "price": "0.09", "size": "200", "side": "BUY", "hash": "f0b27f42a859382ca3c37601d6be23e191947db6", "best_bid": "0.55", "best_ask": "0.64"}, {"asset_id": "111430850586280057072383206477547388489809466081864228712689433849450823637864", "price": "0.91", "size": "200", "side": "SELL", "hash": "8b511ed918840761ebedcecca298d549f4e00f14", "best_bid": "0.36", "best_ask": "0.45"}], "timestamp": "1769384512885", "event_type": "price_change"}}
{"_local_timestamp": "2026-01-25T23:41:55.720896+00:00", "data": {"market": "0xfa2de983f8642c0f61c6c9f6890144c00569720c7ac4966fa14ae61887805119", "price_changes": [{"asset_id": "111430850586280057072383206477547388489809466081864228712689433849450823637864", "price": "0.51", "size": "212", "side": "SELL", "hash": "3b03b2634c8a1a180b8bf1b03fa0cd6f68d7582c", "best_bid": "0.36", "best_ask": "0.45"}, {"asset_id": "100867343898929430052757546050745655715685585456696690891892865600379098158025", "price": "0.49", "size": "212", "side": "BUY", "hash": "a2c14aba9250f4ba84f569295aa7ec3dc98c3e9c", "best_bid": "0.55", "best_ask": "0.64"}], "timestamp": "1769384515654", "event_type": "price_change"}}
{"_local_timestamp": "2026-01-25T23:41:56.388852+00:00", "data": {"market": "0xfa2de983f8642c0f61c6c9f6890144c00569720c7ac4966fa14ae61887805119", "price_changes": [{"asset_id": "100867343898929430052757546050745655715685585456696690891892865600379098158025", "price": "0.53", "size": "120", "side": "BUY", "hash": "c0eef2740213c3f7a60df0550773ac9251f4abe7", "best_bid": "0.55", "best_ask": "0.64"}, {"asset_id": "111430850586280057072383206477547388489809466081864228712689433849450823637864", "price": "0.47", "size": "120", "side": "SELL", "hash": "98085cd2ec43c2413d642803722b211325d16e09", "best_bid": "0.36", "best_ask": "0.45"}], "timestamp": "1769384516321", "event_type": "price_change"}}
{"_local_timestamp": "2026-01-25T23:41:59.453468+00:00", "data": {"market": "0xfa2de983f8642c0f61c6c9f6890144c00569720c7ac4966fa14ae61887805119", "price_changes": [{"asset_id": "100867343898929430052757546050745655715685585456696690891892865600379098158025", "price": "0.01", "size": "101288.18", "side": "BUY", "hash": "6e30f8108601a3567e6ff222d63267cadc4d6e99", "best_bid": "0.55", "best_ask": "0.64"}, {"asset_id": "111430850586280057072383206477547388489809466081864228712689433849450823637864", "price": "0.99", "size": "101288.18", "side": "SELL", "hash": "65bb63018eca0ea367afbdcf27a77ebb49e8b03f", "best_bid": "0.36", "best_ask": "0.45"}], "timestamp": "1769384519386", "event_type": "price_change"}}
{"_local_timestamp": "2026-01-25T23:42:05.506207+00:00", "data": {"market": "0xfa2de983f8642c0f61c6c9f6890144c00569720c7ac4966fa14ae61887805119", "price_changes": [{"asset_id": "100867343898929430052757546050745655715685585456696690891892865600379098158025", "price": "0.53", "size": "20", "side": "BUY", "hash": "c8c7f8c2c38006363e0692e07f9b35b0f5297fe3", "best_bid": "0.55", "best_ask": "0.64"}, {"asset_id": "111430850586280057072383206477547388489809466081864228712689433849450823637864", "price": "0.47", "size": "20", "side": "SELL", "hash": "2dde3fe41f7cbe14540ca87980335d3952bdc690", "best_bid": "0.36", "best_ask": "0.45"}], "timestamp": "1769384525434", "event_type": "price_change"}}
{"_local_timestamp": "2026-01-25T23:42:05.506798+00:00", "data": {"market": "0xfa2de983f8642c0f61c6c9f6890144c00569720c7ac4966fa14ae61887805119", "price_changes": [{"asset_id": "100867343898929430052757546050745655715685585456696690891892865600379098158025", "price": "0.52", "size": "16", "side": "BUY", "hash": "c8c7f8c2c38006363e0692e07f9b35b0f5297fe3", "best_bid": "0.55", "best_ask": "0.64"}, {"asset_id": "111430850586280057072383206477547388489809466081864228712689433849450823637864", "price": "0.48", "size": "16", "side": "SELL", "hash": "2dde3fe41f7cbe14540ca87980335d3952bdc690", "best_bid": "0.36", "best_ask": "0.45"}], "timestamp": "1769384525434", "event_type": "price_change"}}
{"_local_timestamp": "2026-01-25T23:42:08.553536+00:00", "data": {"market": "0xfa2de983f8642c0f61c6c9f6890144c00569720c7ac4966fa14ae61887805119", "price_changes": [{"asset_id": "111430850586280057072383206477547388489809466081864228712689433849450823637864", "price": "0.45", "size": "217.41", "side": "SELL", "hash": "c6f8628be99f64a381504fc8d1df44fd9d4ec258", "best_bid": "0.36", "best_ask": "0.45"}, {"asset_id": "100867343898929430052757546050745655715685585456696690891892865600379098158025", "price": "0.55", "size": "217.41", "side": "BUY", "hash": "395d3b7396ffc78f666e568fa93d167105378c30", "best_bid": "0.55", "best_ask": "0.64"}], "timestamp": "1769384528481", "event_type": "price_change"}}
{"_local_timestamp": "2026-01-25T23:42:08.554023+00:00", "data": {"market": "0xfa2de983f8642c0f61c6c9f6890144c00569720c7ac4966fa14ae61887805119", "price_changes": [{"asset_id": "111430850586280057072383206477547388489809466081864228712689433849450823637864", "price": "0.45", "size": "248.82", "side": "SELL", "hash": "c2e738396913b1e9651eceff1851bb1555e737e4", "best_bid": "0.36", "best_ask": "0.45"}, {"asset_id": "100867343898929430052757546050745655715685585456696690891892865600379098158025", "price": "0.55", "size": "248.82", "side": "BUY", "hash": "2c8a8bf09b527f6ae0dc3462d318ab72d5139acb", "best_bid": "0.55", "best_ask": "0.64"}], "timestamp": "1769384528482", "event_type": "price_change"}}
{"_local_timestamp": "2026-01-25T23:42:08.557235+00:00", "data": {"market": "0xfa2de983f8642c0f61c6c9f6890144c00569720c7ac4966fa14ae61887805119", "price_changes": [{"asset_id": "111430850586280057072383206477547388489809466081864228712689433849450823637864", "price": "0.45", "size": "278.72", "side": "SELL", "hash": "f93b6aff6423365364ff05e1db27a878996f1eb9", "best_bid": "0.36", "best_ask": "0.45"}, {"asset_id": "100867343898929430052757546050745655715685585456696690891892865600379098158025", "price": "0.55", "size": "278.72", "side": "BUY", "hash": "d7c89b3a5cf1645da33eed520fc5e4cad26591d6", "best_bid": "0.55", "best_ask": "0.64"}], "timestamp": "1769384528482", "event_type": "price_change"}}
{"_local_timestamp": "2026-01-25T23:42:08.579760+00:00", "data": {"market": "0xfa2de983f8642c0f61c6c9f6890144c00569720c7ac4966fa14ae61887805119", "price_changes": [{"asset_id": "100867343898929430052757546050745655715685585456696690891892865600379098158025", "price": "0.59", "size": "822", "side": "SELL", "hash": "fd49e1bed0fe04a643c3e9b9227781bbac7c1013", "best_bid": "0.55", "best_ask": "0.59"}, {"asset_id": "111430850586280057072383206477547388489809466081864228712689433849450823637864", "price": "0.41", "size": "822", "side": "BUY", "hash": "db513ed60549d487a8e56716ca6b22a94844bcf9", "best_bid": "0.41", "best_ask": "0.45"}], "timestamp": "1769384528512", "event_type": "price_change"}}
{"_local_timestamp": "2026-01-25T23:42:08.620418+00:00", "data": {"market": "0xfa2de983f8642c0f61c6c9f6890144c00569720c7ac4966fa14ae61887805119", "price_changes": [{"asset_id": "100867343898929430052757546050745655715685585456696690891892865600379098158025", "price": "0.49", "size": "12", "side": "BUY", "hash": "a6a470e0ab0d20a68233abf6edae5dbbe9df7643", "best_bid": "0.55", "best_ask": "0.59"}, {"asset_id": "111430850586280057072383206477547388489809466081864228712689433849450823637864", "price": "0.51", "size": "12", "side": "SELL", "hash": "3eec45e85a4d6628742b63831cc6b9ebcf7624a6", "best_bid": "0.41", "best_ask": "0.45"}], "timestamp": "1769384528553", "event_type": "price_change"}}
{"_local_timestamp": "2026-01-25T23:42:08.620858+00:00", "data": {"market": "0xfa2de983f8642c0f61c6c9f6890144c00569720c7ac4966fa14ae61887805119", "price_changes": [{"asset_id": "100867343898929430052757546050745655715685585456696690891892865600379098158025", "price": "0.09", "size": "0", "side": "BUY", "hash": "a6a470e0ab0d20a68233abf6edae5dbbe9df7643", "best_bid": "0.55", "best_ask": "0.59"}, {"asset_id": "111430850586280057072383206477547388489809466081864228712689433849450823637864", "price": "0.91", "size": "0", "side": "SELL", "hash": "3eec45e85a4d6628742b63831cc6b9ebcf7624a6", "best_bid": "0.41", "best_ask": "0.45"}], "timestamp": "1769384528553", "event_type": "price_change"}}
{"_local_timestamp": "2026-01-25T23:42:08.621233+00:00", "data": {"market": "0xfa2de983f8642c0f61c6c9f6890144c00569720c7ac4966fa14ae61887805119", "price_changes": [{"asset_id": "100867343898929430052757546050745655715685585456696690891892865600379098158025", "price": "0.07", "size": "200", "side": "BUY", "hash": "33d147b425aceeac0e5912f76bdd1c19b318a945", "best_bid": "0.55", "best_ask": "0.59"}, {"asset_id": "111430850586280057072383206477547388489809466081864228712689433849450823637864", "price": "0.93", "size": "200", "side": "SELL", "hash": "31150d9cfa8d2bad966b6da4232ee189493ff006", "best_bid": "0.41", "best_ask": "0.45"}], "timestamp": "1769384528557", "event_type": "price_change"}}
{"_local_timestamp": "2026-01-25T23:42:08.623075+00:00", "data": {"market": "0xfa2de983f8642c0f61c6c9f6890144c00569720c7ac4966fa14ae61887805119", "price_changes": [{"asset_id": "100867343898929430052757546050745655715685585456696690891892865600379098158025", "price": "0.47", "size": "988.84", "side": "BUY", "hash": "1ba386e20deab90f4a886a792ec6f1db6a510f76", "best_bid": "0.55", "best_ask": "0.59"}, {"asset_id": "111430850586280057072383206477547388489809466081864228712689433849450823637864", "price": "0.53", "size": "988.84", "side": "SELL", "hash": "99f284cdbbea327fe773ad2745c66398969d3257", "best_bid": "0.41", "best_ask": "0.45"}], "timestamp": "1769384528558", "event_type": "price_change"}}
{"_local_timestamp": "2026-01-25T23:42:09.260733+00:00", "data": {"market": "0xfa2de983f8642c0f61c6c9f6890144c00569720c7ac4966fa14ae61887805119", "price_changes": [{"asset_id": "100867343898929430052757546050745655715685585456696690891892865600379098158025", "price": "0.52", "size": "116", "side": "BUY", "hash": "d40f2fa83868d4224aff79bf4b6fa6ae7aa3f99b", "best_bid": "0.55", "best_ask": "0.59"}, {"asset_id": "111430850586280057072383206477547388489809466081864228712689433849450823637864", "price": "0.48", "size": "116", "side": "SELL", "hash": "e8b20f2c7560b63bebd35599f92b0293792dff05", "best_bid": "0.41", "best_ask": "0.45"}], "timestamp": "1769384529191", "event_type": "price_change"}}
{"_local_timestamp": "2026-01-25T23:42:10.128727+00:00", "data": {"market": "0xfa2de983f8642c0f61c6c9f6890144c00569720c7ac4966fa14ae61887805119", "price_changes": [{"asset_id": "100867343898929430052757546050745655715685585456696690891892865600379098158025", "price": "0.55", "size": "248.72", "side": "BUY", "hash": "f1bd24005a2ec4fbcf3fd58e9006111e3cd98a9f", "best_bid": "0.55", "best_ask": "0.59"}, {"asset_id": "111430850586280057072383206477547388489809466081864228712689433849450823637864", "price": "0.45", "size": "248.72", "side": "SELL", "hash": "578ec1b5d89e13907fbbbb0d9eac4d0964d70f3c", "best_bid": "0.41", "best_ask": "0.45"}], "timestamp": "1769384530027", "event_type": "price_change"}}
{"_local_timestamp": "2026-01-25T23:42:10.168977+00:00", "data": {"market": "0xfa2de983f8642c0f61c6c9f6890144c00569720c7ac4966fa14ae61887805119", "price_changes": [{"asset_id": "100867343898929430052757546050745655715685585456696690891892865600379098158025", "price": "0.56", "size": "30", "side": "BUY", "hash": "94b90ad613f0d42eab3ad845385b364d63d1a468", "best_bid": "0.56", "best_ask": "0.59"}, {"asset_id": "111430850586280057072383206477547388489809466081864228712689433849450823637864", "price": "0.44", "size": "30", "side": "SELL", "hash": "e4500d502d42e1b488f14ac401ef37cc76d10914", "best_bid": "0.41", "best_ask": "0.44"}], "timestamp": "1769384530088", "event_type": "price_change"}}
{"_local_timestamp": "2026-01-25T23:42:10.486405+00:00", "data": {"market": "0xfa2de983f8642c0f61c6c9f6890144c00569720c7ac4966fa14ae61887805119", "price_changes": [{"asset_id": "100867343898929430052757546050745655715685585456696690891892865600379098158025", "price": "0.52", "size": "16", "side": "BUY", "hash": "8bc5f23f933ba2ee14e94879b267d596504a3388", "best_bid": "0.56", "best_ask": "0.59"}, {"asset_id": "111430850586280057072383206477547388489809466081864228712689433849450823637864", "price": "0.48", "size": "16", "side": "SELL", "hash": "394185336f60e117808e3ce0a1b739292968e176", "best_bid": "0.41", "best_ask": "0.44"}], "timestamp": "1769384530416", "event_type": "price_change"}}
{"_local_timestamp": "2026-01-25T23:42:10.626306+00:00", "data": {"market": "0xfa2de983f8642c0f61c6c9f6890144c00569720c7ac4966fa14ae61887805119", "price_changes": [{"asset_id": "111430850586280057072383206477547388489809466081864228712689433849450823637864", "price": "0.36", "size": "231", "side": "BUY", "hash": "ec9c3b0ab11547fb312aee89324d3f0508424df0", "best_bid": "0.41", "best_ask": "0.44"}, {"asset_id": "100867343898929430052757546050745655715685585456696690891892865600379098158025", "price": "0.64", "size": "231", "side": "SELL", "hash": "c569314bd65ccefb74467fb99af4fcc1a2f90ec4", "best_bid": "0.56", "best_ask": "0.59"}], "timestamp": "1769384530557", "event_type": "price_change"}}
{"_local_timestamp": "2026-01-25T23:42:10.627103+00:00", "data": {"market": "0xfa2de983f8642c0f61c6c9f6890144c00569720c7ac4966fa14ae61887805119", "price_changes": [{"asset_id": "111430850586280057072383206477547388489809466081864228712689433849450823637864", "price": "0.26", "size": "9", "side": "BUY", "hash": "12b244f50c2b9d6a74a03c6eb539be0fef06d79e", "best_bid": "0.41", "best_ask": "0.44"}, {"asset_id": "100867343898929430052757546050745655715685585456696690891892865600379098158025", "price": "0.74", "size": "9", "side": "SELL", "hash": "15df0606b00e21f3899e43deea3dc8e347373fe7", "best_bid": "0.56", "best_ask": "0.59"}], "timestamp": "1769384530557", "event_type": "price_change"}}
{"_local_timestamp": "2026-01-25T23:42:10.627756+00:00", "data": {"market": "0xfa2de983f8642c0f61c6c9f6890144c00569720c7ac4966fa14ae61887805119", "price_changes": [{"asset_id": "111430850586280057072383206477547388489809466081864228712689433849450823637864", "price": "0.31", "size": "0", "side": "BUY", "hash": "12b244f50c2b9d6a74a03c6eb539be0fef06d79e", "best_bid": "0.41", "best_ask": "0.44"}, {"asset_id": "100867343898929430052757546050745655715685585456696690891892865600379098158025", "price": "0.69", "size": "0", "side": "SELL", "hash": "15df0606b00e21f3899e43deea3dc8e347373fe7", "best_bid": "0.56", "best_ask": "0.59"}], "timestamp": "1769384530557", "event_type": "price_change"}}
{"_local_timestamp": "2026-01-25T23:42:10.628361+00:00", "data": {"market": "0xfa2de983f8642c0f61c6c9f6890144c00569720c7ac4966fa14ae61887805119", "price_changes": [{"asset_id": "111430850586280057072383206477547388489809466081864228712689433849450823637864", "price": "0.4", "size": "190", "side": "BUY", "hash": "d52c44c351059cf47b9cca26df944769b9f1ac7c", "best_bid": "0.41", "best_ask": "0.44"}, {"asset_id": "100867343898929430052757546050745655715685585456696690891892865600379098158025", "price": "0.6", "size": "190", "side": "SELL", "hash": "b7d4a9f08a21ae9d9b6b228838180738eafcc55c", "best_bid": "0.56", "best_ask": "0.59"}], "timestamp": "1769384530558", "event_type": "price_change"}}
{"_local_timestamp": "2026-01-25T23:42:12.676201+00:00", "data": {"market": "0xfa2de983f8642c0f61c6c9f6890144c00569720c7ac4966fa14ae61887805119", "price_changes": [{"asset_id": "100867343898929430052757546050745655715685585456696690891892865600379098158025", "price": "0.08", "size": "0", "side": "BUY", "hash": "0654b492b67b01ec76713ada06c8314ec834b7bd", "best_bid": "0.56", "best_ask": "0.59"}, {"asset_id": "111430850586280057072383206477547388489809466081864228712689433849450823637864", "price": "0.92", "size": "0", "side": "SELL", "hash": "3d4263869cca6b342778efad02992ede99027d65", "best_bid": "0.41", "best_ask": "0.44"}], "timestamp": "1769384532601", "event_type": "price_change"}}
{"_local_timestamp": "2026-01-25T23:42:12.968433+00:00", "data": {"market": "0xfa2de983f8642c0f61c6c9f6890144c00569720c7ac4966fa14ae61887805119", "price_changes": [{"asset_id": "100867343898929430052757546050745655715685585456696690891892865600379098158025", "price": "0.09", "size": "400", "side": "BUY", "hash": "ebbe8095a1d2397428ce40183343d3a5fc0b8ef6", "best_bid": "0.56", "best_ask": "0.59"}, {"asset_id": "111430850586280057072383206477547388489809466081864228712689433849450823637864", "price": "0.91", "size": "400", "side": "SELL", "hash": "210ca8f0d211c6f6d643a0144745dfd003699ca7", "best_bid": "0.41", "best_ask": "0.44"}], "timestamp": "1769384532893", "event_type": "price_change"}}
{"_local_timestamp": "2026-01-25T23:42:13.588294+00:00", "data": {"market": "0xfa2de983f8642c0f61c6c9f6890144c00569720c7ac4966fa14ae61887805119", "price_changes": [{"asset_id": "100867343898929430052757546050745655715685585456696690891892865600379098158025", "price": "0.12", "size": "0", "side": "BUY", "hash": "0cee916f046db65aeee42cddf592127dd7955580", "best_bid": "0.56", "best_ask": "0.59"}, {"asset_id": "111430850586280057072383206477547388489809466081864228712689433849450823637864", "price": "0.88", "size": "0", "side": "SELL", "hash": "763e27aa7c751d768cbdc5288d67f8cde18de718", "best_bid": "0.41", "best_ask": "0.44"}], "timestamp": "1769384533513", "event_type": "price_change"}}
{"_local_timestamp": "2026-01-25T23:42:13.838086+00:00", "data": {"market": "0xfa2de983f8642c0f61c6c9f6890144c00569720c7ac4966fa14ae61887805119", "price_changes": [{"asset_id": "100867343898929430052757546050745655715685585456696690891892865600379098158025", "price": "0.15", "size": "425", "side": "BUY", "hash": "d63da4c30462293a4edf93b87f09004967831cbe", "best_bid": "0.56", "best_ask": "0.59"}, {"asset_id": "111430850586280057072383206477547388489809466081864228712689433849450823637864", "price": "0.85", "size": "425", "side": "SELL", "hash": "36ad986c48564e01ed83a2066c203da0239eac92", "best_bid": "0.41", "best_ask": "0.44"}], "timestamp": "1769384533776", "event_type": "price_change"}}
{"_local_timestamp": "2026-01-25T23:42:18.053800+00:00", "data": {"market": "0xfa2de983f8642c0f61c6c9f6890144c00569720c7ac4966fa14ae61887805119", "price_changes": [{"asset_id": "100867343898929430052757546050745655715685585456696690891892865600379098158025", "price": "0.45", "size": "20", "side": "BUY", "hash": "9c5846f1e860c47746102677c15007ad29cb8f10", "best_bid": "0.56", "best_ask": "0.59"}, {"asset_id": "111430850586280057072383206477547388489809466081864228712689433849450823637864", "price": "0.55", "size": "20", "side": "SELL", "hash": "3ad0d4bf022bf7a56f095310bde7228bec0847e7", "best_bid": "0.41", "best_ask": "0.44"}], "timestamp": "1769384537953", "event_type": "price_change"}}
{"_local_timestamp": "2026-01-25T23:42:18.054314+00:00", "data": {"market": "0xfa2de983f8642c0f61c6c9f6890144c00569720c7ac4966fa14ae61887805119", "price_changes": [{"asset_id": "100867343898929430052757546050745655715685585456696690891892865600379098158025", "price": "0.47", "size": "968.84", "side": "BUY", "hash": "9c5846f1e860c47746102677c15007ad29cb8f10", "best_bid": "0.56", "best_ask": "0.59"}, {"asset_id": "111430850586280057072383206477547388489809466081864228712689433849450823637864", "price": "0.53", "size": "968.84", "side": "SELL", "hash": "3ad0d4bf022bf7a56f095310bde7228bec0847e7", "best_bid": "0.41", "best_ask": "0.44"}], "timestamp": "1769384537953", "event_type": "price_change"}}
{"_local_timestamp": "2026-01-25T23:42:18.054702+00:00", "data": {"market": "0xfa2de983f8642c0f61c6c9f6890144c00569720c7ac4966fa14ae61887805119", "price_changes": [{"asset_id": "100867343898929430052757546050745655715685585456696690891892865600379098158025", "price": "0.48", "size": "100", "side": "BUY", "hash": "9c5846f1e860c47746102677c15007ad29cb8f10", "best_bid": "0.56", "best_ask": "0.59"}, {"asset_id": "111430850586280057072383206477547388489809466081864228712689433849450823637864", "price": "0.52", "size": "100", "side": "SELL", "hash": "3ad0d4bf022bf7a56f095310bde7228bec0847e7", "best_bid": "0.41", "best_ask": "0.44"}], "timestamp": "1769384537953", "event_type": "price_change"}}
{"_local_timestamp": "2026-01-25T23:42:18.055080+00:00", "data": {"market": "0xfa2de983f8642c0f61c6c9f6890144c00569720c7ac4966fa14ae61887805119", "price_changes": [{"asset_id": "100867343898929430052757546050745655715685585456696690891892865600379098158025", "price": "0.49", "size": "0", "side": "BUY", "hash": "9c5846f1e860c47746102677c15007ad29cb8f10", "best_bid": "0.56", "best_ask": "0.59"}, {"asset_id": "111430850586280057072383206477547388489809466081864228712689433849450823637864", "price": "0.51", "size": "0", "side": "SELL", "hash": "3ad0d4bf022bf7a56f095310bde7228bec0847e7", "best_bid": "0.41", "best_ask": "0.44"}], "timestamp": "1769384537953", "event_type": "price_change"}}
{"_local_timestamp": "2026-01-25T23:42:18.055474+00:00", "data": {"market": "0xfa2de983f8642c0f61c6c9f6890144c00569720c7ac4966fa14ae61887805119", "price_changes": [{"asset_id": "100867343898929430052757546050745655715685585456696690891892865600379098158025", "price": "0.51", "size": "50", "side": "BUY", "hash": "9c5846f1e860c47746102677c15007ad29cb8f10", "best_bid": "0.56", "best_ask": "0.59"}, {"asset_id": "111430850586280057072383206477547388489809466081864228712689433849450823637864", "price": "0.49", "size": "50", "side": "SELL", "hash": "3ad0d4bf022bf7a56f095310bde7228bec0847e7", "best_bid": "0.41", "best_ask": "0.44"}], "timestamp": "1769384537953", "event_type": "price_change"}}
{"_local_timestamp": "2026-01-25T23:42:18.055850+00:00", "data": {"market": "0xfa2de983f8642c0f61c6c9f6890144c00569720c7ac4966fa14ae61887805119", "price_changes": [{"asset_id": "100867343898929430052757546050745655715685585456696690891892865600379098158025", "price": "0.43", "size": "20", "side": "BUY", "hash": "9c5846f1e860c47746102677c15007ad29cb8f10", "best_bid": "0.56", "best_ask": "0.59"}, {"asset_id": "111430850586280057072383206477547388489809466081864228712689433849450823637864", "price": "0.57", "size": "20", "side": "SELL", "hash": "3ad0d4bf022bf7a56f095310bde7228bec0847e7", "best_bid": "0.41", "best_ask": "0.44"}], "timestamp": "1769384537953", "event_type": "price_change"}}
{"_local_timestamp": "2026-01-25T23:42:18.056249+00:00", "data": {"market": "0xfa2de983f8642c0f61c6c9f6890144c00569720c7ac4966fa14ae61887805119", "price_changes": [{"asset_id": "111430850586280057072383206477547388489809466081864228712689433849450823637864", "price": "0.48", "size": "0", "side": "SELL", "hash": "15765be0d415eac4f6e36f8a17bc337e041a48c0", "best_bid": "0.41", "best_ask": "0.44"}, {"asset_id": "100867343898929430052757546050745655715685585456696690891892865600379098158025", "price": "0.52", "size": "0", "side": "BUY", "hash": "11be5deb1d1e224e8fb4af8393767a67854a0cc4", "best_bid": "0.56", "best_ask": "0.59"}], "timestamp": "1769384537953", "event_type": "price_change"}}
{"_local_timestamp": "2026-01-25T23:42:18.056677+00:00", "data": {"market": "0xfa2de983f8642c0f61c6c9f6890144c00569720c7ac4966fa14ae61887805119", "price_changes": [{"asset_id": "111430850586280057072383206477547388489809466081864228712689433849450823637864", "price": "0.46", "size": "200", "side": "SELL", "hash": "15765be0d415eac4f6e36f8a17bc337e041a48c0", "best_bid": "0.41", "best_ask": "0.44"}, {"asset_id": "100867343898929430052757546050745655715685585456696690891892865600379098158025", "price": "0.54", "size": "200", "side": "BUY", "hash": "11be5deb1d1e224e8fb4af8393767a67854a0cc4", "best_bid": "0.56", "best_ask": "0.59"}], "timestamp": "1769384537953", "event_type": "price_change"}}
{"_local_timestamp": "2026-01-25T23:42:18.057105+00:00", "data": {"market": "0xfa2de983f8642c0f61c6c9f6890144c00569720c7ac4966fa14ae61887805119", "price_changes": [{"asset_id": "111430850586280057072383206477547388489809466081864228712689433849450823637864", "price": "0.47", "size": "0", "side": "SELL", "hash": "15765be0d415eac4f6e36f8a17bc337e041a48c0", "best_bid": "0.41", "best_ask": "0.44"}, {"asset_id": "100867343898929430052757546050745655715685585456696690891892865600379098158025", "price": "0.53", "size": "0", "side": "BUY", "hash": "11be5deb1d1e224e8fb4af8393767a67854a0cc4", "best_bid": "0.56", "best_ask": "0.59"}], "timestamp": "1769384537953", "event_type": "price_change"}}
{"_local_timestamp": "2026-01-25T23:42:18.082073+00:00", "data": {"market": "0xfa2de983f8642c0f61c6c9f6890144c00569720c7ac4966fa14ae61887805119", "price_changes": [{"asset_id": "111430850586280057072383206477547388489809466081864228712689433849450823637864", "price": "0.45", "size": "268.72", "side": "SELL", "hash": "8ff9d0ac93b203d699135696796a15e18b08d6e5", "best_bid": "0.41", "best_ask": "0.44"}, {"asset_id": "100867343898929430052757546050745655715685585456696690891892865600379098158025", "price": "0.55", "size": "268.72", "side": "BUY", "hash": "6e3a2803655b89dc5beb5dde2eb5c8f5f8a8db4d", "best_bid": "0.56", "best_ask": "0.59"}], "timestamp": "1769384537990", "event_type": "price_change"}}
{"_local_timestamp": "2026-01-25T23:42:18.183083+00:00", "data": {"market": "0xfa2de983f8642c0f61c6c9f6890144c00569720c7ac4966fa14ae61887805119", "price_changes": [{"asset_id": "100867343898929430052757546050745655715685585456696690891892865600379098158025", "price": "0.54", "size": "0", "side": "BUY", "hash": "98327afdb87067f6d10c8fe19f8b8de4d8e4c7b2", "best_bid": "0.56", "best_ask": "0.59"}, {"asset_id": "111430850586280057072383206477547388489809466081864228712689433849450823637864", "price": "0.46", "size": "0", "side": "SELL", "hash": "27d8c1b5dbf425ef983f8c5197f6de9a84c5697c", "best_bid": "0.41", "best_ask": "0.44"}], "timestamp": "1769384538016", "event_type": "price_change"}}
{"_local_timestamp": "2026-01-25T23:42:18.183739+00:00", "data": {"market": "0xfa2de983f8642c0f61c6c9f6890144c00569720c7ac4966fa14ae61887805119", "price_changes": [{"asset_id": "100867343898929430052757546050745655715685585456696690891892865600379098158025", "price": "0.51", "size": "250", "side": "BUY", "hash": "a8decc987e99680bcb3640248ca10a78cff9aa6f", "best_bid": "0.56", "best_ask": "0.59"}, {"asset_id": "111430850586280057072383206477547388489809466081864228712689433849450823637864", "price": "0.49", "size": "250", "side": "SELL", "hash": "0e060bb8fcc367006e8441140f952e3ae362c9c3", "best_bid": "0.41", "best_ask": "0.44"}], "timestamp": "1769384538018", "event_type": "price_change"}}
{"_local_timestamp": "2026-01-25T23:42:18.202390+00:00", "data": {"market": "0xfa2de983f8642c0f61c6c9f6890144c00569720c7ac4966fa14ae61887805119", "price_changes": [{"asset_id": "111430850586280057072383206477547388489809466081864228712689433849450823637864", "price": "0.46", "size": "20", "side": "SELL", "hash": "a3de471983ce602c0a48b3f930cf311e77ca63e3", "best_bid": "0.41", "best_ask": "0.44"}, {"asset_id": "100867343898929430052757546050745655715685585456696690891892865600379098158025", "price": "0.54", "size": "20", "side": "BUY", "hash": "378dc35c8a76dd3df5df889b641e12a1a472431d", "best_bid": "0.56", "best_ask": "0.59"}], "timestamp": "1769384538126", "event_type": "price_change"}}
{"_local_timestamp": "2026-01-25T23:42:18.336090+00:00", "data": {"market": "0xfa2de983f8642c0f61c6c9f6890144c00569720c7ac4966fa14ae61887805119", "price_changes": [{"asset_id": "111430850586280057072383206477547388489809466081864228712689433849450823637864", "price": "0.47", "size": "5.2", "side": "SELL", "hash": "664018f4c7ab81f58bc78a9a4493321f318a7ec8", "best_bid": "0.41", "best_ask": "0.44"}, {"asset_id": "100867343898929430052757546050745655715685585456696690891892865600379098158025", "price": "0.53", "size": "5.2", "side": "BUY", "hash": "edd01b0ca087e3580229ed2bba231d56e460acd9", "best_bid": "0.56", "best_ask": "0.59"}], "timestamp": "1769384538262", "event_type": "price_change"}}
{"_local_timestamp": "2026-01-25T23:42:18.474419+00:00", "data": {"market": "0xfa2de983f8642c0f61c6c9f6890144c00569720c7ac4966fa14ae61887805119", "price_changes": [{"asset_id": "100867343898929430052757546050745655715685585456696690891892865600379098158025", "price": "0.52", "size": "8", "side": "BUY", "hash": "b324077c5c67201031228b6391df5b9e6d22f5ef", "best_bid": "0.56", "best_ask": "0.59"}, {"asset_id": "111430850586280057072383206477547388489809466081864228712689433849450823637864", "price": "0.48", "size": "8", "side": "SELL", "hash": "bd28b43ff6b66d4690003a7611f9b55e738b7112", "best_bid": "0.41", "best_ask": "0.44"}], "timestamp": "1769384538396", "event_type": "price_change"}}
{"_local_timestamp": "2026-01-25T23:42:18.620804+00:00", "data": {"market": "0xfa2de983f8642c0f61c6c9f6890144c00569720c7ac4966fa14ae61887805119", "price_changes": [{"asset_id": "100867343898929430052757546050745655715685585456696690891892865600379098158025", "price": "0.51", "size": "262", "side": "BUY", "hash": "ed3da1802fb9cd529e2639c4c50ce5b6dbce31cf", "best_bid": "0.56", "best_ask": "0.59"}, {"asset_id": "111430850586280057072383206477547388489809466081864228712689433849450823637864", "price": "0.49", "size": "262", "side": "SELL", "hash": "e2f590d9eccf5519cdb7a883d4e7d564284b701f", "best_bid": "0.41", "best_ask": "0.44"}], "timestamp": "1769384538536", "event_type": "price_change"}}
{"_local_timestamp": "2026-01-25T23:42:18.756493+00:00", "data": {"market": "0xfa2de983f8642c0f61c6c9f6890144c00569720c7ac4966fa14ae61887805119", "price_changes": [{"asset_id": "100867343898929430052757546050745655715685585456696690891892865600379098158025", "price": "0.49", "size": "16", "side": "BUY", "hash": "8720b599125a079f0f79a5d23ded3f755bddaad4", "best_bid": "0.56", "best_ask": "0.59"}, {"asset_id": "111430850586280057072383206477547388489809466081864228712689433849450823637864", "price": "0.51", "size": "16", "side": "SELL", "hash": "5231b9560ff3489a5e26701462e7283ac900d469", "best_bid": "0.41", "best_ask": "0.44"}], "timestamp": "1769384538677", "event_type": "price_change"}}
{"_local_timestamp": "2026-01-25T23:42:18.900705+00:00", "data": {"market": "0xfa2de983f8642c0f61c6c9f6890144c00569720c7ac4966fa14ae61887805119", "price_changes": [{"asset_id": "100867343898929430052757546050745655715685585456696690891892865600379098158025", "price": "0.48", "size": "120", "side": "BUY", "hash": "c12089eb9cdda792aaa90be1f08f7cd02f7d7cd1", "best_bid": "0.56", "best_ask": "0.59"}, {"asset_id": "111430850586280057072383206477547388489809466081864228712689433849450823637864", "price": "0.52", "size": "120", "side": "SELL", "hash": "a5115d41ce40844d2b596ff51e803bd84d16f579", "best_bid": "0.41", "best_ask": "0.44"}], "timestamp": "1769384538820", "event_type": "price_change"}}
{"_local_timestamp": "2026-01-25T23:42:19.043953+00:00", "data": {"market": "0xfa2de983f8642c0f61c6c9f6890144c00569720c7ac4966fa14ae61887805119", "price_changes": [{"asset_id": "100867343898929430052757546050745655715685585456696690891892865600379098158025", "price": "0.47", "size": "992.84", "side": "BUY", "hash": "335f31e52986f5d5d307bfe3d9deee16f56306e6", "best_bid": "0.56", "best_ask": "0.59"}, {"asset_id": "111430850586280057072383206477547388489809466081864228712689433849450823637864", "price": "0.53", "size": "992.84", "side": "SELL", "hash": "90ed65c7658777aaa8dee5fc5754e1d5f1673392", "best_bid": "0.41", "best_ask": "0.44"}], "timestamp": "1769384538962", "event_type": "price_change"}}
{"_local_timestamp": "2026-01-25T23:42:19.208095+00:00", "data": {"market": "0xfa2de983f8642c0f61c6c9f6890144c00569720c7ac4966fa14ae61887805119", "price_changes": [{"asset_id": "100867343898929430052757546050745655715685585456696690891892865600379098158025", "price": "0.45", "size": "25.2", "side": "BUY", "hash": "79548f7116b32c4144c6eaa0d7ca528c8f334e40", "best_bid": "0.56", "best_ask": "0.59"}, {"asset_id": "111430850586280057072383206477547388489809466081864228712689433849450823637864", "price": "0.55", "size": "25.2", "side": "SELL", "hash": "7a8c4c0732463da9f846faadcdbc3aafd54bc0a3", "best_bid": "0.41", "best_ask": "0.44"}], "timestamp": "1769384539108", "event_type": "price_change"}}
{"_local_timestamp": "2026-01-25T23:42:20.112511+00:00", "data": {"market": "0xfa2de983f8642c0f61c6c9f6890144c00569720c7ac4966fa14ae61887805119", "price_changes": [{"asset_id": "100867343898929430052757546050745655715685585456696690891892865600379098158025", "price": "0.51", "size": "62", "side": "BUY", "hash": "9dcd6f1db0f5497cf716e7cd65bd350dbb0cc4a3", "best_bid": "0.56", "best_ask": "0.59"}, {"asset_id": "111430850586280057072383206477547388489809466081864228712689433849450823637864", "price": "0.49", "size": "62", "side": "SELL", "hash": "c82201d5c3c4a25562e4eaf468e30b7ab212c94e", "best_bid": "0.41", "best_ask": "0.44"}], "timestamp": "1769384540009", "event_type": "price_change"}}
{"_local_timestamp": "2026-01-25T23:42:20.113068+00:00", "data": {"market": "0xfa2de983f8642c0f61c6c9f6890144c00569720c7ac4966fa14ae61887805119", "price_changes": [{"asset_id": "100867343898929430052757546050745655715685585456696690891892865600379098158025", "price": "0.54", "size": "220", "side": "BUY", "hash": "8f8dbdd9e8d1528d7acdbc1a79cfa3b792df8ec4", "best_bid": "0.56", "best_ask": "0.59"}, {"asset_id": "111430850586280057072383206477547388489809466081864228712689433849450823637864", "price": "0.46", "size": "220", "side": "SELL", "hash": "95e4de8731b6dcd6b33b8cc83b8d691e52193f81", "best_bid": "0.41", "best_ask": "0.44"}], "timestamp": "1769384540011", "event_type": "price_change"}}
{"_local_timestamp": "2026-01-25T23:42:21.546733+00:00", "data": {"market": "0xfa2de983f8642c0f61c6c9f6890144c00569720c7ac4966fa14ae61887805119", "price_changes": [{"asset_id": "100867343898929430052757546050745655715685585456696690891892865600379098158025", "price": "0.59", "size": "798", "side": "SELL", "hash": "daed6fceb815f9e284c118aaeb4797695395f6eb", "best_bid": "0.56", "best_ask": "0.59"}, {"asset_id": "111430850586280057072383206477547388489809466081864228712689433849450823637864", "price": "0.41", "size": "798", "side": "BUY", "hash": "01148b9df8eb3012224114bd90f41ba47298a479", "best_bid": "0.41", "best_ask": "0.44"}], "timestamp": "1769384541450", "event_type": "price_change"}}
{"_local_timestamp": "2026-01-25T23:42:21.547478+00:00", "data": {"market": "0xfa2de983f8642c0f61c6c9f6890144c00569720c7ac4966fa14ae61887805119", "asset_id": "111430850586280057072383206477547388489809466081864228712689433849450823637864", "bids": [{"price": "0.01", "size": "100888.92"}, {"price": "0.02", "size": "21.5"}, {"price": "0.04", "size": "1250"}, {"price": "0.05", "size": "16.61"}, {"price": "0.14", "size": "1500"}, {"price": "0.15", "size": "150"}, {"price": "0.17", "size": "500"}, {"price": "0.18", "size": "400"}, {"price": "0.19", "size": "80"}, {"price": "0.21", "size": "61.9"}, {"price": "0.23", "size": "47.82"}, {"price": "0.25", "size": "213.83"}, {"price": "0.26", "size": "9"}, {"price": "0.27", "size": "220.52"}, {"price": "0.28", "size": "205"}, {"price": "0.35", "size": "200"}, {"price": "0.36", "size": "231"}, {"price": "0.4", "size": "190"}, {"price": "0.41", "size": "798"}], "asks": [{"price": "0.99", "size": "101288.18"}, {"price": "0.98", "size": "1400"}, {"price": "0.97", "size": "9.97"}, {"price": "0.94", "size": "1200"}, {"price": "0.93", "size": "200"}, {"price": "0.91", "size": "400"}, {"price": "0.9", "size": "6.49"}, {"price": "0.85", "size": "425"}, {"price": "0.7", "size": "100"}, {"price": "0.65", "size": "50"}, {"price": "0.61", "size": "10"}, {"price": "0.6", "size": "5.83"}, {"price": "0.57", "size": "20"}, {"price": "0.55", "size": "25.2"}, {"price": "0.53", "size": "992.84"}, {"price": "0.52", "size": "120"}, {"price": "0.51", "size": "16"}, {"price": "0.49", "size": "62"}, {"price": "0.48", "size": "8"}, {"price": "0.47", "size": "5.2"}, {"price": "0.46", "size": "220"}, {"price": "0.45", "size": "268.72"}, {"price": "0.44", "size": "30"}], "hash": "01148b9df8eb3012224114bd90f41ba47298a479", "timestamp": "1769384541450", "event_type": "book"}}
{"_local_timestamp": "2026-01-25T23:42:21.562613+00:00", "data": {"market": "0xfa2de983f8642c0f61c6c9f6890144c00569720c7ac4966fa14ae61887805119", "asset_id": "100867343898929430052757546050745655715685585456696690891892865600379098158025", "bids": [{"price": "0.01", "size": "101288.18"}, {"price": "0.02", "size": "1400"}, {"price": "0.03", "size": "9.97"}, {"price": "0.06", "size": "1200"}, {"price": "0.07", "size": "200"}, {"price": "0.09", "size": "400"}, {"price": "0.1", "size": "6.49"}, {"price": "0.15", "size": "425"}, {"price": "0.3", "size": "100"}, {"price": "0.35", "size": "50"}, {"price": "0.39", "size": "10"}, {"price": "0.4", "size": "5.83"}, {"price": "0.43", "size": "20"}, {"price": "0.45", "size": "25.2"}, {"price": "0.47", "size": "992.84"}, {"price": "0.48", "size": "120"}, {"price": "0.49", "size": "16"}, {"price": "0.51", "size": "62"}, {"price": "0.52", "size": "8"}, {"price": "0.53", "size": "5.2"}, {"price": "0.54", "size": "220"}, {"price": "0.55", "size": "268.72"}, {"price": "0.56", "size": "30"}], "asks": [{"price": "0.99", "size": "100888.92"}, {"price": "0.98", "size": "21.5"}, {"price": "0.96", "size": "1250"}, {"price": "0.95", "size": "16.61"}, {"price": "0.86", "size": "1500"}, {"price": "0.85", "size": "150"}, {"price": "0.83", "size": "500"}, {"price": "0.82", "size": "400"}, {"price": "0.81", "size": "80"}, {"price": "0.79", "size": "61.9"}, {"price": "0.77", "size": "47.82"}, {"price": "0.75", "size": "213.83"}, {"price": "0.74", "size": "9"}, {"price": "0.73", "size": "220.52"}, {"price": "0.72", "size": "205"}, {"price": "0.65", "size": "200"}, {"price": "0.64", "size": "231"}, {"price": "0.6", "size": "190"}, {"price": "0.59", "size": "798"}], "hash": "daed6fceb815f9e284c118aaeb4797695395f6eb", "timestamp": "1769384541450", "event_type": "book"}}
{"_local_timestamp": "2026-01-25T23:42:21.580061+00:00", "data": {"market": "0xfa2de983f8642c0f61c6c9f6890144c00569720c7ac4966fa14ae61887805119", "asset_id": "100867343898929430052757546050745655715685585456696690891892865600379098158025", "price": "0.59", "size": "24", "fee_rate_bps": "0", "side": "BUY", "timestamp": "1769384541478", "event_type": "last_trade_price", "transaction_hash": "0xffc49a702629e585198108910c823c137599d52fec0b29e689da702569cedf03"}}
{"_local_timestamp": "2026-01-25T23:42:33.943218+00:00", "data": {"market": "0xfa2de983f8642c0f61c6c9f6890144c00569720c7ac4966fa14ae61887805119", "price_changes": [{"asset_id": "100867343898929430052757546050745655715685585456696690891892865600379098158025", "price": "0.55", "size": "112.72", "side": "BUY", "hash": "beb0379085010650cfb19f30dacfd6f194201375", "best_bid": "0.56", "best_ask": "0.59"}, {"asset_id": "111430850586280057072383206477547388489809466081864228712689433849450823637864", "price": "0.45", "size": "112.72", "side": "SELL", "hash": "783c3e095402641f8497409a6aebd65959cb34e7", "best_bid": "0.41", "best_ask": "0.44"}], "timestamp": "1769384553835", "event_type": "price_change"}}
{"_local_timestamp": "2026-01-25T23:42:33.945091+00:00", "data": {"market": "0xfa2de983f8642c0f61c6c9f6890144c00569720c7ac4966fa14ae61887805119", "price_changes": [{"asset_id": "100867343898929430052757546050745655715685585456696690891892865600379098158025", "price": "0.47", "size": "792.84", "side": "BUY", "hash": "beb0379085010650cfb19f30dacfd6f194201375", "best_bid": "0.56", "best_ask": "0.59"}, {"asset_id": "111430850586280057072383206477547388489809466081864228712689433849450823637864", "price": "0.53", "size": "792.84", "side": "SELL", "hash": "783c3e095402641f8497409a6aebd65959cb34e7", "best_bid": "0.41", "best_ask": "0.44"}], "timestamp": "1769384553835", "event_type": "price_change"}}
{"_local_timestamp": "2026-01-25T23:42:33.945664+00:00", "data": {"market": "0xfa2de983f8642c0f61c6c9f6890144c00569720c7ac4966fa14ae61887805119", "price_changes": [{"asset_id": "100867343898929430052757546050745655715685585456696690891892865600379098158025", "price": "0.54", "size": "20", "side": "BUY", "hash": "beb0379085010650cfb19f30dacfd6f194201375", "best_bid": "0.56", "best_ask": "0.59"}, {"asset_id": "111430850586280057072383206477547388489809466081864228712689433849450823637864", "price": "0.46", "size": "20", "side": "SELL", "hash": "783c3e095402641f8497409a6aebd65959cb34e7", "best_bid": "0.41", "best_ask": "0.44"}], "timestamp": "1769384553835", "event_type": "price_change"}}
{"_local_timestamp": "2026-01-25T23:42:33.946305+00:00", "data": {"market": "0xfa2de983f8642c0f61c6c9f6890144c00569720c7ac4966fa14ae61887805119", "price_changes": [{"asset_id": "100867343898929430052757546050745655715685585456696690891892865600379098158025", "price": "0.43", "size": "171", "side": "BUY", "hash": "2ec807948164b11a96b787f0f41c88e361f84bf7", "best_bid": "0.56", "best_ask": "0.59"}, {"asset_id": "111430850586280057072383206477547388489809466081864228712689433849450823637864", "price": "0.57", "size": "171", "side": "SELL", "hash": "70fd8690c3ce04eaecd9e6cc0d7067006ec1ad90", "best_bid": "0.41", "best_ask": "0.44"}], "timestamp": "1769384553843", "event_type": "price_change"}}
{"_local_timestamp": "2026-01-25T23:42:33.946842+00:00", "data": {"market": "0xfa2de983f8642c0f61c6c9f6890144c00569720c7ac4966fa14ae61887805119", "price_changes": [{"asset_id": "100867343898929430052757546050745655715685585456696690891892865600379098158025", "price": "0.4", "size": "205.83", "side": "BUY", "hash": "c995396e387e242e308e805fbbc2ee07c3542079", "best_bid": "0.56", "best_ask": "0.59"}, {"asset_id": "111430850586280057072383206477547388489809466081864228712689433849450823637864", "price": "0.6", "size": "205.83", "side": "SELL", "hash": "3e2aadb9fa1086e5590eb621b7b1499b5ad3df64", "best_bid": "0.41", "best_ask": "0.44"}], "timestamp": "1769384553844", "event_type": "price_change"}}
{"_local_timestamp": "2026-01-25T23:42:34.049219+00:00", "data": {"market": "0xfa2de983f8642c0f61c6c9f6890144c00569720c7ac4966fa14ae61887805119", "price_changes": [{"asset_id": "100867343898929430052757546050745655715685585456696690891892865600379098158025", "price": "0.09", "size": "0", "side": "BUY", "hash": "b9e53984229adc3704049f79d49c6a8b808425b8", "best_bid": "0.56", "best_ask": "0.59"}, {"asset_id": "111430850586280057072383206477547388489809466081864228712689433849450823637864", "price": "0.91", "size": "0", "side": "SELL", "hash": "1f1015fd915ee980872dcd037de41ca172d63c75", "best_bid": "0.41", "best_ask": "0.44"}], "timestamp": "1769384553935", "event_type": "price_change"}}
{"_local_timestamp": "2026-01-25T23:42:34.322479+00:00", "data": {"market": "0xfa2de983f8642c0f61c6c9f6890144c00569720c7ac4966fa14ae61887805119", "price_changes": [{"asset_id": "111430850586280057072383206477547388489809466081864228712689433849450823637864", "price": "0.08", "size": "400", "side": "BUY", "hash": "3853f54a294dd71b0b4237a486fccc25590fe05b", "best_bid": "0.41", "best_ask": "0.44"}, {"asset_id": "100867343898929430052757546050745655715685585456696690891892865600379098158025", "price": "0.92", "size": "400", "side": "SELL", "hash": "1bedfb806efaf625159d34948503474968376964", "best_bid": "0.56", "best_ask": "0.59"}], "timestamp": "1769384554214", "event_type": "price_change"}}
{"_local_timestamp": "2026-01-25T23:42:34.328675+00:00", "data": {"market": "0xfa2de983f8642c0f61c6c9f6890144c00569720c7ac4966fa14ae61887805119", "price_changes": [{"asset_id": "100867343898929430052757546050745655715685585456696690891892865600379098158025", "price": "0.08", "size": "400", "side": "BUY", "hash": "5f467f4649fe59612cff4427b769c229b9fe1b27", "best_bid": "0.56", "best_ask": "0.59"}, {"asset_id": "111430850586280057072383206477547388489809466081864228712689433849450823637864", "price": "0.92", "size": "400", "side": "SELL", "hash": "d06a81690876cb8f4a20e2fddea0aa90b2853a62", "best_bid": "0.41", "best_ask": "0.44"}], "timestamp": "1769384554215", "event_type": "price_change"}}
{"_local_timestamp": "2026-01-25T23:42:35.938207+00:00", "data": {"market": "0xfa2de983f8642c0f61c6c9f6890144c00569720c7ac4966fa14ae61887805119", "price_changes": [{"asset_id": "100867343898929430052757546050745655715685585456696690891892865600379098158025", "price": "0.47", "size": "992.84", "side": "BUY", "hash": "e46e08e2ff482c9f86c7ff184164c18b6fd9ff07", "best_bid": "0.56", "best_ask": "0.59"}, {"asset_id": "111430850586280057072383206477547388489809466081864228712689433849450823637864", "price": "0.53", "size": "992.84", "side": "SELL", "hash": "0ae9ec130b5587b619cd233f028df06e0dee6b98", "best_bid": "0.41", "best_ask": "0.44"}], "timestamp": "1769384555833", "event_type": "price_change"}}
{"_local_timestamp": "2026-01-25T23:42:35.938812+00:00", "data": {"market": "0xfa2de983f8642c0f61c6c9f6890144c00569720c7ac4966fa14ae61887805119", "price_changes": [{"asset_id": "100867343898929430052757546050745655715685585456696690891892865600379098158025", "price": "0.56", "size": "183", "side": "BUY", "hash": "232e2d7517d5e69b9810b25d65e8fb4466654d38", "best_bid": "0.56", "best_ask": "0.59"}, {"asset_id": "111430850586280057072383206477547388489809466081864228712689433849450823637864", "price": "0.44", "size": "183", "side": "SELL", "hash": "d040239ae40405353b3ddfafe502d29010d9ea39", "best_bid": "0.41", "best_ask": "0.44"}], "timestamp": "1769384555833", "event_type": "price_change"}}
{"_local_timestamp": "2026-01-25T23:42:35.939320+00:00", "data": {"market": "0xfa2de983f8642c0f61c6c9f6890144c00569720c7ac4966fa14ae61887805119", "price_changes": [{"asset_id": "100867343898929430052757546050745655715685585456696690891892865600379098158025", "price": "0.43", "size": "20", "side": "BUY", "hash": "6bd2a8e1cc54553af9f1077f5efe4dd86c105dd6", "best_bid": "0.56", "best_ask": "0.59"}, {"asset_id": "111430850586280057072383206477547388489809466081864228712689433849450823637864", "price": "0.57", "size": "20", "side": "SELL", "hash": "733b8fc79484ff1688f0721d25bc8280d0ab702d", "best_bid": "0.41", "best_ask": "0.44"}], "timestamp": "1769384555834", "event_type": "price_change"}}
{"_local_timestamp": "2026-01-25T23:42:35.939846+00:00", "data": {"market": "0xfa2de983f8642c0f61c6c9f6890144c00569720c7ac4966fa14ae61887805119", "price_changes": [{"asset_id": "100867343898929430052757546050745655715685585456696690891892865600379098158025", "price": "0.4", "size": "5.83", "side": "BUY", "hash": "6bd2a8e1cc54553af9f1077f5efe4dd86c105dd6", "best_bid": "0.56", "best_ask": "0.59"}, {"asset_id": "111430850586280057072383206477547388489809466081864228712689433849450823637864", "price": "0.6", "size": "5.83", "side": "SELL", "hash": "733b8fc79484ff1688f0721d25bc8280d0ab702d", "best_bid": "0.41", "best_ask": "0.44"}], "timestamp": "1769384555834", "event_type": "price_change"}}
{"_local_timestamp": "2026-01-25T23:42:45.155950+00:00", "data": {"market": "0xfa2de983f8642c0f61c6c9f6890144c00569720c7ac4966fa14ae61887805119", "price_changes": [{"asset_id": "111430850586280057072383206477547388489809466081864228712689433849450823637864", "price": "0.45", "size": "20", "side": "SELL", "hash": "7be162c88a181bb02c610fd827d62f6be53aef38", "best_bid": "0.41", "best_ask": "0.44"}, {"asset_id": "100867343898929430052757546050745655715685585456696690891892865600379098158025", "price": "0.55", "size": "20", "side": "BUY", "hash": "b5155947d7d307557c454ce313a2618dcefa196c", "best_bid": "0.56", "best_ask": "0.59"}], "timestamp": "1769384565052", "event_type": "price_change"}}
{"_local_timestamp": "2026-01-25T23:42:45.213910+00:00", "data": {"market": "0xfa2de983f8642c0f61c6c9f6890144c00569720c7ac4966fa14ae61887805119", "price_changes": [{"asset_id": "100867343898929430052757546050745655715685585456696690891892865600379098158025", "price": "0.55", "size": "220", "side": "BUY", "hash": "e847ddfd3fc74ce15dfb6907cfe89002dbf71c93", "best_bid": "0.56", "best_ask": "0.59"}, {"asset_id": "111430850586280057072383206477547388489809466081864228712689433849450823637864", "price": "0.45", "size": "220", "side": "SELL", "hash": "00e9ac2cf958115c794466f6477ca9a9e609346a", "best_bid": "0.41", "best_ask": "0.44"}], "timestamp": "1769384565089", "event_type": "price_change"}}
{"_local_timestamp": "2026-01-25T23:42:57.197161+00:00", "data": {"market": "0xfa2de983f8642c0f61c6c9f6890144c00569720c7ac4966fa14ae61887805119", "price_changes": [{"asset_id": "111430850586280057072383206477547388489809466081864228712689433849450823637864", "price": "0.44", "size": "215.34", "side": "SELL", "hash": "95658c1c5098adc69acd06066a8198d7724af0f3", "best_bid": "0.41", "best_ask": "0.44"}, {"asset_id": "100867343898929430052757546050745655715685585456696690891892865600379098158025", "price": "0.56", "size": "215.34", "side": "BUY", "hash": "3e7d7410e5b12523ecb53777f94a1a1cf5c607ea", "best_bid": "0.56", "best_ask": "0.59"}], "timestamp": "1769384577104", "event_type": "price_change"}}
{"_local_timestamp": "2026-01-25T23:42:57.198299+00:00", "data": {"market": "0xfa2de983f8642c0f61c6c9f6890144c00569720c7ac4966fa14ae61887805119", "price_changes": [{"asset_id": "111430850586280057072383206477547388489809466081864228712689433849450823637864", "price": "0.44", "size": "243.39", "side": "SELL", "hash": "8ba7e3875615c71075ceb6e0e2d4d4a4ddab48f0", "best_bid": "0.41", "best_ask": "0.44"}, {"asset_id": "100867343898929430052757546050745655715685585456696690891892865600379098158025", "price": "0.56", "size": "243.39", "side": "BUY", "hash": "6d72645939ed5b01c65bf65a0efd79f493bd21f9", "best_bid": "0.56", "best_ask": "0.59"}], "timestamp": "1769384577105", "event_type": "price_change"}}
{"_local_timestamp": "2026-01-25T23:42:58.357473+00:00", "data": {"market": "0xfa2de983f8642c0f61c6c9f6890144c00569720c7ac4966fa14ae61887805119", "price_changes": [{"asset_id": "100867343898929430052757546050745655715685585456696690891892865600379098158025", "price": "0.56", "size": "213.39", "side": "BUY", "hash": "493e501db5b8553523f6976d1b074344b757b69a", "best_bid": "0.56", "best_ask": "0.59"}, {"asset_id": "111430850586280057072383206477547388489809466081864228712689433849450823637864", "price": "0.44", "size": "213.39", "side": "SELL", "hash": "540edf9c192c86f5cafba25e5f09cf83f7b19cd0", "best_bid": "0.41", "best_ask": "0.44"}], "timestamp": "1769384578257", "event_type": "price_change"}}
{"_local_timestamp": "2026-01-25T23:42:58.427415+00:00", "data": {"market": "0xfa2de983f8642c0f61c6c9f6890144c00569720c7ac4966fa14ae61887805119", "price_changes": [{"asset_id": "100867343898929430052757546050745655715685585456696690891892865600379098158025", "price": "0.57", "size": "30", "side": "BUY", "hash": "5a1a54c949fc5a33b7a01f246fb748995b51492b", "best_bid": "0.57", "best_ask": "0.59"}, {"asset_id": "111430850586280057072383206477547388489809466081864228712689433849450823637864", "price": "0.43", "size": "30", "side": "SELL", "hash": "4f9e285d922613da93d6e7a1deabcd7ca26729b4", "best_bid": "0.41", "best_ask": "0.43"}], "timestamp": "1769384578319", "event_type": "price_change"}}
{"_local_timestamp": "2026-01-25T23:42:58.471424+00:00", "data": {"market": "0xfa2de983f8642c0f61c6c9f6890144c00569720c7ac4966fa14ae61887805119", "price_changes": [{"asset_id": "100867343898929430052757546050745655715685585456696690891892865600379098158025", "price": "0.07", "size": "0", "side": "BUY", "hash": "181e4ed9fa0c87a820ddab3743824849c337ea1a", "best_bid": "0.57", "best_ask": "0.59"}, {"asset_id": "111430850586280057072383206477547388489809466081864228712689433849450823637864", "price": "0.93", "size": "0", "side": "SELL", "hash": "a3994bb7b888a685e3a5fb228a0a293b94d7a7e3", "best_bid": "0.41", "best_ask": "0.43"}], "timestamp": "1769384578363", "event_type": "price_change"}}
{"_local_timestamp": "2026-01-25T23:42:58.472107+00:00", "data": {"market": "0xfa2de983f8642c0f61c6c9f6890144c00569720c7ac4966fa14ae61887805119", "price_changes": [{"asset_id": "100867343898929430052757546050745655715685585456696690891892865600379098158025", "price": "0.47", "size": "792.84", "side": "BUY", "hash": "181e4ed9fa0c87a820ddab3743824849c337ea1a", "best_bid": "0.57", "best_ask": "0.59"}, {"asset_id": "111430850586280057072383206477547388489809466081864228712689433849450823637864", "price": "0.53", "size": "792.84", "side": "SELL", "hash": "a3994bb7b888a685e3a5fb228a0a293b94d7a7e3", "best_bid": "0.41", "best_ask": "0.43"}], "timestamp": "1769384578363", "event_type": "price_change"}}
{"_local_timestamp": "2026-01-25T23:42:58.472783+00:00", "data": {"market": "0xfa2de983f8642c0f61c6c9f6890144c00569720c7ac4966fa14ae61887805119", "price_changes": [{"asset_id": "100867343898929430052757546050745655715685585456696690891892865600379098158025", "price": "0.08", "size": "600", "side": "BUY", "hash": "45c8960ea9ff5f6a6d1e275f4aa1d78d503d4988", "best_bid": "0.57", "best_ask": "0.59"}, {"asset_id": "111430850586280057072383206477547388489809466081864228712689433849450823637864", "price": "0.92", "size": "600", "side": "SELL", "hash": "74de10c32b772de7423774393513907d45480678", "best_bid": "0.41", "best_ask": "0.43"}], "timestamp": "1769384578364", "event_type": "price_change"}}
{"_local_timestamp": "2026-01-25T23:42:58.473371+00:00", "data": {"market": "0xfa2de983f8642c0f61c6c9f6890144c00569720c7ac4966fa14ae61887805119", "price_changes": [{"asset_id": "100867343898929430052757546050745655715685585456696690891892865600379098158025", "price": "0.48", "size": "320", "side": "BUY", "hash": "69ff56cfddc613f3f4054376cf73996df049b367", "best_bid": "0.57", "best_ask": "0.59"}, {"asset_id": "111430850586280057072383206477547388489809466081864228712689433849450823637864", "price": "0.52", "size": "320", "side": "SELL", "hash": "b17ccfdfc1ec466b556023bc09cc22e70af719f8", "best_bid": "0.41", "best_ask": "0.43"}], "timestamp": "1769384578365", "event_type": "price_change"}}
{"_local_timestamp": "2026-01-25T23:42:59.860358+00:00", "data": {"market": "0xfa2de983f8642c0f61c6c9f6890144c00569720c7ac4966fa14ae61887805119", "price_changes": [{"asset_id": "100867343898929430052757546050745655715685585456696690891892865600379098158025", "price": "0.57", "size": "0", "side": "BUY", "hash": "714dbc7ca726b8b97ae2b8c4dd5baa74404e7183", "best_bid": "0.56", "best_ask": "0.59"}, {"asset_id": "111430850586280057072383206477547388489809466081864228712689433849450823637864", "price": "0.43", "size": "0", "side": "SELL", "hash": "8140b6a11f604909457987a934d35c21ff337a30", "best_bid": "0.41", "best_ask": "0.44"}], "timestamp": "1769384579744", "event_type": "price_change"}}
{"_local_timestamp": "2026-01-25T23:43:00.475446+00:00", "data": {"market": "0xfa2de983f8642c0f61c6c9f6890144c00569720c7ac4966fa14ae61887805119", "price_changes": [{"asset_id": "100867343898929430052757546050745655715685585456696690891892865600379098158025", "price": "0.08", "size": "400", "side": "BUY", "hash": "a610e887fa360f50b64837d216ef453c85162f79", "best_bid": "0.56", "best_ask": "0.59"}, {"asset_id": "111430850586280057072383206477547388489809466081864228712689433849450823637864", "price": "0.92", "size": "400", "side": "SELL", "hash": "8f53a1fd41c0ed32158846d83f5e74de43974087", "best_bid": "0.41", "best_ask": "0.44"}], "timestamp": "1769384580365", "event_type": "price_change"}}
{"_local_timestamp": "2026-01-25T23:43:00.476109+00:00", "data": {"market": "0xfa2de983f8642c0f61c6c9f6890144c00569720c7ac4966fa14ae61887805119", "price_changes": [{"asset_id": "100867343898929430052757546050745655715685585456696690891892865600379098158025", "price": "0.48", "size": "120", "side": "BUY", "hash": "a610e887fa360f50b64837d216ef453c85162f79", "best_bid": "0.56", "best_ask": "0.59"}, {"asset_id": "111430850586280057072383206477547388489809466081864228712689433849450823637864", "price": "0.52", "size": "120", "side": "SELL", "hash": "8f53a1fd41c0ed32158846d83f5e74de43974087", "best_bid": "0.41", "best_ask": "0.44"}], "timestamp": "1769384580365", "event_type": "price_change"}}
{"_local_timestamp": "2026-01-25T23:43:00.476621+00:00", "data": {"market": "0xfa2de983f8642c0f61c6c9f6890144c00569720c7ac4966fa14ae61887805119", "price_changes": [{"asset_id": "100867343898929430052757546050745655715685585456696690891892865600379098158025", "price": "0.07", "size": "200", "side": "BUY", "hash": "ca52624cf1a07086797178009db3a7cf7e768413", "best_bid": "0.56", "best_ask": "0.59"}, {"asset_id": "111430850586280057072383206477547388489809466081864228712689433849450823637864", "price": "0.93", "size": "200", "side": "SELL", "hash": "6ccd3dfe7cdda807470febabd99529173b1c7a03", "best_bid": "0.41", "best_ask": "0.44"}], "timestamp": "1769384580368", "event_type": "price_change"}}
{"_local_timestamp": "2026-01-25T23:43:00.477180+00:00", "data": {"market": "0xfa2de983f8642c0f61c6c9f6890144c00569720c7ac4966fa14ae61887805119", "price_changes": [{"asset_id": "100867343898929430052757546050745655715685585456696690891892865600379098158025", "price": "0.47", "size": "992.84", "side": "BUY", "hash": "c75752775237089e8cb7af43672edb380a10d80a", "best_bid": "0.56", "best_ask": "0.59"}, {"asset_id": "111430850586280057072383206477547388489809466081864228712689433849450823637864", "price": "0.53", "size": "992.84", "side": "SELL", "hash": "e20f7ca771c3753040de43f1ae4c6f8117da1119", "best_bid": "0.41", "best_ask": "0.44"}], "timestamp": "1769384580368", "event_type": "price_change"}}
