{"_local_timestamp": "2026-01-25T23:41:34.003554+00:00", "data": [{"market": "0x0ad7bfefa1318072a7718199b97c81e3815c013987400910ec4f341eab657163", "asset_id": "46295172601519607125722904462828459465233821491397939264525803655276803288308", "timestamp": "1769384493018", "hash": "b3432cef3aa57e33b13e287d9d9d39941e8efb9f", "bids": [{"price": "0.01", "size": "3698.61"}, {"price": "0.02", "size": "2400"}, {"price": "0.03", "size": "300"}, {"price": "0.04", "size": "155.88"}, {"price": "0.05", "size": "2150"}, {"price": "0.06", "size": "150"}, {"price": "0.07", "size": "150"}, {"price": "0.08", "size": "700"}, {"price": "0.1", "size": "61.02"}, {"price": "0.11", "size": "5.43"}, {"price": "0.14", "size": "850"}, {"price": "0.18", "size": "25"}, {"price": "0.25", "size": "1200"}, {"price": "0.26", "size": "200"}, {"price": "0.3", "size": "49.18"}, {"price": "0.35", "size": "30"}, {"price": "0.4", "size": "30"}, {"price": "0.41", "size": "940"}, {"price": "0.42", "size": "1652.85"}, {"price": "0.44", "size": "5615"}, {"price": "0.46", "size": "195.74"}, {"price": "0.47", "size": "4205"}, {"price": "0.48", "size": "100"}, {"price": "0.5", "size": "82800"}, {"price": "0.51", "size": "3933"}, {"price": "0.52", "size": "20116.2"}, {"price": "0.53", "size": "38607.01"}, {"price": "0.54", "size": "16198.16"}, {"price": "0.55", "size": "39236.46"}], "asks": [{"price": "0.99", "size": "3766"}, {"price": "0.98", "size": "1305.05"}, {"price": "0.97", "size": "1600"}, {"price": "0.96", "size": "157.14"}, {"price": "0.95", "size": "150"}, {"price": "0.94", "size": "2150"}, {"price": "0.93", "size": "150"}, {"price": "0.92", "size": "508.77"}, {"price": "0.9", "size": "60"}, {"price": "0.89", "size": "5.12"}, {"price": "0.85", "size": "525"}, {"price": "0.78", "size": "100"}, {"price": "0.75", "size": "5"}, {"price": "0.7", "size": "114"}, {"price": "0.68", "size": "29.38"}, {"price": "0.67", "size": "5600"}, {"price": "0.66", "size": "163.93"}, {"price": "0.65", "size": "234.28"}, {"price": "0.64", "size": "4206.88"}, {"price": "0.62", "size": "196.07"}, {"price": "0.61", "size": "3973"}, {"price": "0.6", "size": "3938"}, {"price": "0.59", "size": "15200"}, {"price": "0.58", "size": "5902.39"}, {"price": "0.57", "size": "113679.46"}, {"price": "0.56", "size": "10383.2"}], "event_type": "book", "last_trade_price": "0.560"}, {"market": "0xbd0c7290685db69d4ea67591fbba802d366a4292cdb23736d68d338e0e76861c", "asset_id": "35135227478442467357789294339128518652905539309099349096750738695570286638021", "timestamp": "1769384304025", "hash": "508d5907c5ad80ee56ee069521f0e4a4a22d5b88", "bids": [{"price": "0.01", "size": "77.54"}, {"price": "0.02", "size": "8.2"}, {"price": "0.04", "size": "5"}, {"price": "0.1", "size": "200"}, {"price": "0.28", "size": "79"}, {"price": "0.29", "size": "6.57"}], "asks": [{"price": "0.99", "size": "40.29"}, {"price": "0.98", "size": "7.49"}, {"price": "0.9", "size": "200"}, {"price": "0.89", "size": "5.42"}, {"price": "0.38", "size": "79"}], "event_type": "book", "last_trade_price": "0.260"}, {"market": "0x2ab30b67e3d2c0836d4c83e4628e3634b7c90e16bf90ef4ab99cf705570dff86", "asset_id": "5928838552731255813855689945804518174438124115755940408231689539026778962482", "timestamp": "1769384198385", "hash": "7e1d1a9f36803ae4f41232376231427e895456ba", "bids": [{"price": "0.01", "size": "95.34"}, {"price": "0.02", "size": "47.33"}, {"price": "0.56", "size": "50"}], "asks": [{"price": "0.99", "size": "100"}, {"price": "0.98", "size": "44.99"}, {"price": "0.77", "size": "50"}], "event_type": "book", "last_trade_price": ""}, {"market": "0xc72b05ea43b5b6a09835300d4352ac900039d574c003f3503bfa90c00925aadb", "asset_id": "88803273097095234552847992083521727887953542514048506758556828723214544312868", "timestamp": "1769384254765", "hash": "17b872c9ed111d3f74578ce8f497b7a0637f7d9c", "bids": [{"price": "0.01", "size": "116.9"}, {"price": "0.02", "size": "36.54"}, {"price": "0.03", "size": "5.47"}], "asks": [{"price": "0.99", "size": "125.01"}, {"price": "0.98", "size": "32.49"}], "event_type": "book", "last_trade_price": ""}, {"market": "0x0bf9f54b438a3cd35e280d17eda2d9219161cee8f80080f6e5ba96190122974f", "asset_id": "46630886810031607149843758369227483187517381629993105474753644698558085527519", "timestamp": "1769384455040", "hash": "baa404b1bf53fbec0296622163ea16cd1f5afa86", "bids": [{"price": "0.01", "size": "61.99"}, {"price": "0.02", "size": "15.98"}, {"price": "0.1", "size": "200"}, {"price": "0.24", "size": "79"}], "asks": [{"price": "0.99", "size": "39.78"}, {"price": "0.98", "size": "11.86"}, {"price": "0.9", "size": "200"}, {"price": "0.89", "size": "5.59"}, {"price": "0.34", "size": "100"}, {"price": "0.33", "size": "63"}], "event_type": "book", "last_trade_price": "0.730"}, {"market": "0x706eb6d32f29d87fd08dc6a37597faa3d20bf1df75d7ccab660d29565dc8ff0a", "asset_id": "10739138290105627983458362915170506627323888078466483220890658863645237226226", "timestamp": "1769384438571", "hash": "1ae64126c91b15f22e076196fd6b8c2832f32177", "bids": [{"price": "0.01", "size": "95.4"}, {"price": "0.02", "size": "47.29"}, {"price": "0.5", "size": "380"}, {"price": "0.52", "size": "16"}, {"price": "0.54", "size": "122.49"}, {"price": "0.55", "size": "5.47"}], "asks": [{"price": "0.99", "size": "13.44"}], "event_type": "book", "last_trade_price": "0.010"}, {"market": "0xb3ec26f27e451dae6a682b4b542ae9dce9780376a84050517686092d19ce8496", "asset_id": "2062668752110749741858613614354763188632248265736280746044601348516436026006", "timestamp": "1769384479851", "hash": "4d1b654209eda3fa5561744b50f59d95b50a22a4", "bids": [], "asks": [{"price": "0.999", "size": "100009.13"}, {"price": "0.998", "size": "55000"}, {"price": "0.997", "size": "14.79"}, {"price": "0.992", "size": "155"}, {"price": "0.99", "size": "17000"}, {"price": "0.989", "size": "55715.47"}, {"price": "0.988", "size": "10.84"}, {"price": "0.98", "size": "1000"}, {"price": "0.969", "size": "10100"}, {"price": "0.96", "size": "2000"}, {"price": "0.959", "size": "6"}, {"price": "0.92", "size": "155"}, {"price": "0.903", "size": "100"}, {"price": "0.901", "size": "100"}, {"price": "0.9", "size": "500"}, {"price": "0.899", "size": "10000"}, {"price": "0.898", "size": "5000"}, {"price": "0.89", "size": "3000"}, {"price": "0.889", "size": "4500"}, {"price": "0.888", "size": "5.08"}, {"price": "0.86", "size": "50"}, {"price": "0.8", "size": "200"}, {"price": "0.73", "size": "200"}, {"price": "0.66", "size": "100"}, {"price": "0.53", "size": "100"}, {"price": "0.51", "size": "100"}, {"price": "0.503", "size": "100"}, {"price": "0.501", "size": "500"}, {"price": "0.5", "size": "440"}, {"price": "0.25", "size": "60"}, {"price": "0.233", "size": "60"}, {"price": "0.232", "size": "53"}, {"price": "0.231", "size": "60"}, {"price": "0.23", "size": "60"}, {"price": "0.229", "size": "31.12"}, {"price": "0.01", "size": "2016"}, {"price": "0.009", "size": "644"}, {"price": "0.005", "size": "25"}, {"price": "0.002", "size": "505.47"}, {"price": "0.001", "size": "1195.29"}], "event_type": "book", "last_trade_price": "0.999"}, {"market": "0xa652ed627fd1764a0a5f3f91dfe17dfc5ac0675594442c42e9f562a7ca321519", "asset_id": "29864125759764721652611662801926814185903900441401457093148760012221975252655", "timestamp": "1769384303584", "hash": "38915b66ec4f2c17a314c441cd419b955a536799", "bids": [{"price": "0.01", "size": "87.48"}, {"price": "0.02", "size": "6.87"}, {"price": "0.1", "size": "200"}, {"price": "0.31", "size": "79"}], "asks": [{"price": "0.99", "size": "40.42"}, {"price": "0.98", "size": "6.33"}, {"price": "0.9", "size": "200"}, {"price": "0.89", "size": "5.49"}, {"price": "0.42", "size": "79"}], "event_type": "book", "last_trade_price": "0.760"}, {"market": "0x636d54dbe470f75461300274c03da95da54696758fd421db3828f0dd1f045164", "asset_id": "52781723242843704960445457385527611286513311268850829569990423578137146774997", "timestamp": "1769384405016", "hash": "12b4f749835829fa2d4951067fdd1d17ef94e544", "bids": [{"price": "0.01", "size": "99.99"}, {"price": "0.02", "size": "45"}, {"price": "0.43", "size": "50"}], "asks": [{"price": "0.99", "size": "100"}, {"price": "0.98", "size": "44.99"}, {"price": "0.64", "size": "50"}], "event_type": "book", "last_trade_price": "0.470"}, {"market": "0x4dbc567b40124eb91d6e41631e1e1d0b6485852cde34b5892b1d4cf7f35401ea", "asset_id": "22494713618080848438798957715453581767181013119104838114365308817855609238752", "timestamp": "1769384304912", "hash": "fe54512fedc8b70ecaab861154ac01eb67df1167", "bids": [{"price": "0.01", "size": "125.02"}, {"price": "0.02", "size": "32.49"}], "asks": [{"price": "0.99", "size": "98.38"}, {"price": "0.98", "size": "35.21"}, {"price": "0.97", "size": "5.47"}], "event_type": "book", "last_trade_price": ""}, {"market": "0x66dc4b673443e22f24a403ed17db782014adbfe0112ffef5590a9c2ffab269af", "asset_id": "19665102658513933882181558819006389017141595190371173806603199421694623471422", "timestamp": "1769384220988", "hash": "7e3acdcbad77fe3a19002bc7a6b631ba825acfbe", "bids": [{"price": "0.01", "size": "95.39"}, {"price": "0.02", "size": "47.3"}, {"price": "0.05", "size": "5"}, {"price": "0.42", "size": "50"}, {"price": "0.43", "size": "8.61"}], "asks": [{"price": "0.99", "size": "99.09"}, {"price": "0.98", "size": "45.45"}, {"price": "0.96", "size": "5"}, {"price": "0.63", "size": "50"}], "event_type": "book", "last_trade_price": "0.570"}, {"market": "0x865398cd2e1a8ffe0b5a7cc11532e184282052ad48560b8a7c726c627d75c2ba", "asset_id": "15212431430447163233920533629424223578230553810964478182886875257282848391276", "timestamp": "1769384255583", "hash": "095f6c0b8149306d655b992b6e1da56b8e1cfc98", "bids": [{"price": "0.01", "size": "125.01"}, {"price": "0.02", "size": "32.49"}], "asks": [{"price": "0.99", "size": "116.9"}, {"price": "0.98", "size": "36.54"}, {"price": "0.97", "size": "5.47"}], "event_type": "book", "last_trade_price": ""}, {"market": "0xc72b05ea43b5b6a09835300d4352ac900039d574c003f3503bfa90c00925aadb", "asset_id": "5794799399360778498260917563393589518186674813778048535494442756194267711238", "timestamp": "1769384254765", "hash": "89edd91252044da860acd827706c935457a86d57", "bids": [{"price": "0.01", "size": "125.01"}, {"price": "0.02", "size": "32.49"}], "asks": [{"price": "0.99", "size": "116.9"}, {"price": "0.98", "size": "36.54"}, {"price": "0.97", "size": "5.47"}], "event_type": "book", "last_trade_price": ""}, {"market": "0xcbe64e1c4b513e7d187b06f9e7baa16b9f5e85d34b6bbd15f325c0bd74aba779", "asset_id": "50913395947750174172704976418372819999960124151188438388335374497019542146705", "timestamp": "1769384255583", "hash": "a6ed7499c2db65691f25460741649e45fc8992a2", "bids": [{"price": "0.01", "size": "100"}, {"price": "0.02", "size": "45"}, {"price": "0.3", "size": "10"}], "asks": [{"price": "0.99", "size": "116.9"}, {"price": "0.98", "size": "36.54"}, {"price": "0.97", "size": "5.47"}], "event_type": "book", "last_trade_price": ""}, {"market": "0x3a130aaf6ee3dd5d0ef934b9450a7946c5d5f10bebf630101f0b871b1d15395b", "asset_id": "101396851509258948489930914767082565027290776352422605700266269164278020573852", "timestamp": "1769384474277", "hash": "67ec3992ccfea55762296b0f6bcafdbc0212fc54", "bids": [], "asks": [{"price": "0.999", "size": "100009.13"}, {"price": "0.998", "size": "55000"}, {"price": "0.997", "size": "14.79"}, {"price": "0.992", "size": "155"}, {"price": "0.99", "size": "17000"}, {"price": "0.989", "size": "55710"}, {"price": "0.988", "size": "6.6"}, {"price": "0.98", "size": "1000"}, {"price": "0.969", "size": "10100"}, {"price": "0.96", "size": "2000"}, {"price": "0.959", "size": "6.38"}, {"price": "0.92", "size": "155"}, {"price": "0.903", "size": "100"}, {"price": "0.901", "size": "100"}, {"price": "0.9", "size": "500"}, {"price": "0.899", "size": "10000"}, {"price": "0.898", "size": "5000"}, {"price": "0.89", "size": "3000"}, {"price": "0.889", "size": "4500"}, {"price": "0.86", "size": "50"}, {"price": "0.8", "size": "200"}, {"price": "0.73", "size": "200"}, {"price": "0.66", "size": "100"}, {"price": "0.53", "size": "100"}, {"price": "0.51", "size": "100"}, {"price": "0.503", "size": "100"}, {"price": "0.501", "size": "500"}, {"price": "0.5", "size": "440"}, {"price": "0.25", "size": "60"}, {"price": "0.233", "size": "60"}, {"price": "0.232", "size": "53"}, {"price": "0.231", "size": "60"}, {"price": "0.23", "size": "60"}, {"price": "0.14", "size": "1000"}, {"price": "0.12", "size": "99.99"}, {"price": "0.119", "size": "5.47"}, {"price": "0.01", "size": "2041"}, {"price": "0.009", "size": "644"}, {"price": "0.002", "size": "500"}, {"price": "0.001", "size": "1145.1"}], "event_type": "book", "last_trade_price": "0.010"}, {"market": "0x9a363c286d011a0d5badf0c184174392ce02b45f7ceb987d96bee46bb401ce5c", "asset_id": "87120032698710512170244659943277425631440097383593179035312674693556073187922", "timestamp": "1769384251117", "hash": "9c270e31107a86c891eb6a4e4bd4ccb46072b68f", "bids": [{"price": "0.01", "size": "125.01"}, {"price": "0.02", "size": "32.49"}], "asks": [{"price": "0.99", "size": "116.9"}, {"price": "0.98", "size": "36.54"}, {"price": "0.97", "size": "5.47"}], "event_type": "book", "last_trade_price": ""}, {"market": "0xf80e67d41b33b4ac68bee61545f11e1b4bb9c1e72171fac1d07e46341f2c5f74", "asset_id": "71253816975928519622959511322907953146334486783788616515794752675338987930961", "timestamp": "1769384251102", "hash": "9c6153ab78f0c14bccf0e6ee9f14b30040bb6ddd", "bids": [{"price": "0.01", "size": "99.99"}, {"price": "0.02", "size": "45"}, {"price": "0.27", "size": "50"}], "asks": [{"price": "0.99", "size": "95.53"}, {"price": "0.98", "size": "47.23"}, {"price": "0.48", "size": "50"}], "event_type": "book", "last_trade_price": ""}, {"market": "0x9005e0aa0a60343e9fbeb8981be00b254c0ea21e92f27d7dc8d5050945854610", "asset_id": "115414241392831582281046574660367643078135863632489954507378202896482992358949", "timestamp": "1769383690465", "hash": "cb5526c628f80f7448307ca72eed0b166b2875d5", "bids": [{"price": "0.01", "size": "125.01"}, {"price": "0.02", "size": "37.96"}], "asks": [{"price": "0.99", "size": "125.01"}, {"price": "0.98", "size": "32.49"}], "event_type": "book", "last_trade_price": ""}, {"market": "0x927ba583ccd2197307085d98209b2d3462d49f3dde2a806d05a994f2bfcfb701", "asset_id": "8491948869003153677854091056477922737880117499788948933057579143199962323248", "timestamp": "1769384466458", "hash": "2847d46472fbc6fc39493694dead730aeecf6130", "bids": [{"price": "0.01", "size": "99.99"}, {"price": "0.02", "size": "45"}, {"price": "0.5", "size": "132.29"}, {"price": "0.52", "size": "500"}, {"price": "0.53", "size": "17.83"}, {"price": "0.69", "size": "8.21"}, {"price": "0.7", "size": "5.47"}], "asks": [{"price": "0.99", "size": "13.63"}], "event_type": "book", "last_trade_price": "0.020"}, {"market": "0x02011d6a742abcf398c633b99946ba9bf9de3c037ab0291620232a1a20b17dbf", "asset_id": "108523798740267670862576876622728292388286302974062816767271618739105469948751", "timestamp": "1769384254550", "hash": "deb310931a83bddd7641eb0b62a96b27517d645e", "bids": [{"price": "0.01", "size": "116.91"}, {"price": "0.02", "size": "17.51"}, {"price": "0.03", "size": "18.15"}], "asks": [{"price": "0.99", "size": "125.01"}, {"price": "0.98", "size": "32.49"}], "event_type": "book", "last_trade_price": ""}, {"market": "0x0bf9f54b438a3cd35e280d17eda2d9219161cee8f80080f6e5ba96190122974f", "asset_id": "32055259279168419833208260279475805525632630214134985224331252905491649256481", "timestamp": "1769384455040", "hash": "bf7eaef205b75fda111cef67a0fb9e8ec5726252", "bids": [{"price": "0.01", "size": "39.78"}, {"price": "0.02", "size": "11.86"}, {"price": "0.1", "size": "200"}, {"price": "0.11", "size": "5.59"}, {"price": "0.66", "size": "100"}, {"price": "0.67", "size": "63"}], "asks": [{"price": "0.99", "size": "61.99"}, {"price": "0.98", "size": "15.98"}, {"price": "0.9", "size": "200"}, {"price": "0.76", "size": "79"}], "event_type": "book", "last_trade_price": "0.730"}, {"market": "0xcc9170ce8290d2ebe3d9f6b3698d361165a27a2b5ad89c22c905718692f429fe", "asset_id": "11463054025649924286971706864761438723351274334713338459366248085573812817348", "timestamp": "1769383685830", "hash": "c5bf729a93e5a7cf68f4922a5df92ab1d821f7cc", "bids": [{"price": "0.01", "size": "125.01"}, {"price": "0.02", "size": "32.49"}], "asks": [{"price": "0.99", "size": "116.9"}, {"price": "0.98", "size": "36.54"}, {"price": "0.97", "size": "5.47"}], "event_type": "book", "last_trade_price": ""}, {"market": "0xf8ed34a7294b275b3d0ecaf6d435978a30e30f15c094bd2514bb5ab5c2e636bc", "asset_id": "50932048206028870456700726153513654752595951899093804448373585532803357505423", "timestamp": "1769384254550", "hash": "c0cfeb10127148f60de2968b3527950c4e8abc63", "bids": [{"price": "0.01", "size": "125.01"}, {"price": "0.02", "size": "32.49"}], "asks": [{"price": "0.99", "size": "116.9"}, {"price": "0.98", "size": "36.54"}, {"price": "0.97", "size": "5.47"}], "event_type": "book", "last_trade_price": ""}, {"market": "0xe8bed89a5cb20cd93e2162cf94ef3004017148df8a07f1a42c5370e8408f7a92", "asset_id": "71435779320754143275714370169895905321632017191762206261153592524042264094133", "timestamp": "1769384251102", "hash": "40cf909d3d1023f5a90cad870f818733660c5d23", "bids": [{"price": "0.01", "size": "125.01"}, {"price": "0.02", "size": "37.96"}], "asks": [{"price": "0.99", "size": "125.01"}, {"price": "0.98", "size": "32.49"}], "event_type": "book", "last_trade_price": ""}, {"market": "0xe8d51d55115e4870f017fea94e6d237ad2bf5745805f8353fe2539771e43d9f1", "asset_id": "110012504176723772608274539884901798881193384737214604940197959574201548908580", "timestamp": "1769384130002", "hash": "eada7cbf3aa24abf1e32189398096c819d8cdd56", "bids": [{"price": "0.01", "size": "100"}, {"price": "0.02", "size": "44.99"}, {"price": "0.58", "size": "50"}], "asks": [{"price": "0.99", "size": "99.99"}, {"price": "0.98", "size": "45"}, {"price": "0.79", "size": "50"}], "event_type": "book", "last_trade_price": "0.500"}, {"market": "0xf80e67d41b33b4ac68bee61545f11e1b4bb9c1e72171fac1d07e46341f2c5f74", "asset_id": "31566692707504498949047229778746901483704970138029109237000844064590385118854", "timestamp": "1769384251102", "hash": "50a78a1fc0f6ab3316581b9d17925dab946948cd", "bids": [{"price": "0.01", "size": "95.53"}, {"price": "0.02", "size": "47.23"}, {"price": "0.52", "size": "50"}], "asks": [{"price": "0.99", "size": "99.99"}, {"price": "0.98", "size": "45"}, {"price": "0.73", "size": "50"}], "event_type": "book", "last_trade_price": ""}, {"market": "0x092159b3543bb1bd6f934210527f875cbb14884465f61cf9c6aef91436642b11", "asset_id": "60021491398708450986084678927070948645876810064092286796594779289116359890267", "timestamp": "1769384485204", "hash": "4a3c919bcd2fea0dc12dc4c92403c4db6db3a489", "bids": [{"price": "0.01", "size": "32.1"}, {"price": "0.02", "size": "100"}], "asks": [{"price": "0.99", "size": "100"}, {"price": "0.98", "size": "44.99"}, {"price": "0.5", "size": "132.29"}, {"price": "0.49", "size": "300"}, {"price": "0.2", "size": "122.96"}, {"price": "0.19", "size": "6.86"}, {"price": "0.17", "size": "6.03"}, {"price": "0.169", "size": "5.47"}], "event_type": "book", "last_trade_price": "0.020"}, {"market": "0xf8ed34a7294b275b3d0ecaf6d435978a30e30f15c094bd2514bb5ab5c2e636bc", "asset_id": "11749054968234115437209849193890631881264402480404612737395162188195873462971", "timestamp": "1769384254550", "hash": "7cf12dfc1d1b6c8917d4c7f0aad0d9784197ae44", "bids": [{"price": "0.01", "size": "116.9"}, {"price": "0.02", "size": "36.54"}, {"price": "0.03", "size": "5.47"}], "asks": [{"price": "0.99", "size": "125.01"}, {"price": "0.98", "size": "32.49"}], "event_type": "book", "last_trade_price": ""}, {"market": "0xa4b203b8926a7c84cb676afa1d02e3c85d8a7601d454a8aa4f72ab9d7afa13eb", "asset_id": "41062791290642017369125281118711155809918233477769251050725317130251001157382", "timestamp": "1769383690101", "hash": "6a55a014d04879dc55e42f47b9a119031108ff9a", "bids": [{"price": "0.01", "size": "125.01"}, {"price": "0.02", "size": "32.49"}], "asks": [{"price": "0.99", "size": "125.01"}, {"price": "0.98", "size": "37.96"}], "event_type": "book", "last_trade_price": "0.450"}, {"market": "0x7e3beb562abe18e049f78833d59bc173fcc4d43615d06c708deacae8caf9d847", "asset_id": "84385758903761958279412292804927007276390551109422606530311636529114546364644", "timestamp": "1769384255889", "hash": "859193c07dc4d23176081722835b47b548dc7585", "bids": [{"price": "0.01", "size": "125.01"}, {"price": "0.02", "size": "32.49"}], "asks": [{"price": "0.99", "size": "116.92"}, {"price": "0.98", "size": "36.54"}, {"price": "0.97", "size": "5.47"}], "event_type": "book", "last_trade_price": ""}, {"market": "0xb5344acfbad73af8f7ee9677d69db923c6c616c5e8c9685f6c77dce78a94feaf", "asset_id": "59687791183468452334137817846794160045984158913966832690881143275696747536523", "timestamp": "1769384073952", "hash": "2986a10e3b02627d5e1468f6c604196d01e01ca3", "bids": [{"price": "0.001", "size": "49.68"}, {"price": "0.002", "size": "15"}, {"price": "0.01", "size": "90"}, {"price": "0.011", "size": "8.01"}, {"price": "0.03", "size": "165.96"}, {"price": "0.031", "size": "6.28"}, {"price": "0.08", "size": "100"}, {"price": "0.081", "size": "8.24"}, {"price": "0.14", "size": "50"}, {"price": "0.2", "size": "200"}, {"price": "0.27", "size": "200"}, {"price": "0.34", "size": "100"}, {"price": "0.66", "size": "250"}, {"price": "0.76", "size": "250"}, {"price": "0.86", "size": "250"}, {"price": "0.96", "size": "250"}, {"price": "0.99", "size": "2566"}, {"price": "0.991", "size": "5.47"}, {"price": "0.999", "size": "749.63"}], "asks": [], "event_type": "book", "last_trade_price": "0.999"}, {"market": "0xabc09c89e12438415f73d64b28afa02e57e95bfa009be9801f85a538d2173f13", "asset_id": "308282058560027809404023789651916267413792405172544153818594002097414990657", "timestamp": "1769384252046", "hash": "75b762df672227bf18f93d619b89e16d44757c8d", "bids": [{"price": "0.01", "size": "100"}, {"price": "0.02", "size": "45"}, {"price": "0.45", "size": "50"}], "asks": [{"price": "0.99", "size": "95.09"}, {"price": "0.98", "size": "47.45"}, {"price": "0.66", "size": "50"}], "event_type": "book", "last_trade_price": ""}, {"market": "0xd831eb1d4197ba9c5e91c4aee9fd7532dfefa1b241cdbfea717daf884a6eeed2", "asset_id": "92788450238362440381044200607931201680643932329384831889603391790947605749813", "timestamp": "1769384465053", "hash": "95a9a28a0cfc3a62ac20f527d61ecca139c64100", "bids": [{"price": "0.001", "size": "100009.13"}, {"price": "0.002", "size": "55000"}, {"price": "0.003", "size": "14.79"}, {"price": "0.008", "size": "155"}, {"price": "0.01", "size": "17090"}, {"price": "0.011", "size": "55710"}, {"price": "0.012", "size": "10.84"}, {"price": "0.02", "size": "1000"}, {"price": "0.031", "size": "10100"}, {"price": "0.04", "size": "2000"}, {"price": "0.041", "size": "6.07"}, {"price": "0.08", "size": "155"}, {"price": "0.097", "size": "100"}, {"price": "0.099", "size": "100"}, {"price": "0.1", "size": "500"}, {"price": "0.101", "size": "10000"}, {"price": "0.102", "size": "5000"}, {"price": "0.11", "size": "3000"}, {"price": "0.111", "size": "4500"}, {"price": "0.14", "size": "50"}, {"price": "0.2", "size": "200"}, {"price": "0.27", "size": "200"}, {"price": "0.34", "size": "100"}, {"price": "0.47", "size": "100"}, {"price": "0.49", "size": "100"}, {"price": "0.497", "size": "100"}, {"price": "0.499", "size": "500"}, {"price": "0.5", "size": "440"}, {"price": "0.75", "size": "60"}, {"price": "0.767", "size": "60"}, {"price": "0.768", "size": "53"}, {"price": "0.769", "size": "60"}, {"price": "0.77", "size": "114.76"}, {"price": "0.771", "size": "101"}, {"price": "0.772", "size": "5.47"}, {"price": "0.99", "size": "41"}, {"price": "0.991", "size": "500"}, {"price": "0.998", "size": "500"}, {"price": "0.999", "size": "1145.1"}], "asks": [], "event_type": "book", "last_trade_price": "0.010"}, {"market": "0xf3176dcf0a4e9c45b9667ab5532a512d6ebd09a2d4d293ee1cd222dc0ba166dd", "asset_id": "107148713226471138621083915552030616335001150596668033166786006337828497021991", "timestamp": "1769384255889", "hash": "fafbf0e4582493223ea6a9e7d1621fd929cb1de4", "bids": [{"price": "0.01", "size": "125.01"}, {"price": "0.02", "size": "32.49"}], "asks": [{"price": "0.99", "size": "99.99"}, {"price": "0.98", "size": "45"}, {"price": "0.97", "size": "5.47"}, {"price": "0.7", "size": "10"}], "event_type": "book", "last_trade_price": ""}, {"market": "0x3a130aaf6ee3dd5d0ef934b9450a7946c5d5f10bebf630101f0b871b1d15395b", "asset_id": "47149831072701722791023991324374026734047972918221099332920092828412847143514", "timestamp": "1769384474277", "hash": "87a006892a74b30a30825be25ba3f046a86e3364", "bids": [{"price": "0.001", "size": "100009.13"}, {"price": "0.002", "size": "55000"}, {"price": "0.003", "size": "14.79"}, {"price": "0.008", "size": "155"}, {"price": "0.01", "size": "17000"}, {"price": "0.011", "size": "55710"}, {"price": "0.012", "size": "6.6"}, {"price": "0.02", "size": "1000"}, {"price": "0.031", "size": "10100"}, {"price": "0.04", "size": "2000"}, {"price": "0.041", "size": "6.38"}, {"price": "0.08", "size": "155"}, {"price": "0.097", "size": "100"}, {"price": "0.099", "size": "100"}, {"price": "0.1", "size": "500"}, {"price": "0.101", "size": "10000"}, {"price": "0.102", "size": "5000"}, {"price": "0.11", "size": "3000"}, {"price": "0.111", "size": "4500"}, {"price": "0.14", "size": "50"}, {"price": "0.2", "size": "200"}, {"price": "0.27", "size": "200"}, {"price": "0.34", "size": "100"}, {"price": "0.47", "size": "100"}, {"price": "0.49", "size": "100"}, {"price": "0.497", "size": "100"}, {"price": "0.499", "size": "500"}, {"price": "0.5", "size": "440"}, {"price": "0.75", "size": "60"}, {"price": "0.767", "size": "60"}, {"price": "0.768", "size": "53"}, {"price": "0.769", "size": "60"}, {"price": "0.77", "size": "60"}, {"price": "0.86", "size": "1000"}, {"price": "0.88", "size": "99.99"}, {"price": "0.881", "size": "5.47"}, {"price": "0.99", "size": "2041"}, {"price": "0.991", "size": "644"}, {"price": "0.998", "size": "500"}, {"price": "0.999", "size": "1145.1"}], "asks": [], "event_type": "book", "last_trade_price": "0.010"}, {"market": "0x3f8ac484750fc8ba5f4ff4b85f20ab91f4dd3fa5b4b9c1e31bf4b9e01e14f5d8", "asset_id": "31671140010670921814597496593643510093558637426261841032441511411696552410565", "timestamp": "1769384105232", "hash": "a9dcdd64f7337a09d3509b1e80150202fc93e0a4", "bids": [{"price": "0.01", "size": "125.01"}, {"price": "0.02", "size": "37.96"}], "asks": [{"price": "0.99", "size": "90"}, {"price": "0.98", "size": "32.49"}], "event_type": "book", "last_trade_price": ""}, {"market": "0x636d54dbe470f75461300274c03da95da54696758fd421db3828f0dd1f045164", "asset_id": "95205383349875715201411301100665188454092404886919912444380230078783498615866", "timestamp": "1769384405016", "hash": "27af2ad1740233bbf847922327a9af470ce80985", "bids": [{"price": "0.01", "size": "100"}, {"price": "0.02", "size": "44.99"}, {"price": "0.36", "size": "50"}], "asks": [{"price": "0.99", "size": "99.99"}, {"price": "0.98", "size": "45"}, {"price": "0.57", "size": "50"}], "event_type": "book", "last_trade_price": "0.470"}, {"market": "0x51cb898723da78d598c19adffcb24d0c73e2a2f24ad914d690ec248bfad4fdc7", "asset_id": "45265818972831889508938652282660261022441855388766464448040902986195041732100", "timestamp": "1769384212293", "hash": "12f2f68c061d8e47649170cf6b1007a486136651", "bids": [{"price": "0.001", "size": "49.81"}, {"price": "0.002", "size": "15.1"}, {"price": "0.01", "size": "90"}, {"price": "0.011", "size": "8.44"}, {"price": "0.02", "size": "5.47"}, {"price": "0.03", "size": "100"}, {"price": "0.031", "size": "6.25"}, {"price": "0.08", "size": "100"}, {"price": "0.081", "size": "8.19"}, {"price": "0.14", "size": "50"}, {"price": "0.2", "size": "200"}, {"price": "0.27", "size": "200"}, {"price": "0.34", "size": "100"}, {"price": "0.66", "size": "250"}, {"price": "0.76", "size": "250"}, {"price": "0.86", "size": "250"}, {"price": "0.96", "size": "250"}, {"price": "0.961", "size": "37.5"}, {"price": "0.98", "size": "20"}, {"price": "0.981", "size": "30"}, {"price": "0.99", "size": "2516"}, {"price": "0.999", "size": "647.6"}], "asks": [], "event_type": "book", "last_trade_price": "0.999"}, {"market": "0x4dbc567b40124eb91d6e41631e1e1d0b6485852cde34b5892b1d4cf7f35401ea", "asset_id": "28048883568577507134873820123063651287782692240247564686012074775959160504533", "timestamp": "1769384304912", "hash": "d52bec0926920af3e04dfd028f70af3de3f2f177", "bids": [{"price": "0.01", "size": "98.38"}, {"price": "0.02", "size": "35.21"}, {"price": "0.03", "size": "5.47"}], "asks": [{"price": "0.99", "size": "125.02"}, {"price": "0.98", "size": "32.49"}], "event_type": "book", "last_trade_price": ""}, {"market": "0x865398cd2e1a8ffe0b5a7cc11532e184282052ad48560b8a7c726c627d75c2ba", "asset_id": "95788202303824214569847222971818320167807943698507730086717598693905662910549", "timestamp": "1769384255583", "hash": "6ee1daa24633a087713a6c52339f51dce5937a5a", "bids": [{"price": "0.01", "size": "116.9"}, {"price": "0.02", "size": "36.54"}, {"price": "0.03", "size": "5.47"}], "asks": [{"price": "0.99", "size": "125.01"}, {"price": "0.98", "size": "32.49"}], "event_type": "book", "last_trade_price": ""}, {"market": "0x39b14b8c5c3d109643047ddb5984e3d912a59b6f8bc717239076216c7dc5bd32", "asset_id": "25503132391390544211384389220263160633728586651382273816925739872004107467188", "timestamp": "1769383849526", "hash": "43b19cc89fe353b104019a89d0f8e3fbaa22446e", "bids": [], "asks": [{"price": "0.999", "size": "49.68"}, {"price": "0.998", "size": "15"}, {"price": "0.99", "size": "90"}, {"price": "0.989", "size": "8.38"}, {"price": "0.97", "size": "105.47"}, {"price": "0.969", "size": "6.25"}, {"price": "0.96", "size": "5.47"}, {"price": "0.92", "size": "100"}, {"price": "0.919", "size": "8.19"}, {"price": "0.86", "size": "50"}, {"price": "0.8", "size": "200"}, {"price": "0.73", "size": "200"}, {"price": "0.66", "size": "100"}, {"price": "0.34", "size": "250"}, {"price": "0.24", "size": "250"}, {"price": "0.14", "size": "250"}, {"price": "0.04", "size": "250"}, {"price": "0.02", "size": "20"}, {"price": "0.019", "size": "5.47"}, {"price": "0.01", "size": "2470.53"}, {"price": "0.001", "size": "800"}], "event_type": "book", "last_trade_price": "0.010"}, {"market": "0xe9782728561b9b4149e833854ccfb407cc33f1aa8091d177f15106c5365fb99a", "asset_id": "68117334369937532712076673649535766983027848786431071694620517422994901341010", "timestamp": "1769384479851", "hash": "821cca9d5b34f069d7ab992db56546b43b83da6b", "bids": [], "asks": [{"price": "0.999", "size": "100009.13"}, {"price": "0.998", "size": "55000"}, {"price": "0.997", "size": "14.79"}, {"price": "0.992", "size": "155"}, {"price": "0.99", "size": "17090"}, {"price": "0.989", "size": "55710"}, {"price": "0.988", "size": "7.28"}, {"price": "0.98", "size": "1000"}, {"price": "0.969", "size": "10100"}, {"price": "0.96", "size": "2000"}, {"price": "0.959", "size": "6.32"}, {"price": "0.92", "size": "155"}, {"price": "0.903", "size": "100"}, {"price": "0.901", "size": "100"}, {"price": "0.9", "size": "500"}, {"price": "0.899", "size": "10100"}, {"price": "0.898", "size": "5000"}, {"price": "0.89", "size": "3000"}, {"price": "0.889", "size": "5.39"}, {"price": "0.86", "size": "50"}, {"price": "0.799", "size": "4864"}, {"price": "0.73", "size": "200"}, {"price": "0.66", "size": "100"}, {"price": "0.53", "size": "100"}, {"price": "0.51", "size": "100"}, {"price": "0.503", "size": "100"}, {"price": "0.501", "size": "500"}, {"price": "0.5", "size": "440"}, {"price": "0.25", "size": "60"}, {"price": "0.233", "size": "60"}, {"price": "0.232", "size": "53"}, {"price": "0.231", "size": "60"}, {"price": "0.23", "size": "60"}, {"price": "0.229", "size": "5.47"}, {"price": "0.01", "size": "2015.26"}, {"price": "0.009", "size": "644"}, {"price": "0.008", "size": "130.38"}, {"price": "0.005", "size": "25"}, {"price": "0.004", "size": "37.5"}, {"price": "0.002", "size": "500"}, {"price": "0.001", "size": "1933.06"}], "event_type": "book", "last_trade_price": "0.001"}, {"market": "0xcbe64e1c4b513e7d187b06f9e7baa16b9f5e85d34b6bbd15f325c0bd74aba779", "asset_id": "91731980601510662918716554575307432918641450456244456049327598721926448377248", "timestamp": "1769384255583", "hash": "f3f7cc07ea5ab5be176791b0c578ca9aff2d24df", "bids": [{"price": "0.01", "size": "116.9"}, {"price": "0.02", "size": "36.54"}, {"price": "0.03", "size": "5.47"}], "asks": [{"price": "0.99", "size": "100"}, {"price": "0.98", "size": "45"}, {"price": "0.7", "size": "10"}], "event_type": "book", "last_trade_price": ""}, {"market": "0xa652ed627fd1764a0a5f3f91dfe17dfc5ac0675594442c42e9f562a7ca321519", "asset_id": "65926035249198056116295849126657400997569020069691277937632772284357954401894", "timestamp": "1769384303584", "hash": "4a14963ece9900decc0f92a07ce212a3c075f4ce", "bids": [{"price": "0.01", "size": "40.42"}, {"price": "0.02", "size": "6.33"}, {"price": "0.1", "size": "200"}, {"price": "0.11", "size": "5.49"}, {"price": "0.58", "size": "79"}], "asks": [{"price": "0.99", "size": "87.48"}, {"price": "0.98", "size": "6.87"}, {"price": "0.9", "size": "200"}, {"price": "0.69", "size": "79"}], "event_type": "book", "last_trade_price": "0.760"}, {"market": "0x3481f2e35e0b0cfa96399847666e53f6b29a6d6a8e89a93ff987492d5f4842ed", "asset_id": "108972891593069030083752743461015206346722036888065124430460930102641682297891", "timestamp": "1769384257897", "hash": "17d97e10c3621e228c9801e75c0010792db644b0", "bids": [{"price": "0.01", "size": "115.64"}, {"price": "0.02", "size": "19.16"}], "asks": [{"price": "0.99", "size": "109"}, {"price": "0.98", "size": "25.32"}, {"price": "0.96", "size": "505"}, {"price": "0.95", "size": "11.54"}], "event_type": "book", "last_trade_price": "0.520"}, {"market": "0xb3ec26f27e451dae6a682b4b542ae9dce9780376a84050517686092d19ce8496", "asset_id": "115620534712252316651010274101268457890769386082606979150790542199380082262349", "timestamp": "1769384479851", "hash": "c772c209618416c50f707135b0d0c815faeb6419", "bids": [{"price": "0.001", "size": "100009.13"}, {"price": "0.002", "size": "55000"}, {"price": "0.003", "size": "14.79"}, {"price": "0.008", "size": "155"}, {"price": "0.01", "size": "17000"}, {"price": "0.011", "size": "55715.47"}, {"price": "0.012", "size": "10.84"}, {"price": "0.02", "size": "1000"}, {"price": "0.031", "size": "10100"}, {"price": "0.04", "size": "2000"}, {"price": "0.041", "size": "6"}, {"price": "0.08", "size": "155"}, {"price": "0.097", "size": "100"}, {"price": "0.099", "size": "100"}, {"price": "0.1", "size": "500"}, {"price": "0.101", "size": "10000"}, {"price": "0.102", "size": "5000"}, {"price": "0.11", "size": "3000"}, {"price": "0.111", "size": "4500"}, {"price": "0.112", "size": "5.08"}, {"price": "0.14", "size": "50"}, {"price": "0.2", "size": "200"}, {"price": "0.27", "size": "200"}, {"price": "0.34", "size": "100"}, {"price": "0.47", "size": "100"}, {"price": "0.49", "size": "100"}, {"price": "0.497", "size": "100"}, {"price": "0.499", "size": "500"}, {"price": "0.5", "size": "440"}, {"price": "0.75", "size": "60"}, {"price": "0.767", "size": "60"}, {"price": "0.768", "size": "53"}, {"price": "0.769", "size": "60"}, {"price": "0.77", "size": "60"}, {"price": "0.771", "size": "31.12"}, {"price": "0.99", "size": "2016"}, {"price": "0.991", "size": "644"}, {"price": "0.995", "size": "25"}, {"price": "0.998", "size": "505.47"}, {"price": "0.999", "size": "1195.29"}], "asks": [], "event_type": "book", "last_trade_price": "0.999"}, {"market": "0x51cb898723da78d598c19adffcb24d0c73e2a2f24ad914d690ec248bfad4fdc7", "asset_id": "84243612251587312112525754532046288066923646883020738140978966964340952903747", "timestamp": "1769384212293", "hash": "384287abd3e4ee0c79f8707bf72b2c7c3e4030f0", "bids": [], "asks": [{"price": "0.999", "size": "49.81"}, {"price": "0.998", "size": "15.1"}, {"price": "0.99", "size": "90"}, {"price": "0.989", "size": "8.44"}, {"price": "0.98", "size": "5.47"}, {"price": "0.97", "size": "100"}, {"price": "0.969", "size": "6.25"}, {"price": "0.92", "size": "100"}, {"price": "0.919", "size": "8.19"}, {"price": "0.86", "size": "50"}, {"price": "0.8", "size": "200"}, {"price": "0.73", "size": "200"}, {"price": "0.66", "size": "100"}, {"price": "0.34", "size": "250"}, {"price": "0.24", "size": "250"}, {"price": "0.14", "size": "250"}, {"price": "0.04", "size": "250"}, {"price": "0.039", "size": "37.5"}, {"price": "0.02", "size": "20"}, {"price": "0.019", "size": "30"}, {"price": "0.01", "size": "2516"}, {"price": "0.001", "size": "647.6"}], "event_type": "book", "last_trade_price": "0.999"}, {"market": "0xb2e9926755cbdc9d6b804b98649036520f90c59689e7d411b8b220016e37ded5", "asset_id": "80427580757537678555505509783740729410820775662749583801499843284177863394538", "timestamp": "1769384251102", "hash": "965e3eee6e93892073910b9324017b12bb5529cc", "bids": [{"price": "0.01", "size": "99.01"}, {"price": "0.02", "size": "45.49"}, {"price": "0.47", "size": "50"}], "asks": [{"price": "0.99", "size": "95.17"}, {"price": "0.98", "size": "47.41"}, {"price": "0.68", "size": "50"}], "event_type": "book", "last_trade_price": ""}, {"market": "0xcc9170ce8290d2ebe3d9f6b3698d361165a27a2b5ad89c22c905718692f429fe", "asset_id": "29772188037527448114338468257668109290831835079986386657003379569482864084921", "timestamp": "1769383685830", "hash": "098a796a1c110de08e4002c1355bace086203661", "bids": [{"price": "0.01", "size": "116.9"}, {"price": "0.02", "size": "36.54"}, {"price": "0.03", "size": "5.47"}], "asks": [{"price": "0.99", "size": "125.01"}, {"price": "0.98", "size": "32.49"}], "event_type": "book", "last_trade_price": ""}, {"market": "0xd9d82754171820f18d04c0fe75c5b040d49ffc6947c878d1ca2dc56d78c63780", "asset_id": "20177399444992523184925603539593289280701993328659961898985956650639807836037", "timestamp": "1769384252996", "hash": "6da65c0609687f21c28d2e4d5099142443832331", "bids": [{"price": "0.01", "size": "125.01"}, {"price": "0.02", "size": "32.49"}], "asks": [{"price": "0.99", "size": "116.9"}, {"price": "0.98", "size": "36.54"}, {"price": "0.97", "size": "5.47"}], "event_type": "book", "last_trade_price": ""}, {"market": "0x39b14b8c5c3d109643047ddb5984e3d912a59b6f8bc717239076216c7dc5bd32", "asset_id": "62421527192632722130341267604895872264949169801894170750907981974949443488957", "timestamp": "1769383849526", "hash": "ef8ac3554900c356ad8233bd9411026a4837c04b", "bids": [{"price": "0.001", "size": "49.68"}, {"price": "0.002", "size": "15"}, {"price": "0.01", "size": "90"}, {"price": "0.011", "size": "8.38"}, {"price": "0.03", "size": "105.47"}, {"price": "0.031", "size": "6.25"}, {"price": "0.04", "size": "5.47"}, {"price": "0.08", "size": "100"}, {"price": "0.081", "size": "8.19"}, {"price": "0.14", "size": "50"}, {"price": "0.2", "size": "200"}, {"price": "0.27", "size": "200"}, {"price": "0.34", "size": "100"}, {"price": "0.66", "size": "250"}, {"price": "0.76", "size": "250"}, {"price": "0.86", "size": "250"}, {"price": "0.96", "size": "250"}, {"price": "0.98", "size": "20"}, {"price": "0.981", "size": "5.47"}, {"price": "0.99", "size": "2470.53"}, {"price": "0.999", "size": "800"}], "asks": [], "event_type": "book", "last_trade_price": "0.010"}, {"market": "0xe8bed89a5cb20cd93e2162cf94ef3004017148df8a07f1a42c5370e8408f7a92", "asset_id": "10318822010512748198950125626382256959109286692119693795753686368309527301553", "timestamp": "1769384251102", "hash": "fc46afaf0c612c220c33201bf0354ef2c7b48224", "bids": [{"price": "0.01", "size": "125.01"}, {"price": "0.02", "size": "32.49"}], "asks": [{"price": "0.99", "size": "125.01"}, {"price": "0.98", "size": "37.96"}], "event_type": "book", "last_trade_price": ""}, {"market": "0x3f8ac484750fc8ba5f4ff4b85f20ab91f4dd3fa5b4b9c1e31bf4b9e01e14f5d8", "asset_id": "38487634797813420414019285811002348688786397212928889421840141991456735823354", "timestamp": "1769384105232", "hash": "ab44490b46919dabc946e7b2f7628dd000f63d58", "bids": [{"price": "0.01", "size": "90"}, {"price": "0.02", "size": "32.49"}], "asks": [{"price": "0.99", "size": "125.01"}, {"price": "0.98", "size": "37.96"}], "event_type": "book", "last_trade_price": ""}, {"market": "0x02011d6a742abcf398c633b99946ba9bf9de3c037ab0291620232a1a20b17dbf", "asset_id": "81535314512752326725803431265558041181319574711126285636742701599098431917377", "timestamp": "1769384254550", "hash": "a9416d932b96d43748b34b160b5b2ef84eccbc0c", "bids": [{"price": "0.01", "size": "125.01"}, {"price": "0.02", "size": "32.49"}], "asks": [{"price": "0.99", "size": "116.91"}, {"price": "0.98", "size": "17.51"}, {"price": "0.97", "size": "18.15"}], "event_type": "book", "last_trade_price": ""}, {"market": "0x099fce1c2c40eb4acd3ce1dfbad1a9f8db8a82ec5b6bda852ace239e8337442d", "asset_id": "96056379884778942003484159224370672817727549575335119351063403511400081616833", "timestamp": "1769384347230", "hash": "90102fbeb1bfc79c4b80023cec826063288aa60d", "bids": [{"price": "0.01", "size": "90"}, {"price": "0.02", "size": "32.49"}, {"price": "0.2", "size": "5"}], "asks": [{"price": "0.99", "size": "116.9"}, {"price": "0.98", "size": "36.54"}, {"price": "0.97", "size": "5.47"}], "event_type": "book", "last_trade_price": "0.030"}, {"market": "0x08792f718930434e0b78540021be94b96ba0a6ba2db2fd08f7d786d8bbb08490", "asset_id": "3392074221543010505163776856847910675901226863798182782462835874494667034313", "timestamp": "1769384256534", "hash": "3cd7bddaa8b2500b600d12c25c6fcdba798ba10d", "bids": [{"price": "0.01", "size": "125.01"}, {"price": "0.02", "size": "37.49"}], "asks": [{"price": "0.99", "size": "116.9"}, {"price": "0.98", "size": "36.54"}, {"price": "0.97", "size": "5.47"}], "event_type": "book", "last_trade_price": "0.060"}, {"market": "0x7e3beb562abe18e049f78833d59bc173fcc4d43615d06c708deacae8caf9d847", "asset_id": "89691616669419802548425110468251001960424923634276694837438505989860420349178", "timestamp": "1769384255889", "hash": "99ee3a66f3264ad416cd0667646290a538125e1f", "bids": [{"price": "0.01", "size": "116.92"}, {"price": "0.02", "size": "36.54"}, {"price": "0.03", "size": "5.47"}], "asks": [{"price": "0.99", "size": "125.01"}, {"price": "0.98", "size": "32.49"}], "event_type": "book", "last_trade_price": ""}, {"market": "0xbfa9e05ce8f4099a9ee06b13f4180d98d51275a55bf74fb3163ace75b8ef3d81", "asset_id": "45962310933580092354414017376904186013522643922858423817223847477500339946685", "timestamp": "1769384254551", "hash": "ce86ba01e82409dd0bea68c84bea5eb06dbe7a66", "bids": [{"price": "0.01", "size": "116.9"}, {"price": "0.02", "size": "36.54"}, {"price": "0.03", "size": "5.47"}], "asks": [{"price": "0.99", "size": "123.74"}, {"price": "0.98", "size": "33.12"}], "event_type": "book", "last_trade_price": ""}, {"market": "0x0ad7bfefa1318072a7718199b97c81e3815c013987400910ec4f341eab657163", "asset_id": "22548266195851269689477719506198642269528767995990837775232261605151563451942", "timestamp": "1769384493018", "hash": "ad4c52471b170418b84b9e2d1b4bc7aa7ac5e808", "bids": [{"price": "0.01", "size": "3766"}, {"price": "0.02", "size": "1305.05"}, {"price": "0.03", "size": "1600"}, {"price": "0.04", "size": "157.14"}, {"price": "0.05", "size": "150"}, {"price": "0.06", "size": "2150"}, {"price": "0.07", "size": "150"}, {"price": "0.08", "size": "508.77"}, {"price": "0.1", "size": "60"}, {"price": "0.11", "size": "5.12"}, {"price": "0.15", "size": "525"}, {"price": "0.22", "size": "100"}, {"price": "0.25", "size": "5"}, {"price": "0.3", "size": "114"}, {"price": "0.32", "size": "29.38"}, {"price": "0.33", "size": "5600"}, {"price": "0.34", "size": "163.93"}, {"price": "0.35", "size": "234.28"}, {"price": "0.36", "size": "4206.88"}, {"price": "0.38", "size": "196.07"}, {"price": "0.39", "size": "3973"}, {"price": "0.4", "size": "3938"}, {"price": "0.41", "size": "15200"}, {"price": "0.42", "size": "5902.39"}, {"price": "0.43", "size": "113679.46"}, {"price": "0.44", "size": "10383.2"}], "asks": [{"price": "0.99", "size": "3698.61"}, {"price": "0.98", "size": "2400"}, {"price": "0.97", "size": "300"}, {"price": "0.96", "size": "155.88"}, {"price": "0.95", "size": "2150"}, {"price": "0.94", "size": "150"}, {"price": "0.93", "size": "150"}, {"price": "0.92", "size": "700"}, {"price": "0.9", "size": "61.02"}, {"price": "0.89", "size": "5.43"}, {"price": "0.86", "size": "850"}, {"price": "0.82", "size": "25"}, {"price": "0.75", "size": "1200"}, {"price": "0.74", "size": "200"}, {"price": "0.7", "size": "49.18"}, {"price": "0.65", "size": "30"}, {"price": "0.6", "size": "30"}, {"price": "0.59", "size": "940"}, {"price": "0.58", "size": "1652.85"}, {"price": "0.56", "size": "5615"}, {"price": "0.54", "size": "195.74"}, {"price": "0.53", "size": "4205"}, {"price": "0.52", "size": "100"}, {"price": "0.5", "size": "82800"}, {"price": "0.49", "size": "3933"}, {"price": "0.48", "size": "20116.2"}, {"price": "0.47", "size": "38607.01"}, {"price": "0.46", "size": "16198.16"}, {"price": "0.45", "size": "39236.46"}], "event_type": "book", "last_trade_price": "0.560"}, {"market": "0x927ba583ccd2197307085d98209b2d3462d49f3dde2a806d05a994f2bfcfb701", "asset_id": "109310163071166791971622977992638495682714829891248785477170633406935750944763", "timestamp": "1769384466458", "hash": "04ff06fc7131ff406f02821998ee8fdcd0c53cce", "bids": [{"price": "0.01", "size": "13.63"}], "asks": [{"price": "0.99", "size": "99.99"}, {"price": "0.98", "size": "45"}, {"price": "0.5", "size": "132.29"}, {"price": "0.48", "size": "500"}, {"price": "0.47", "size": "17.83"}, {"price": "0.31", "size": "8.21"}, {"price": "0.3", "size": "5.47"}], "event_type": "book", "last_trade_price": "0.020"}, {"market": "0x099fce1c2c40eb4acd3ce1dfbad1a9f8db8a82ec5b6bda852ace239e8337442d", "asset_id": "55411423962050569985336089158546353749765541513981743176746867901006932642271", "timestamp": "1769384347230", "hash": "7cedceb89c73fe2b3f878516c4c6fdedb504eab3", "bids": [{"price": "0.01", "size": "116.9"}, {"price": "0.02", "size": "36.54"}, {"price": "0.03", "size": "5.47"}], "asks": [{"price": "0.99", "size": "90"}, {"price": "0.98", "size": "32.49"}, {"price": "0.8", "size": "5"}], "event_type": "book", "last_trade_price": "0.030"}, {"market": "0x3481f2e35e0b0cfa96399847666e53f6b29a6d6a8e89a93ff987492d5f4842ed", "asset_id": "28618211227776711083707041422577230112747556139263338591375779657544868194048", "timestamp": "1769384257897", "hash": "9798d30e2f740cec088086ec10f10d357dbb3fc9", "bids": [{"price": "0.01", "size": "109"}, {"price": "0.02", "size": "25.32"}, {"price": "0.04", "size": "505"}, {"price": "0.05", "size": "11.54"}], "asks": [{"price": "0.99", "size": "115.64"}, {"price": "0.98", "size": "19.16"}], "event_type": "book", "last_trade_price": "0.520"}, {"market": "0xa4b203b8926a7c84cb676afa1d02e3c85d8a7601d454a8aa4f72ab9d7afa13eb", "asset_id": "7634019633268913976886511041252111796622620459649759543474569090565472288967", "timestamp": "1769383690101", "hash": "3940283100156ff87e3f8440c34173bb616c0e0e", "bids": [{"price": "0.01", "size": "125.01"}, {"price": "0.02", "size": "37.96"}], "asks": [{"price": "0.99", "size": "125.01"}, {"price": "0.98", "size": "32.49"}], "event_type": "book", "last_trade_price": "0.450"}, {"market": "0xabc09c89e12438415f73d64b28afa02e57e95bfa009be9801f85a538d2173f13", "asset_id": "108402611992529721740301093683829955793665674602365097327005926367398074589988", "timestamp": "1769384252046", "hash": "8abacd5a489c679ef463c280697ebfa1780a125e", "bids": [{"price": "0.01", "size": "95.09"}, {"price": "0.02", "size": "47.45"}, {"price": "0.34", "size": "50"}], "asks": [{"price": "0.99", "size": "100"}, {"price": "0.98", "size": "45"}, {"price": "0.55", "size": "50"}], "event_type": "book", "last_trade_price": ""}, {"market": "0xe8d51d55115e4870f017fea94e6d237ad2bf5745805f8353fe2539771e43d9f1", "asset_id": "70256180202348471191953474915902731762363777201837273336972208321814219331601", "timestamp": "1769384130002", "hash": "fa29b3f41b7dbbde481d477c802a80fc7abf3ed9", "bids": [{"price": "0.01", "size": "99.99"}, {"price": "0.02", "size": "45"}, {"price": "0.21", "size": "50"}], "asks": [{"price": "0.99", "size": "100"}, {"price": "0.98", "size": "44.99"}, {"price": "0.42", "size": "50"}], "event_type": "book", "last_trade_price": "0.500"}, {"market": "0x9a363c286d011a0d5badf0c184174392ce02b45f7ceb987d96bee46bb401ce5c", "asset_id": "96819704261284524726988763713178139722454238849437571346195594377796354730604", "timestamp": "1769384251117", "hash": "ba32a287c2973faf35ba3ea6b81fc3f14047757a", "bids": [{"price": "0.01", "size": "116.9"}, {"price": "0.02", "size": "36.54"}, {"price": "0.03", "size": "5.47"}], "asks": [{"price": "0.99", "size": "125.01"}, {"price": "0.98", "size": "32.49"}], "event_type": "book", "last_trade_price": ""}, {"market": "0xd9d82754171820f18d04c0fe75c5b040d49ffc6947c878d1ca2dc56d78c63780", "asset_id": "101057760947503743823331695328385420324696006740381715770200541949161490216902", "timestamp": "1769384252996", "hash": "221bc466ea4bfad33290514cf411595b8f709bc8", "bids": [{"price": "0.01", "size": "116.9"}, {"price": "0.02", "size": "36.54"}, {"price": "0.03", "size": "5.47"}], "asks": [{"price": "0.99", "size": "125.01"}, {"price": "0.98", "size": "32.49"}], "event_type": "book", "last_trade_price": ""}, {"market": "0x08792f718930434e0b78540021be94b96ba0a6ba2db2fd08f7d786d8bbb08490", "asset_id": "113941104571752338032639018071909915921585204218036654490829858491543464552227", "timestamp": "1769384256534", "hash": "6eb77e2c404d4a58577284819d2570c0404d3659", "bids": [{"price": "0.01", "size": "116.9"}, {"price": "0.02", "size": "36.54"}, {"price": "0.03", "size": "5.47"}], "asks": [{"price": "0.99", "size": "125.01"}, {"price": "0.98", "size": "37.49"}], "event_type": "book", "last_trade_price": "0.060"}, {"market": "0x9005e0aa0a60343e9fbeb8981be00b254c0ea21e92f27d7dc8d5050945854610", "asset_id": "38237455732019786209662096801237696668047127109522934688396044253840761775791", "timestamp": "1769383690465", "hash": "1150cd329cddda8f6823d9582cfb0e1ffe873a40", "bids": [{"price": "0.01", "size": "125.01"}, {"price": "0.02", "size": "32.49"}], "asks": [{"price": "0.99", "size": "125.01"}, {"price": "0.98", "size": "37.96"}], "event_type": "book", "last_trade_price": ""}, {"market": "0x2ab30b67e3d2c0836d4c83e4628e3634b7c90e16bf90ef4ab99cf705570dff86", "asset_id": "82523585046267232360374090694498661362687012649900982139168026326849119867809", "timestamp": "1769384198385", "hash": "b67acd3f201fc9957d5b08e99e1424d1b4465858", "bids": [{"price": "0.01", "size": "100"}, {"price": "0.02", "size": "44.99"}, {"price": "0.23", "size": "50"}], "asks": [{"price": "0.99", "size": "95.34"}, {"price": "0.98", "size": "47.33"}, {"price": "0.44", "size": "50"}], "event_type": "book", "last_trade_price": ""}, {"market": "0x706eb6d32f29d87fd08dc6a37597faa3d20bf1df75d7ccab660d29565dc8ff0a", "asset_id": "89956493355766311253350765630268759936702706539140038583810596022459114988677", "timestamp": "1769384438571", "hash": "a52bcd3f4170b00bf5c33e2c9c897b42b49d5dba", "bids": [{"price": "0.01", "size": "13.44"}], "asks": [{"price": "0.99", "size": "95.4"}, {"price": "0.98", "size": "47.29"}, {"price": "0.5", "size": "380"}, {"price": "0.48", "size": "16"}, {"price": "0.46", "size": "122.49"}, {"price": "0.45", "size": "5.47"}], "event_type": "book", "last_trade_price": "0.010"}, {"market": "0xbd0c7290685db69d4ea67591fbba802d366a4292cdb23736d68d338e0e76861c", "asset_id": "60149103581261869985647216133306747372041371289138884273397750109841811721674", "timestamp": "1769384304025", "hash": "3d1593c04a188cef85151277c6bfdea7048f0904", "bids": [{"price": "0.01", "size": "40.29"}, {"price": "0.02", "size": "7.49"}, {"price": "0.1", "size": "200"}, {"price": "0.11", "size": "5.42"}, {"price": "0.62", "size": "79"}], "asks": [{"price": "0.99", "size": "77.54"}, {"price": "0.98", "size": "8.2"}, {"price": "0.96", "size": "5"}, {"price": "0.9", "size": "200"}, {"price": "0.72", "size": "79"}, {"price": "0.71", "size": "6.57"}], "event_type": "book", "last_trade_price": "0.260"}, {"market": "0xbfa9e05ce8f4099a9ee06b13f4180d98d51275a55bf74fb3163ace75b8ef3d81", "asset_id": "81129608417501239532866838327195892113843918759865100471582856655162190061598", "timestamp": "1769384254551", "hash": "342165d7fb34c60b41b2d138652881a0f94c73e1", "bids": [{"price": "0.01", "size": "123.74"}, {"price": "0.02", "size": "33.12"}], "asks": [{"price": "0.99", "size": "116.9"}, {"price": "0.98", "size": "36.54"}, {"price": "0.97", "size": "5.47"}], "event_type": "book", "last_trade_price": ""}, {"market": "0x66dc4b673443e22f24a403ed17db782014adbfe0112ffef5590a9c2ffab269af", "asset_id": "93103607190338257114388819533193111303596465990759174972037137547598015057554", "timestamp": "1769384220988", "hash": "2f1a3343dae847368c0485900b9745a04e9c4b71", "bids": [{"price": "0.01", "size": "99.09"}, {"price": "0.02", "size": "45.45"}, {"price": "0.04", "size": "5"}, {"price": "0.37", "size": "50"}], "asks": [{"price": "0.99", "size": "95.39"}, {"price": "0.98", "size": "47.3"}, {"price": "0.95", "size": "5"}, {"price": "0.58", "size": "50"}, {"price": "0.57", "size": "8.61"}], "event_type": "book", "last_trade_price": "0.570"}, {"market": "0xb5344acfbad73af8f7ee9677d69db923c6c616c5e8c9685f6c77dce78a94feaf", "asset_id": "60532750291649650296305177703344974277809053574072974194319160749103449576231", "timestamp": "1769384073952", "hash": "bf6aeddad4d823c4d28b1740aa83c1352474bb8a", "bids": [], "asks": [{"price": "0.999", "size": "49.68"}, {"price": "0.998", "size": "15"}, {"price": "0.99", "size": "90"}, {"price": "0.989", "size": "8.01"}, {"price": "0.97", "size": "165.96"}, {"price": "0.969", "size": "6.28"}, {"price": "0.92", "size": "100"}, {"price": "0.919", "size": "8.24"}, {"price": "0.86", "size": "50"}, {"price": "0.8", "size": "200"}, {"price": "0.73", "size": "200"}, {"price": "0.66", "size": "100"}, {"price": "0.34", "size": "250"}, {"price": "0.24", "size": "250"}, {"price": "0.14", "size": "250"}, {"price": "0.04", "size": "250"}, {"price": "0.01", "size": "2566"}, {"price": "0.009", "size": "5.47"}, {"price": "0.001", "size": "749.63"}], "event_type": "book", "last_trade_price": "0.999"}, {"market": "0xd831eb1d4197ba9c5e91c4aee9fd7532dfefa1b241cdbfea717daf884a6eeed2", "asset_id": "68180875147450969807967000437748505608689618237729324516529136949219303206654", "timestamp": "1769384465053", "hash": "8d675088002b903aa8e75bff5094de4607ec928a", "bids": [], "asks": [{"price": "0.999", "size": "100009.13"}, {"price": "0.998", "size": "55000"}, {"price": "0.997", "size": "14.79"}, {"price": "0.992", "size": "155"}, {"price": "0.99", "size": "17090"}, {"price": "0.989", "size": "55710"}, {"price": "0.988", "size": "10.84"}, {"price": "0.98", "size": "1000"}, {"price": "0.969", "size": "10100"}, {"price": "0.96", "size": "2000"}, {"price": "0.959", "size": "6.07"}, {"price": "0.92", "size": "155"}, {"price": "0.903", "size": "100"}, {"price": "0.901", "size": "100"}, {"price": "0.9", "size": "500"}, {"price": "0.899", "size": "10000"}, {"price": "0.898", "size": "5000"}, {"price": "0.89", "size": "3000"}, {"price": "0.889", "size": "4500"}, {"price": "0.86", "size": "50"}, {"price": "0.8", "size": "200"}, {"price": "0.73", "size": "200"}, {"price": "0.66", "size": "100"}, {"price": "0.53", "size": "100"}, {"price": "0.51", "size": "100"}, {"price": "0.503", "size": "100"}, {"price": "0.501", "size": "500"}, {"price": "0.5", "size": "440"}, {"price": "0.25", "size": "60"}, {"price": "0.233", "size": "60"}, {"price": "0.232", "size": "53"}, {"price": "0.231", "size": "60"}, {"price": "0.23", "size": "114.76"}, {"price": "0.229", "size": "101"}, {"price": "0.228", "size": "5.47"}, {"price": "0.01", "size": "41"}, {"price": "0.009", "size": "500"}, {"price": "0.002", "size": "500"}, {"price": "0.001", "size": "1145.1"}], "event_type": "book", "last_trade_price": "0.010"}, {"market": "0x2bc816e3f00e697526f8e4c17547fc1e69a4a81513f0ec48e60512f06fcc290b", "asset_id": "79765852385636771962477147834385584553584411673976137722940966326372860617964", "timestamp": "1769384111484", "hash": "806efd4f8282a5cfe887529bd778ea1495bc7843", "bids": [{"price": "0.01", "size": "103.45"}, {"price": "0.02", "size": "24.05"}, {"price": "0.07", "size": "10.94"}, {"price": "0.08", "size": "7.92"}], "asks": [{"price": "0.99", "size": "111.08"}, {"price": "0.98", "size": "10.36"}], "event_type": "book", "last_trade_price": "0.620"}, {"market": "0xb2e9926755cbdc9d6b804b98649036520f90c59689e7d411b8b220016e37ded5", "asset_id": "91951051420247697188935807188755745255896495234721800338415646269792607573111", "timestamp": "1769384251102", "hash": "909cd8f3bc99a0e186fdf35512cac68286033091", "bids": [{"price": "0.01", "size": "95.17"}, {"price": "0.02", "size": "47.41"}, {"price": "0.32", "size": "50"}], "asks": [{"price": "0.99", "size": "99.01"}, {"price": "0.98", "size": "45.49"}, {"price": "0.53", "size": "50"}], "event_type": "book", "last_trade_price": ""}, {"market": "0xf3176dcf0a4e9c45b9667ab5532a512d6ebd09a2d4d293ee1cd222dc0ba166dd", "asset_id": "18542498567125194668873260362751558060902553766671348725615872617312610958277", "timestamp": "1769384255889", "hash": "d307f5f127c9201332da63fb3ce8796d1fadc2b0", "bids": [{"price": "0.01", "size": "99.99"}, {"price": "0.02", "size": "45"}, {"price": "0.03", "size": "5.47"}, {"price": "0.3", "size": "10"}], "asks": [{"price": "0.99", "size": "125.01"}, {"price": "0.98", "size": "32.49"}], "event_type": "book", "last_trade_price": ""}, {"market": "0x2bc816e3f00e697526f8e4c17547fc1e69a4a81513f0ec48e60512f06fcc290b", "asset_id": "99920912583368310252836811672832917337631662837237674034713417747390530502354", "timestamp": "1769384111484", "hash": "aa942585c2a4b692b8a21c65dc0ee84d458b7e0a", "bids": [{"price": "0.01", "size": "111.08"}, {"price": "0.02", "size": "10.36"}], "asks": [{"price": "0.99", "size": "103.45"}, {"price": "0.98", "size": "24.05"}, {"price": "0.93", "size": "10.94"}, {"price": "0.92", "size": "7.92"}], "event_type": "book", "last_trade_price": "0.620"}, {"market": "0x092159b3543bb1bd6f934210527f875cbb14884465f61cf9c6aef91436642b11", "asset_id": "68987698701883973413551972316936948781515338631074300652032418898639732128433", "timestamp": "1769384485204", "hash": "f8dbeca0528c5100d14a3b026ad80d3139190679", "bids": [{"price": "0.01", "size": "100"}, {"price": "0.02", "size": "44.99"}, {"price": "0.5", "size": "132.29"}, {"price": "0.51", "size": "300"}, {"price": "0.8", "size": "122.96"}, {"price": "0.81", "size": "6.86"}, {"price": "0.83", "size": "6.03"}, {"price": "0.831", "size": "5.47"}], "asks": [{"price": "0.99", "size": "32.1"}, {"price": "0.98", "size": "100"}], "event_type": "book", "last_trade_price": "0.020"}, {"market": "0xe9782728561b9b4149e833854ccfb407cc33f1aa8091d177f15106c5365fb99a", "asset_id": "71108626701004408773161946293673444327318216379039089868249695733831404009115", "timestamp": "1769384479851", "hash": "64be1bd3302b400503caaa552ca9ea01e8d78142", "bids": [{"price": "0.001", "size": "100009.13"}, {"price": "0.002", "size": "55000"}, {"price": "0.003", "size": "14.79"}, {"price": "0.008", "size": "155"}, {"price": "0.01", "size": "17090"}, {"price": "0.011", "size": "55710"}, {"price": "0.012", "size": "7.28"}, {"price": "0.02", "size": "1000"}, {"price": "0.031", "size": "10100"}, {"price": "0.04", "size": "2000"}, {"price": "0.041", "size": "6.32"}, {"price": "0.08", "size": "155"}, {"price": "0.097", "size": "100"}, {"price": "0.099", "size": "100"}, {"price": "0.1", "size": "500"}, {"price": "0.101", "size": "10100"}, {"price": "0.102", "size": "5000"}, {"price": "0.11", "size": "3000"}, {"price": "0.111", "size": "5.39"}, {"price": "0.14", "size": "50"}, {"price": "0.201", "size": "4864"}, {"price": "0.27", "size": "200"}, {"price": "0.34", "size": "100"}, {"price": "0.47", "size": "100"}, {"price": "0.49", "size": "100"}, {"price": "0.497", "size": "100"}, {"price": "0.499", "size": "500"}, {"price": "0.5", "size": "440"}, {"price": "0.75", "size": "60"}, {"price": "0.767", "size": "60"}, {"price": "0.768", "size": "53"}, {"price": "0.769", "size": "60"}, {"price": "0.77", "size": "60"}, {"price": "0.771", "size": "5.47"}, {"price": "0.99", "size": "2015.26"}, {"price": "0.991", "size": "644"}, {"price": "0.992", "size": "130.38"}, {"price": "0.995", "size": "25"}, {"price": "0.996", "size": "37.5"}, {"price": "0.998", "size": "500"}, {"price": "0.999", "size": "1933.06"}], "asks": [], "event_type": "book", "last_trade_price": "0.001"}]}
{"_local_timestamp": "2026-01-25T23:41:34.019576+00:00", "data": {"market": "0x0ad7bfefa1318072a7718199b97c81e3815c013987400910ec4f341eab657163", "price_changes": [{"asset_id": "22548266195851269689477719506198642269528767995990837775232261605151563451942", "price": "0.15", "size": "425", "side": "BUY", "hash": "af45545f827351e780194720e018c085f867f25c", "best_bid": "0.44", "best_ask": "0.45"}, {"asset_id": "46295172601519607125722904462828459465233821491397939264525803655276803288308", "price": "0.85", "size": "425", "side": "SELL", "hash": "d7ce5fda4dc00b6da86823ce7b99f650bcad6450", "best_bid": "0.55", "best_ask": "0.56"}], "timestamp": "1769384493424", "event_type": "price_change"}}
{"_local_timestamp": "2026-01-25T23:41:35.272224+00:00", "data": {"market": "0x092159b3543bb1bd6f934210527f875cbb14884465f61cf9c6aef91436642b11", "price_changes": [{"asset_id": "60021491398708450986084678927070948645876810064092286796594779289116359890267", "price": "0.001", "size": "30", "side": "BUY", "hash": "24f0a2edf1c5c1f609aa834ed70b6c2e5c6d1abe", "best_bid": "0.02", "best_ask": "0.169"}, {"asset_id": "68987698701883973413551972316936948781515338631074300652032418898639732128433", "price": "0.999", "size": "30", "side": "SELL", "hash": "8c2377527777dd97b36fe3303ff3104f2f63578a", "best_bid": "0.831", "best_ask": "0.98"}], "timestamp": "1769384495124", "event_type": "price_change"}}
{"_local_timestamp": "2026-01-25T23:41:35.514188+00:00", "data": {"market": "0x092159b3543bb1bd6f934210527f875cbb14884465f61cf9c6aef91436642b11", "price_changes": [{"asset_id": "68987698701883973413551972316936948781515338631074300652032418898639732128433", "price": "0.001", "size": "30", "side": "BUY", "hash": "88eec6b5060338209707494bcf9c2eff537af719", "best_bid": "0.831", "best_ask": "0.98"}, {"asset_id": "60021491398708450986084678927070948645876810064092286796594779289116359890267", "price": "0.999", "size": "30", "side": "SELL", "hash": "24fd4580ea80afa3a0e0a5a37435bb7a9624d8c9", "best_bid": "0.02", "best_ask": "0.169"}], "timestamp": "1769384495385", "event_type": "price_change"}}
{"_local_timestamp": "2026-01-25T23:41:44.067551+00:00", "data": {"market": "0x51cb898723da78d598c19adffcb24d0c73e2a2f24ad914d690ec248bfad4fdc7", "price_changes": [{"asset_id": "45265818972831889508938652282660261022441855388766464448040902986195041732100", "price": "0.081", "size": "0", "side": "BUY", "hash": "33ba43dffe77926b776713070e7bf6f733e6c0c0", "best_bid": "0.999", "best_ask": "1"}, {"asset_id": "84243612251587312112525754532046288066923646883020738140978966964340952903747", "price": "0.919", "size": "0", "side": "SELL", "hash": "3c596e643aaa416f6f9303ab08be52ac069d15d1", "best_bid": "0", "best_ask": "0.001"}], "timestamp": "1769384504000", "event_type": "price_change"}}
{"_local_timestamp": "2026-01-25T23:41:44.076341+00:00", "data": {"market": "0x39b14b8c5c3d109643047ddb5984e3d912a59b6f8bc717239076216c7dc5bd32", "price_changes": [{"asset_id": "62421527192632722130341267604895872264949169801894170750907981974949443488957", "price": "0.001", "size": "30", "side": "BUY", "hash": "0f7a5c663c7fc195817799162f8fd694c99ab3f3", "best_bid": "0.999", "best_ask": "1"}, {"asset_id": "25503132391390544211384389220263160633728586651382273816925739872004107467188", "price": "0.999", "size": "30", "side": "SELL", "hash": "9fc31243deecd7e57f08be7f8ad70218b002fa43", "best_bid": "0", "best_ask": "0.001"}], "timestamp": "1769384504000", "event_type": "price_change"}}
{"_local_timestamp": "2026-01-25T23:41:44.084328+00:00", "data": {"market": "0x51cb898723da78d598c19adffcb24d0c73e2a2f24ad914d690ec248bfad4fdc7", "price_changes": [{"asset_id": "45265818972831889508938652282660261022441855388766464448040902986195041732100", "price": "0.031", "size": "0", "side": "BUY", "hash": "33ba43dffe77926b776713070e7bf6f733e6c0c0", "best_bid": "0.999", "best_ask": "1"}, {"asset_id": "84243612251587312112525754532046288066923646883020738140978966964340952903747", "price": "0.969", "size": "0", "side": "SELL", "hash": "3c596e643aaa416f6f9303ab08be52ac069d15d1", "best_bid": "0", "best_ask": "0.001"}], "timestamp": "1769384504000", "event_type": "price_change"}}
{"_local_timestamp": "2026-01-25T23:41:44.092395+00:00", "data": {"market": "0x39b14b8c5c3d109643047ddb5984e3d912a59b6f8bc717239076216c7dc5bd32", "price_changes": [{"asset_id": "62421527192632722130341267604895872264949169801894170750907981974949443488957", "price": "0.002", "size": "0", "side": "BUY", "hash": "0f7a5c663c7fc195817799162f8fd694c99ab3f3", "best_bid": "0.999", "best_ask": "1"}, {"asset_id": "25503132391390544211384389220263160633728586651382273816925739872004107467188", "price": "0.998", "size": "0", "side": "SELL", "hash": "9fc31243deecd7e57f08be7f8ad70218b002fa43", "best_bid": "0", "best_ask": "0.001"}], "timestamp": "1769384504000", "event_type": "price_change"}}
{"_local_timestamp": "2026-01-25T23:41:44.100795+00:00", "data": {"market": "0x39b14b8c5c3d109643047ddb5984e3d912a59b6f8bc717239076216c7dc5bd32", "price_changes": [{"asset_id": "62421527192632722130341267604895872264949169801894170750907981974949443488957", "price": "0.031", "size": "0", "side": "BUY", "hash": "712996e30ddb8c1bc0ff7dcb6a0664a2e0838eb4", "best_bid": "0.999", "best_ask": "1"}, {"asset_id": "25503132391390544211384389220263160633728586651382273816925739872004107467188", "price": "0.969", "size": "0", "side": "SELL", "hash": "8d94772c51285c34ebec10cf239708b7ff8ae23e", "best_bid": "0", "best_ask": "0.001"}], "timestamp": "1769384504001", "event_type": "price_change"}}
{"_local_timestamp": "2026-01-25T23:41:44.108987+00:00", "data": {"market": "0x39b14b8c5c3d109643047ddb5984e3d912a59b6f8bc717239076216c7dc5bd32", "price_changes": [{"asset_id": "62421527192632722130341267604895872264949169801894170750907981974949443488957", "price": "0.081", "size": "0", "side": "BUY", "hash": "563f9c5d4f361272882d9bfa4428ea9b4984879f", "best_bid": "0.999", "best_ask": "1"}, {"asset_id": "25503132391390544211384389220263160633728586651382273816925739872004107467188", "price": "0.919", "size": "0", "side": "SELL", "hash": "703f6818f2f3d7af289acbcb955f604fdc52f3bc", "best_bid": "0", "best_ask": "0.001"}], "timestamp": "1769384504002", "event_type": "price_change"}}
{"_local_timestamp": "2026-01-25T23:41:44.116958+00:00", "data": {"market": "0x39b14b8c5c3d109643047ddb5984e3d912a59b6f8bc717239076216c7dc5bd32", "price_changes": [{"asset_id": "62421527192632722130341267604895872264949169801894170750907981974949443488957", "price": "0.011", "size": "0", "side": "BUY", "hash": "563f9c5d4f361272882d9bfa4428ea9b4984879f", "best_bid": "0.999", "best_ask": "1"}, {"asset_id": "25503132391390544211384389220263160633728586651382273816925739872004107467188", "price": "0.989", "size": "0", "side": "SELL", "hash": "703f6818f2f3d7af289acbcb955f604fdc52f3bc", "best_bid": "0", "best_ask": "0.001"}], "timestamp": "1769384504002", "event_type": "price_change"}}
{"_local_timestamp": "2026-01-25T23:41:44.454011+00:00", "data": {"market": "0x0ad7bfefa1318072a7718199b97c81e3815c013987400910ec4f341eab657163", "price_changes": [{"asset_id": "22548266195851269689477719506198642269528767995990837775232261605151563451942", "price": "0.15", "size": "325", "side": "BUY", "hash": "dffc0fdf628d4588d0c8a4dad31bbe43cb2a9fc9", "best_bid": "0.44", "best_ask": "0.45"}, {"asset_id": "46295172601519607125722904462828459465233821491397939264525803655276803288308", "price": "0.85", "size": "325", "side": "SELL", "hash": "1e2aeacc01dd08e590edf16315fcb658fe31a133", "best_bid": "0.55", "best_ask": "0.56"}], "timestamp": "1769384504381", "event_type": "price_change"}}
{"_local_timestamp": "2026-01-25T23:41:44.885047+00:00", "data": {"market": "0x0ad7bfefa1318072a7718199b97c81e3815c013987400910ec4f341eab657163", "price_changes": [{"asset_id": "22548266195851269689477719506198642269528767995990837775232261605151563451942", "price": "0.14", "size": "50", "side": "BUY", "hash": "7861da45b7bc2348f51a92520a24ad73e4fe47ba", "best_bid": "0.44", "best_ask": "0.45"}, {"asset_id": "46295172601519607125722904462828459465233821491397939264525803655276803288308", "price": "0.86", "size": "50", "side": "SELL", "hash": "0eb1483a004360b53ed1dce6a5e1fd589328e47d", "best_bid": "0.55", "best_ask": "0.56"}], "timestamp": "1769384504804", "event_type": "price_change"}}
{"_local_timestamp": "2026-01-25T23:41:46.074763+00:00", "data": {"market": "0xcc9170ce8290d2ebe3d9f6b3698d361165a27a2b5ad89c22c905718692f429fe", "price_changes": [{"asset_id": "11463054025649924286971706864761438723351274334713338459366248085573812817348", "price": "0.02", "size": "8.12", "side": "BUY", "hash": "4ebb24c630bcd154cceb70b12ff917d0ae5f5d11", "best_bid": "0.02", "best_ask": "0.97"}, {"asset_id": "29772188037527448114338468257668109290831835079986386657003379569482864084921", "price": "0.98", "size": "8.12", "side": "SELL", "hash": "320379a9d10baad0fc9baa821d3c5b11e62ae0e1", "best_bid": "0.03", "best_ask": "0.98"}], "timestamp": "1769384506000", "event_type": "price_change"}}
{"_local_timestamp": "2026-01-25T23:41:46.083022+00:00", "data": {"market": "0x2ab30b67e3d2c0836d4c83e4628e3634b7c90e16bf90ef4ab99cf705570dff86", "price_changes": [{"asset_id": "5928838552731255813855689945804518174438124115755940408231689539026778962482", "price": "0.02", "size": "32.49", "side": "BUY", "hash": "d3815084df8a1f90c5f9eaf853d76f99649d0cf7", "best_bid": "0.56", "best_ask": "0.77"}, {"asset_id": "82523585046267232360374090694498661362687012649900982139168026326849119867809", "price": "0.98", "size": "32.49", "side": "SELL", "hash": "70053293e8d27050005b70629712d7a4c45cbdc3", "best_bid": "0.23", "best_ask": "0.44"}], "timestamp": "1769384506000", "event_type": "price_change"}}
{"_local_timestamp": "2026-01-25T23:41:46.090956+00:00", "data": {"market": "0x9a363c286d011a0d5badf0c184174392ce02b45f7ceb987d96bee46bb401ce5c", "price_changes": [{"asset_id": "96819704261284524726988763713178139722454238849437571346195594377796354730604", "price": "0.01", "size": "106.91", "side": "BUY", "hash": "4ac7beaab74679582214877f7f7053ad13fa2049", "best_bid": "0.03", "best_ask": "0.98"}, {"asset_id": "87120032698710512170244659943277425631440097383593179035312674693556073187922", "price": "0.99", "size": "106.91", "side": "SELL", "hash": "79c8776c5982464d8646bd299f517300e17d28ec", "best_bid": "0.02", "best_ask": "0.97"}], "timestamp": "1769384506001", "event_type": "price_change"}}
{"_local_timestamp": "2026-01-25T23:41:46.098758+00:00", "data": {"market": "0xf80e67d41b33b4ac68bee61545f11e1b4bb9c1e72171fac1d07e46341f2c5f74", "price_changes": [{"asset_id": "31566692707504498949047229778746901483704970138029109237000844064590385118854", "price": "0.02", "size": "31.14", "side": "BUY", "hash": "554378165c55ea9a3580426d26ef27a31a99ba76", "best_bid": "0.52", "best_ask": "0.73"}, {"asset_id": "71253816975928519622959511322907953146334486783788616515794752675338987930961", "price": "0.98", "size": "31.14", "side": "SELL", "hash": "c73f13851612802e0ff5d45045f10df7a05578ef", "best_bid": "0.27", "best_ask": "0.48"}], "timestamp": "1769384506002", "event_type": "price_change"}}
{"_local_timestamp": "2026-01-25T23:41:46.106592+00:00", "data": {"market": "0xcc9170ce8290d2ebe3d9f6b3698d361165a27a2b5ad89c22c905718692f429fe", "price_changes": [{"asset_id": "29772188037527448114338468257668109290831835079986386657003379569482864084921", "price": "0.02", "size": "12.17", "side": "BUY", "hash": "4356cfa28321790c7ae9f882615e3e8c57bc9535", "best_bid": "0.03", "best_ask": "0.98"}, {"asset_id": "11463054025649924286971706864761438723351274334713338459366248085573812817348", "price": "0.98", "size": "12.17", "side": "SELL", "hash": "0f0d527dee163e20cf337299697886d869fe50dd", "best_bid": "0.02", "best_ask": "0.97"}], "timestamp": "1769384506001", "event_type": "price_change"}}
{"_local_timestamp": "2026-01-25T23:41:46.234590+00:00", "data": {"market": "0x0ad7bfefa1318072a7718199b97c81e3815c013987400910ec4f341eab657163", "price_changes": [{"asset_id": "22548266195851269689477719506198642269528767995990837775232261605151563451942", "price": "0.44", "size": "383.2", "side": "BUY", "hash": "443aafc15337c5d36e8d0a53dfe9b51c3400a520", "best_bid": "0.44", "best_ask": "0.45"}, {"asset_id": "46295172601519607125722904462828459465233821491397939264525803655276803288308", "price": "0.56", "size": "383.2", "side": "SELL", "hash": "f014ece1101a5bd112c618ece245e6e352431eaf", "best_bid": "0.55", "best_ask": "0.56"}], "timestamp": "1769384506151", "event_type": "price_change"}}
{"_local_timestamp": "2026-01-25T23:41:47.075288+00:00", "data": {"market": "0x9005e0aa0a60343e9fbeb8981be00b254c0ea21e92f27d7dc8d5050945854610", "price_changes": [{"asset_id": "38237455732019786209662096801237696668047127109522934688396044253840761775791", "price": "0.02", "size": "8.12", "side": "BUY", "hash": "a9426d41e66ea8a8e958002e956a041ed8d36b4e", "best_bid": "0.02", "best_ask": "0.98"}, {"asset_id": "115414241392831582281046574660367643078135863632489954507378202896482992358949", "price": "0.98", "size": "8.12", "side": "SELL", "hash": "af64173eeb2e56e6dfb29014b0aa765e8aed4f5c", "best_bid": "0.02", "best_ask": "0.98"}], "timestamp": "1769384507000", "event_type": "price_change"}}
{"_local_timestamp": "2026-01-25T23:41:47.082979+00:00", "data": {"market": "0xcbe64e1c4b513e7d187b06f9e7baa16b9f5e85d34b6bbd15f325c0bd74aba779", "price_changes": [{"asset_id": "91731980601510662918716554575307432918641450456244456049327598721926448377248", "price": "0.01", "size": "106.92", "side": "BUY", "hash": "9a9441e1352df9387fd5e67bdc0cb33bd5826303", "best_bid": "0.03", "best_ask": "0.7"}, {"asset_id": "50913395947750174172704976418372819999960124151188438388335374497019542146705", "price": "0.99", "size": "106.92", "side": "SELL", "hash": "7695b402a31f99da65610f9c4bdc5458dbecb867", "best_bid": "0.3", "best_ask": "0.97"}], "timestamp": "1769384507000", "event_type": "price_change"}}
{"_local_timestamp": "2026-01-25T23:41:47.091423+00:00", "data": {"market": "0x865398cd2e1a8ffe0b5a7cc11532e184282052ad48560b8a7c726c627d75c2ba", "price_changes": [{"asset_id": "95788202303824214569847222971818320167807943698507730086717598693905662910549", "price": "0.02", "size": "25.78", "side": "BUY", "hash": "2cd51ad7666baf1d6585049e9cffeca61a44ba14", "best_bid": "0.03", "best_ask": "0.98"}, {"asset_id": "15212431430447163233920533629424223578230553810964478182886875257282848391276", "price": "0.98", "size": "25.78", "side": "SELL", "hash": "5dc3945c78ec80e77f34db3494c404be2bd27192", "best_bid": "0.02", "best_ask": "0.97"}], "timestamp": "1769384507001", "event_type": "price_change"}}
{"_local_timestamp": "2026-01-25T23:41:47.099345+00:00", "data": {"market": "0x099fce1c2c40eb4acd3ce1dfbad1a9f8db8a82ec5b6bda852ace239e8337442d", "price_changes": [{"asset_id": "96056379884778942003484159224370672817727549575335119351063403511400081616833", "price": "0.02", "size": "8.12", "side": "BUY", "hash": "d5b78cd1db42eee8285c90af87572df5fea9453d", "best_bid": "0.2", "best_ask": "0.97"}, {"asset_id": "55411423962050569985336089158546353749765541513981743176746867901006932642271", "price": "0.98", "size": "8.12", "side": "SELL", "hash": "945f3d7cdc58a2cee39ed2a323c7d1411aa4f562", "best_bid": "0.03", "best_ask": "0.8"}], "timestamp": "1769384507001", "event_type": "price_change"}}
{"_local_timestamp": "2026-01-25T23:41:47.107327+00:00", "data": {"market": "0x9005e0aa0a60343e9fbeb8981be00b254c0ea21e92f27d7dc8d5050945854610", "price_changes": [{"asset_id": "115414241392831582281046574660367643078135863632489954507378202896482992358949", "price": "0.01", "size": "100.01", "side": "BUY", "hash": "6e587ffc8762698907f87a5bc5d03555fc239da4", "best_bid": "0.02", "best_ask": "0.98"}, {"asset_id": "38237455732019786209662096801237696668047127109522934688396044253840761775791", "price": "0.99", "size": "100.01", "side": "SELL", "hash": "3668fbac22099451bf08ef072de2fbe7d85388b2", "best_bid": "0.02", "best_ask": "0.98"}], "timestamp": "1769384507000", "event_type": "price_change"}}
{"_local_timestamp": "2026-01-25T23:41:47.115325+00:00", "data": {"market": "0xcbe64e1c4b513e7d187b06f9e7baa16b9f5e85d34b6bbd15f325c0bd74aba779", "price_changes": [{"asset_id": "50913395947750174172704976418372819999960124151188438388335374497019542146705", "price": "0.02", "size": "33.14", "side": "BUY", "hash": "984657995fdc50a1cca93278d6e388dfe5f29fda", "best_bid": "0.3", "best_ask": "0.97"}, {"asset_id": "91731980601510662918716554575307432918641450456244456049327598721926448377248", "price": "0.98", "size": "33.14", "side": "SELL", "hash": "dd41869dbe632f80a2d6247e49d75068d7ff6d85", "best_bid": "0.03", "best_ask": "0.7"}], "timestamp": "1769384507001", "event_type": "price_change"}}
{"_local_timestamp": "2026-01-25T23:41:47.129634+00:00", "data": {"market": "0xf8ed34a7294b275b3d0ecaf6d435978a30e30f15c094bd2514bb5ab5c2e636bc", "price_changes": [{"asset_id": "11749054968234115437209849193890631881264402480404612737395162188195873462971", "price": "0.01", "size": "90", "side": "BUY", "hash": "b89749052acb1483b8d3b61d981610264f9544f5", "best_bid": "0.03", "best_ask": "0.98"}, {"asset_id": "50932048206028870456700726153513654752595951899093804448373585532803357505423", "price": "0.99", "size": "90", "side": "SELL", "hash": "0bb6d1344980ad16ac3ab59c28dfa2c7b2beb757", "best_bid": "0.02", "best_ask": "0.97"}], "timestamp": "1769384507001", "event_type": "price_change"}}
{"_local_timestamp": "2026-01-25T23:41:47.139236+00:00", "data": {"market": "0xf8ed34a7294b275b3d0ecaf6d435978a30e30f15c094bd2514bb5ab5c2e636bc", "price_changes": [{"asset_id": "11749054968234115437209849193890631881264402480404612737395162188195873462971", "price": "0.02", "size": "27.91", "side": "BUY", "hash": "00a1bd135b728b6731ec53458c34781f1c99a565", "best_bid": "0.03", "best_ask": "0.98"}, {"asset_id": "50932048206028870456700726153513654752595951899093804448373585532803357505423", "price": "0.98", "size": "27.91", "side": "SELL", "hash": "e4b417c72e9cd138aa9be6fdf0e57149bd5adf34", "best_bid": "0.02", "best_ask": "0.97"}], "timestamp": "1769384507002", "event_type": "price_change"}}
{"_local_timestamp": "2026-01-25T23:41:47.156241+00:00", "data": {"market": "0x099fce1c2c40eb4acd3ce1dfbad1a9f8db8a82ec5b6bda852ace239e8337442d", "price_changes": [{"asset_id": "55411423962050569985336089158546353749765541513981743176746867901006932642271", "price": "0.02", "size": "12.17", "side": "BUY", "hash": "cd5cb2f464e3f721f7e43b1ee36184191a34c970", "best_bid": "0.03", "best_ask": "0.8"}, {"asset_id": "96056379884778942003484159224370672817727549575335119351063403511400081616833", "price": "0.98", "size": "12.17", "side": "SELL", "hash": "56ba3ca3d27b0a0555c8877edc878b405c2199c8", "best_bid": "0.2", "best_ask": "0.97"}], "timestamp": "1769384507002", "event_type": "price_change"}}
{"_local_timestamp": "2026-01-25T23:41:47.164242+00:00", "data": {"market": "0xabc09c89e12438415f73d64b28afa02e57e95bfa009be9801f85a538d2173f13", "price_changes": [{"asset_id": "308282058560027809404023789651916267413792405172544153818594002097414990657", "price": "0.02", "size": "36.88", "side": "BUY", "hash": "d7eaa8e2f042cd78d97bdce0b499f1c3911ba978", "best_bid": "0.45", "best_ask": "0.66"}, {"asset_id": "108402611992529721740301093683829955793665674602365097327005926367398074589988", "price": "0.98", "size": "36.88", "side": "SELL", "hash": "cfe8e0bf899b32220d2cbf3eaa36abbde3398de3", "best_bid": "0.34", "best_ask": "0.55"}], "timestamp": "1769384507002", "event_type": "price_change"}}
{"_local_timestamp": "2026-01-25T23:41:47.206795+00:00", "data": {"market": "0x9005e0aa0a60343e9fbeb8981be00b254c0ea21e92f27d7dc8d5050945854610", "price_changes": [{"asset_id": "115414241392831582281046574660367643078135863632489954507378202896482992358949", "price": "0.02", "size": "5.47", "side": "BUY", "hash": "ad0074a3187d22ded7c87f2d00c6d75f1e6574b3", "best_bid": "0.02", "best_ask": "0.98"}, {"asset_id": "38237455732019786209662096801237696668047127109522934688396044253840761775791", "price": "0.98", "size": "5.47", "side": "SELL", "hash": "ec911bdde3b8d6f215bfb5b2c7dbc871497f02a9", "best_bid": "0.02", "best_ask": "0.98"}], "timestamp": "1769384507003", "event_type": "price_change"}}
{"_local_timestamp": "2026-01-25T23:41:47.214836+00:00", "data": {"market": "0xcbe64e1c4b513e7d187b06f9e7baa16b9f5e85d34b6bbd15f325c0bd74aba779", "price_changes": [{"asset_id": "50913395947750174172704976418372819999960124151188438388335374497019542146705", "price": "0.01", "size": "90", "side": "BUY", "hash": "3b434a69ed4d52e6c4d8d5fb2a50cc78f7fe4fbe", "best_bid": "0.3", "best_ask": "0.97"}, {"asset_id": "91731980601510662918716554575307432918641450456244456049327598721926448377248", "price": "0.99", "size": "90", "side": "SELL", "hash": "2beb9c6e338ca898c232fae44194aa11440a287b", "best_bid": "0.03", "best_ask": "0.7"}], "timestamp": "1769384507004", "event_type": "price_change"}}
{"_local_timestamp": "2026-01-25T23:41:48.216548+00:00", "data": {"market": "0x0ad7bfefa1318072a7718199b97c81e3815c013987400910ec4f341eab657163", "price_changes": [{"asset_id": "46295172601519607125722904462828459465233821491397939264525803655276803288308", "price": "0.55", "size": "79236.46", "side": "BUY", "hash": "652394a33ccbb6e53cb2d96d6b2142bbbf91f485", "best_bid": "0.55", "best_ask": "0.56"}, {"asset_id": "22548266195851269689477719506198642269528767995990837775232261605151563451942", "price": "0.45", "size": "79236.46", "side": "SELL", "hash": "83a36d8d40b8bc53a0042a072f4e58d3fdad0848", "best_bid": "0.44", "best_ask": "0.45"}], "timestamp": "1769384508149", "event_type": "price_change"}}
{"_local_timestamp": "2026-01-25T23:41:49.096326+00:00", "data": {"market": "0xa4b203b8926a7c84cb676afa1d02e3c85d8a7601d454a8aa4f72ab9d7afa13eb", "price_changes": [{"asset_id": "7634019633268913976886511041252111796622620459649759543474569090565472288967", "price": "0.02", "size": "5.47", "side": "BUY", "hash": "ef7c4ed32599cc102fba9b3b803995c93bb69f37", "best_bid": "0.02", "best_ask": "0.98"}, {"asset_id": "41062791290642017369125281118711155809918233477769251050725317130251001157382", "price": "0.98", "size": "5.47", "side": "SELL", "hash": "986e04d387645a8a48ec98d176008966b37c9074", "best_bid": "0.02", "best_ask": "0.98"}], "timestamp": "1769384509000", "event_type": "price_change"}}
{"_local_timestamp": "2026-01-25T23:41:49.104440+00:00", "data": {"market": "0xe8d51d55115e4870f017fea94e6d237ad2bf5745805f8353fe2539771e43d9f1", "price_changes": [{"asset_id": "110012504176723772608274539884901798881193384737214604940197959574201548908580", "price": "0.02", "size": "33.48", "side": "BUY", "hash": "cfff18a43a7a4f36b8473094c5a2df5b2722789f", "best_bid": "0.58", "best_ask": "0.79"}, {"asset_id": "70256180202348471191953474915902731762363777201837273336972208321814219331601", "price": "0.98", "size": "33.48", "side": "SELL", "hash": "fb190dbfeecb7b4e3f651390d5b9c3a4f7f1cd2c", "best_bid": "0.21", "best_ask": "0.42"}], "timestamp": "1769384509000", "event_type": "price_change"}}
{"_local_timestamp": "2026-01-25T23:41:49.112624+00:00", "data": {"market": "0xa4b203b8926a7c84cb676afa1d02e3c85d8a7601d454a8aa4f72ab9d7afa13eb", "price_changes": [{"asset_id": "7634019633268913976886511041252111796622620459649759543474569090565472288967", "price": "0.01", "size": "90", "side": "BUY", "hash": "c7e3f4f9207627c839ada5177576a67efb7c9dcc", "best_bid": "0.02", "best_ask": "0.98"}, {"asset_id": "41062791290642017369125281118711155809918233477769251050725317130251001157382", "price": "0.99", "size": "90", "side": "SELL", "hash": "ec1ed8b6fadf8f55ba3b6dfd170df6db3fb5ab61", "best_bid": "0.02", "best_ask": "0.98"}], "timestamp": "1769384509001", "event_type": "price_change"}}
{"_local_timestamp": "2026-01-25T23:41:49.120739+00:00", "data": {"market": "0xa4b203b8926a7c84cb676afa1d02e3c85d8a7601d454a8aa4f72ab9d7afa13eb", "price_changes": [{"asset_id": "41062791290642017369125281118711155809918233477769251050725317130251001157382", "price": "0.02", "size": "8.12", "side": "BUY", "hash": "95783a9346981ce56c43de349183764b7a3d56bf", "best_bid": "0.02", "best_ask": "0.98"}, {"asset_id": "7634019633268913976886511041252111796622620459649759543474569090565472288967", "price": "0.98", "size": "8.12", "side": "SELL", "hash": "543de04b439c0597182a60236d99e8e4ebff3145", "best_bid": "0.02", "best_ask": "0.98"}], "timestamp": "1769384509001", "event_type": "price_change"}}
{"_local_timestamp": "2026-01-25T23:41:49.128731+00:00", "data": {"market": "0x2bc816e3f00e697526f8e4c17547fc1e69a4a81513f0ec48e60512f06fcc290b", "price_changes": [{"asset_id": "99920912583368310252836811672832917337631662837237674034713417747390530502354", "price": "0.02", "size": "22.13", "side": "BUY", "hash": "1cdf69ec94d908956c065033f03e7f36d8e90080", "best_bid": "0.02", "best_ask": "0.92"}, {"asset_id": "79765852385636771962477147834385584553584411673976137722940966326372860617964", "price": "0.98", "size": "22.13", "side": "SELL", "hash": "b3a42a00542b157f541fc773ba44fdeb1a79ca47", "best_bid": "0.08", "best_ask": "0.98"}], "timestamp": "1769384509000", "event_type": "price_change"}}
{"_local_timestamp": "2026-01-25T23:41:49.136608+00:00", "data": {"market": "0x706eb6d32f29d87fd08dc6a37597faa3d20bf1df75d7ccab660d29565dc8ff0a", "price_changes": [{"asset_id": "10739138290105627983458362915170506627323888078466483220890658863645237226226", "price": "0.02", "size": "32.47", "side": "BUY", "hash": "ac09c13849a5c31b1f585f77be1f323d890d7b1d", "best_bid": "0.55", "best_ask": "0.99"}, {"asset_id": "89956493355766311253350765630268759936702706539140038583810596022459114988677", "price": "0.98", "size": "32.47", "side": "SELL", "hash": "aa29cf1236735ce98ff31ed1dc727012399272dc", "best_bid": "0.01", "best_ask": "0.45"}], "timestamp": "1769384509003", "event_type": "price_change"}}
{"_local_timestamp": "2026-01-25T23:41:49.144137+00:00", "data": {"market": "0x2bc816e3f00e697526f8e4c17547fc1e69a4a81513f0ec48e60512f06fcc290b", "price_changes": [{"asset_id": "99920912583368310252836811672832917337631662837237674034713417747390530502354", "price": "0.01", "size": "112.04", "side": "BUY", "hash": "133ba626e7a8041291ea2edc0ef6474dd0df26a9", "best_bid": "0.02", "best_ask": "0.92"}, {"asset_id": "79765852385636771962477147834385584553584411673976137722940966326372860617964", "price": "0.99", "size": "112.04", "side": "SELL", "hash": "0714571386f4fbf4b6636c90827f5745e246d704", "best_bid": "0.08", "best_ask": "0.98"}], "timestamp": "1769384509003", "event_type": "price_change"}}
{"_local_timestamp": "2026-01-25T23:41:49.174088+00:00", "data": {"market": "0x0ad7bfefa1318072a7718199b97c81e3815c013987400910ec4f341eab657163", "price_changes": [{"asset_id": "46295172601519607125722904462828459465233821491397939264525803655276803288308", "price": "0.55", "size": "119236.46", "side": "BUY", "hash": "cc1722f4811b3bd7d92056e9ae786e4726da5519", "best_bid": "0.55", "best_ask": "0.56"}, {"asset_id": "22548266195851269689477719506198642269528767995990837775232261605151563451942", "price": "0.45", "size": "119236.46", "side": "SELL", "hash": "3128611565ec3955ebfce0287a5c89526cf2f31b", "best_bid": "0.44", "best_ask": "0.45"}], "timestamp": "1769384509064", "event_type": "price_change"}}
{"_local_timestamp": "2026-01-25T23:41:49.554763+00:00", "data": {"market": "0x927ba583ccd2197307085d98209b2d3462d49f3dde2a806d05a994f2bfcfb701", "price_changes": [{"asset_id": "109310163071166791971622977992638495682714829891248785477170633406935750944763", "price": "0.31", "size": "0", "side": "SELL", "hash": "22d4b0acbd412f0378abf260bb7cd325f2189754", "best_bid": "0.01", "best_ask": "0.3"}, {"asset_id": "8491948869003153677854091056477922737880117499788948933057579143199962323248", "price": "0.69", "size": "0", "side": "BUY", "hash": "d7c76cec7c5c3c0d281a992fdefd3d7601fd3e69", "best_bid": "0.7", "best_ask": "0.99"}], "timestamp": "1769384509482", "event_type": "price_change"}}
{"_local_timestamp": "2026-01-25T23:41:49.897735+00:00", "data": {"market": "0x927ba583ccd2197307085d98209b2d3462d49f3dde2a806d05a994f2bfcfb701", "price_changes": [{"asset_id": "109310163071166791971622977992638495682714829891248785477170633406935750944763", "price": "0.29", "size": "8.21", "side": "SELL", "hash": "7decb2b75a34523ae6f9c82a15016aa1a3fa833a", "best_bid": "0.01", "best_ask": "0.29"}, {"asset_id": "8491948869003153677854091056477922737880117499788948933057579143199962323248", "price": "0.71", "size": "8.21", "side": "BUY", "hash": "250093183219efba936bbb55d0da36b8d6d8a145", "best_bid": "0.71", "best_ask": "0.99"}], "timestamp": "1769384509802", "event_type": "price_change"}}
{"_local_timestamp": "2026-01-25T23:41:50.962459+00:00", "data": {"market": "0x927ba583ccd2197307085d98209b2d3462d49f3dde2a806d05a994f2bfcfb701", "price_changes": [{"asset_id": "109310163071166791971622977992638495682714829891248785477170633406935750944763", "price": "0.3", "size": "0", "side": "SELL", "hash": "21413c74001c063e17879fb0ea95c8a1ca673a65", "best_bid": "0.01", "best_ask": "0.29"}, {"asset_id": "8491948869003153677854091056477922737880117499788948933057579143199962323248", "price": "0.7", "size": "0", "side": "BUY", "hash": "1d455bf4bf4a90810ffc8cebec336dca8c6808c1", "best_bid": "0.71", "best_ask": "0.99"}], "timestamp": "1769384510770", "event_type": "price_change"}}
{"_local_timestamp": "2026-01-25T23:41:50.973841+00:00", "data": {"market": "0x927ba583ccd2197307085d98209b2d3462d49f3dde2a806d05a994f2bfcfb701", "price_changes": [{"asset_id": "109310163071166791971622977992638495682714829891248785477170633406935750944763", "price": "0.28", "size": "5.47", "side": "SELL", "hash": "11b8d5a372d0fa10ad9b51bae0a6c3b438825ef5", "best_bid": "0.01", "best_ask": "0.28"}, {"asset_id": "8491948869003153677854091056477922737880117499788948933057579143199962323248", "price": "0.72", "size": "5.47", "side": "BUY", "hash": "4e2cf1d3d6dd9803da7375edb068e32d04316300", "best_bid": "0.72", "best_ask": "0.99"}], "timestamp": "1769384510812", "event_type": "price_change"}}
{"_local_timestamp": "2026-01-25T23:41:53.827526+00:00", "data": {"market": "0x0ad7bfefa1318072a7718199b97c81e3815c013987400910ec4f341eab657163", "price_changes": [{"asset_id": "22548266195851269689477719506198642269528767995990837775232261605151563451942", "price": "0.43", "size": "123679.46", "side": "BUY", "hash": "95637c4b7389d3139225740d5a5039ad42f5b53d", "best_bid": "0.44", "best_ask": "0.45"}, {"asset_id": "46295172601519607125722904462828459465233821491397939264525803655276803288308", "price": "0.57", "size": "123679.46", "side": "SELL", "hash": "daa31d5905a84af4b0de472832c16535cf1c5d83", "best_bid": "0.55", "best_ask": "0.56"}], "timestamp": "1769384513760", "event_type": "price_change"}}
{"_local_timestamp": "2026-01-25T23:41:56.088145+00:00", "data": {"market": "0x66dc4b673443e22f24a403ed17db782014adbfe0112ffef5590a9c2ffab269af", "price_changes": [{"asset_id": "93103607190338257114388819533193111303596465990759174972037137547598015057554", "price": "0.01", "size": "90", "side": "BUY", "hash": "47d54124240bf83efc37e9eb8b03c6b590fa0d18", "best_bid": "0.37", "best_ask": "0.57"}, {"asset_id": "19665102658513933882181558819006389017141595190371173806603199421694623471422", "price": "0.99", "size": "90", "side": "SELL", "hash": "98bfdd1f18ce440ea121c922354e1e850dc1d297", "best_bid": "0.43", "best_ask": "0.63"}], "timestamp": "1769384516001", "event_type": "price_change"}}
{"_local_timestamp": "2026-01-25T23:41:56.103144+00:00", "data": {"market": "0x0ad7bfefa1318072a7718199b97c81e3815c013987400910ec4f341eab657163", "price_changes": [{"asset_id": "46295172601519607125722904462828459465233821491397939264525803655276803288308", "price": "0.56", "size": "356.68", "side": "SELL", "hash": "aa63a3fbd161cac578308e434544ada6300c79fd", "best_bid": "0.55", "best_ask": "0.56"}, {"asset_id": "22548266195851269689477719506198642269528767995990837775232261605151563451942", "price": "0.44", "size": "356.68", "side": "BUY", "hash": "05db02851e366a0f7cd8f7a9546f77c2a8ed3ba1", "best_bid": "0.44", "best_ask": "0.45"}], "timestamp": "1769384516005", "event_type": "price_change"}}
{"_local_timestamp": "2026-01-25T23:41:56.112320+00:00", "data": {"market": "0x0ad7bfefa1318072a7718199b97c81e3815c013987400910ec4f341eab657163", "asset_id": "22548266195851269689477719506198642269528767995990837775232261605151563451942", "bids": [{"price": "0.01", "size": "3766"}, {"price": "0.02", "size": "1305.05"}, {"price": "0.03", "size": "1600"}, {"price": "0.04", "size": "157.14"}, {"price": "0.05", "size": "150"}, {"price": "0.06", "size": "2150"}, {"price": "0.07", "size": "150"}, {"price": "0.08", "size": "508.77"}, {"price": "0.1", "size": "60"}, {"price": "0.11", "size": "5.12"}, {"price": "0.14", "size": "50"}, {"price": "0.15", "size": "325"}, {"price": "0.22", "size": "100"}, {"price": "0.25", "size": "5"}, {"price": "0.3", "size": "114"}, {"price": "0.32", "size": "29.38"}, {"price": "0.33", "size": "5600"}, {"price": "0.34", "size": "163.93"}, {"price": "0.35", "size": "234.28"}, {"price": "0.36", "size": "4206.88"}, {"price": "0.38", "size": "196.07"}, {"price": "0.39", "size": "3973"}, {"price": "0.4", "size": "3938"}, {"price": "0.41", "size": "15200"}, {"price": "0.42", "size": "5902.39"}, {"price": "0.43", "size": "123679.46"}, {"price": "0.44", "size": "356.68"}], "asks": [{"price": "0.99", "size": "3698.61"}, {"price": "0.98", "size": "2400"}, {"price": "0.97", "size": "300"}, {"price": "0.96", "size": "155.88"}, {"price": "0.95", "size": "2150"}, {"price": "0.94", "size": "150"}, {"price": "0.93", "size": "150"}, {"price": "0.92", "size": "700"}, {"price": "0.9", "size": "61.02"}, {"price": "0.89", "size": "5.43"}, {"price": "0.86", "size": "850"}, {"price": "0.82", "size": "25"}, {"price": "0.75", "size": "1200"}, {"price": "0.74", "size": "200"}, {"price": "0.7", "size": "49.18"}, {"price": "0.65", "size": "30"}, {"price": "0.6", "size": "30"}, {"price": "0.59", "size": "940"}, {"price": "0.58", "size": "1652.85"}, {"price": "0.56", "size": "5615"}, {"price": "0.54", "size": "195.74"}, {"price": "0.53", "size": "4205"}, {"price": "0.52", "size": "100"}, {"price": "0.5", "size": "82800"}, {"price": "0.49", "size": "3933"}, {"price": "0.48", "size": "20116.2"}, {"price": "0.47", "size": "38607.01"}, {"price": "0.46", "size": "16198.16"}, {"price": "0.45", "size": "119236.46"}], "hash": "05db02851e366a0f7cd8f7a9546f77c2a8ed3ba1", "timestamp": "1769384516005", "event_type": "book"}}
{"_local_timestamp": "2026-01-25T23:41:56.120373+00:00", "data": {"market": "0x0ad7bfefa1318072a7718199b97c81e3815c013987400910ec4f341eab657163", "asset_id": "46295172601519607125722904462828459465233821491397939264525803655276803288308", "bids": [{"price": "0.01", "size": "3698.61"}, {"price": "0.02", "size": "2400"}, {"price": "0.03", "size": "300"}, {"price": "0.04", "size": "155.88"}, {"price": "0.05", "size": "2150"}, {"price": "0.06", "size": "150"}, {"price": "0.07", "size": "150"}, {"price": "0.08", "size": "700"}, {"price": "0.1", "size": "61.02"}, {"price": "0.11", "size": "5.43"}, {"price": "0.14", "size": "850"}, {"price": "0.18", "size": "25"}, {"price": "0.25", "size": "1200"}, {"price": "0.26", "size": "200"}, {"price": "0.3", "size": "49.18"}, {"price": "0.35", "size": "30"}, {"price": "0.4", "size": "30"}, {"price": "0.41", "size": "940"}, {"price": "0.42", "size": "1652.85"}, {"price": "0.44", "size": "5615"}, {"price": "0.46", "size": "195.74"}, {"price": "0.47", "size": "4205"}, {"price": "0.48", "size": "100"}, {"price": "0.5", "size": "82800"}, {"price": "0.51", "size": "3933"}, {"price": "0.52", "size": "20116.2"}, {"price": "0.53", "size": "38607.01"}, {"price": "0.54", "size": "16198.16"}, {"price": "0.55", "size": "119236.46"}], "asks": [{"price": "0.99", "size": "3766"}, {"price": "0.98", "size": "1305.05"}, {"price": "0.97", "size": "1600"}, {"price": "0.96", "size": "157.14"}, {"price": "0.95", "size": "150"}, {"price": "0.94", "size": "2150"}, {"price": "0.93", "size": "150"}, {"price": "0.92", "size": "508.77"}, {"price": "0.9", "size": "60"}, {"price": "0.89", "size": "5.12"}, {"price": "0.86", "size": "50"}, {"price": "0.85", "size": "325"}, {"price": "0.78", "size": "100"}, {"price": "0.75", "size": "5"}, {"price": "0.7", "size": "114"}, {"price": "0.68", "size": "29.38"}, {"price": "0.67", "size": "5600"}, {"price": "0.66", "size": "163.93"}, {"price": "0.65", "size": "234.28"}, {"price": "0.64", "size": "4206.88"}, {"price": "0.62", "size": "196.07"}, {"price": "0.61", "size": "3973"}, {"price": "0.6", "size": "3938"}, {"price": "0.59", "size": "15200"}, {"price": "0.58", "size": "5902.39"}, {"price": "0.57", "size": "123679.46"}, {"price": "0.56", "size": "356.68"}], "hash": "aa63a3fbd161cac578308e434544ada6300c79fd", "timestamp": "1769384516005", "event_type": "book"}}
{"_local_timestamp": "2026-01-25T23:41:56.128505+00:00", "data": {"market": "0x0ad7bfefa1318072a7718199b97c81e3815c013987400910ec4f341eab657163", "asset_id": "46295172601519607125722904462828459465233821491397939264525803655276803288308", "price": "0.56", "size": "26.517856", "fee_rate_bps": "0", "side": "BUY", "timestamp": "1769384516032", "event_type": "last_trade_price", "transaction_hash": "0x72c0d49f4f23370b37e6427edfe3cdfdb41f9e3bf3a2a0231f8a4e6417e5f0df"}}
{"_local_timestamp": "2026-01-25T23:41:58.861063+00:00", "data": {"market": "0x092159b3543bb1bd6f934210527f875cbb14884465f61cf9c6aef91436642b11", "price_changes": [{"asset_id": "68987698701883973413551972316936948781515338631074300652032418898639732128433", "price": "0.01", "size": "90", "side": "BUY", "hash": "5d6234b1b66efc83561ff58b215ea79d45a86c39", "best_bid": "0.831", "best_ask": "0.98"}, {"asset_id": "60021491398708450986084678927070948645876810064092286796594779289116359890267", "price": "0.99", "size": "90", "side": "SELL", "hash": "43f58935c45c44db4d64e0b061cc8bcc092b2762", "best_bid": "0.02", "best_ask": "0.169"}], "timestamp": "1769384518782", "event_type": "price_change"}}
{"_local_timestamp": "2026-01-25T23:41:58.869525+00:00", "data": {"market": "0x092159b3543bb1bd6f934210527f875cbb14884465f61cf9c6aef91436642b11", "price_changes": [{"asset_id": "68987698701883973413551972316936948781515338631074300652032418898639732128433", "price": "0.02", "size": "0", "side": "BUY", "hash": "5d6234b1b66efc83561ff58b215ea79d45a86c39", "best_bid": "0.831", "best_ask": "0.98"}, {"asset_id": "60021491398708450986084678927070948645876810064092286796594779289116359890267", "price": "0.98", "size": "0", "side": "SELL", "hash": "43f58935c45c44db4d64e0b061cc8bcc092b2762", "best_bid": "0.02", "best_ask": "0.169"}], "timestamp": "1769384518782", "event_type": "price_change"}}
{"_local_timestamp": "2026-01-25T23:42:04.770098+00:00", "data": {"market": "0x0ad7bfefa1318072a7718199b97c81e3815c013987400910ec4f341eab657163", "price_changes": [{"asset_id": "22548266195851269689477719506198642269528767995990837775232261605151563451942", "price": "0.14", "size": "0", "side": "BUY", "hash": "814746220e1d6759c51e0d7951aad018f3405568", "best_bid": "0.44", "best_ask": "0.45"}, {"asset_id": "46295172601519607125722904462828459465233821491397939264525803655276803288308", "price": "0.86", "size": "0", "side": "SELL", "hash": "d4028632df8f4eed586889d823d9ebf0495e22e4", "best_bid": "0.55", "best_ask": "0.56"}], "timestamp": "1769384524689", "event_type": "price_change"}}
