{"_local_timestamp": "2026-01-25T23:41:13.326041+00:00", "data": [{"market": "0xd1d3b2a54e39bed95f2c6e1df1ab741ac680531458edf624511a97c78c0494c5", "asset_id": "25801117829295311231684771497097686765686003525436934988888684579966475010757", "timestamp": "1769384453626", "hash": "aecfc3447db9dc0cd844b6cd0ab65df39997f342", "bids": [{"price": "0.01", "size": "2989.9"}, {"price": "0.02", "size": "2450"}, {"price": "0.03", "size": "10.34"}, {"price": "0.06", "size": "2000"}, {"price": "0.08", "size": "500"}, {"price": "0.1", "size": "75"}, {"price": "0.11", "size": "5.36"}, {"price": "0.14", "size": "750"}, {"price": "0.2", "size": "200"}, {"price": "0.27", "size": "200"}, {"price": "0.42", "size": "300"}, {"price": "0.47", "size": "1044"}, {"price": "0.49", "size": "125"}, {"price": "0.5", "size": "80"}, {"price": "0.52", "size": "75"}, {"price": "0.53", "size": "24.52"}, {"price": "0.54", "size": "20.37"}, {"price": "0.58", "size": "1000"}, {"price": "0.59", "size": "500"}, {"price": "0.6", "size": "166"}, {"price": "0.63", "size": "114.52"}, {"price": "0.64", "size": "45.73"}], "asks": [{"price": "0.99", "size": "1280"}, {"price": "0.98", "size": "158.84"}, {"price": "0.96", "size": "550"}, {"price": "0.95", "size": "16.46"}, {"price": "0.9", "size": "100"}, {"price": "0.83", "size": "300"}, {"price": "0.82", "size": "844"}, {"price": "0.81", "size": "200"}, {"price": "0.8", "size": "50"}, {"price": "0.79", "size": "125"}, {"price": "0.78", "size": "75"}, {"price": "0.77", "size": "56.52"}, {"price": "0.76", "size": "1045.83"}, {"price": "0.75", "size": "500"}, {"price": "0.74", "size": "220"}, {"price": "0.7", "size": "77.04"}, {"price": "0.69", "size": "35.45"}], "event_type": "book", "last_trade_price": "0.640"}, {"market": "0xd1d3b2a54e39bed95f2c6e1df1ab741ac680531458edf624511a97c78c0494c5", "asset_id": "34041003396294651296798651726319253169189817056565732232167191226466477107465", "timestamp": "1769384453626", "hash": "e360edbd1127ff8227381aba175cab40d6bfa425", "bids": [{"price": "0.01", "size": "1280"}, {"price": "0.02", "size": "158.84"}, {"price": "0.04", "size": "550"}, {"price": "0.05", "size": "16.46"}, {"price": "0.1", "size": "100"}, {"price": "0.17", "size": "300"}, {"price": "0.18", "size": "844"}, {"price": "0.19", "size": "200"}, {"price": "0.2", "size": "50"}, {"price": "0.21", "size": "125"}, {"price": "0.22", "size": "75"}, {"price": "0.23", "size": "56.52"}, {"price": "0.24", "size": "1045.83"}, {"price": "0.25", "size": "500"}, {"price": "0.26", "size": "220"}, {"price": "0.3", "size": "77.04"}, {"price": "0.31", "size": "35.45"}], "asks": [{"price": "0.99", "size": "2989.9"}, {"price": "0.98", "size": "2450"}, {"price": "0.97", "size": "10.34"}, {"price": "0.94", "size": "2000"}, {"price": "0.92", "size": "500"}, {"price": "0.9", "size": "75"}, {"price": "0.89", "size": "5.36"}, {"price": "0.86", "size": "750"}, {"price": "0.8", "size": "200"}, {"price": "0.73", "size": "200"}, {"price": "0.58", "size": "300"}, {"price": "0.53", "size": "1044"}, {"price": "0.51", "size": "125"}, {"price": "0.5", "size": "80"}, {"price": "0.48", "size": "75"}, {"price": "0.47", "size": "24.52"}, {"price": "0.46", "size": "20.37"}, {"price": "0.42", "size": "1000"}, {"price": "0.41", "size": "500"}, {"price": "0.4", "size": "166"}, {"price": "0.37", "size": "114.52"}, {"price": "0.36", "size": "45.73"}], "event_type": "book", "last_trade_price": "0.640"}]}
{"_local_timestamp": "2026-01-25T23:41:14.842107+00:00", "data": {"market": "0xd1d3b2a54e39bed95f2c6e1df1ab741ac680531458edf624511a97c78c0494c5", "price_changes": [{"asset_id": "34041003396294651296798651726319253169189817056565732232167191226466477107465", "price": "0.31", "size": "29", "side": "BUY", "hash": "e27c5c03199ab1fb231c483c70f245b9151e2190", "best_bid": "0.31", "best_ask": "0.36"}, {"asset_id": "25801117829295311231684771497097686765686003525436934988888684579966475010757", "price": "0.69", "size": "29", "side": "SELL", "hash": "69979b8977510ac40ef388db3ab9bf987809afe8", "best_bid": "0.64", "best_ask": "0.69"}], "timestamp": "1769384474714", "event_type": "price_change"}}
{"_local_timestamp": "2026-01-25T23:41:32.784597+00:00", "data": {"market": "0xd1d3b2a54e39bed95f2c6e1df1ab741ac680531458edf624511a97c78c0494c5", "price_changes": [{"asset_id": "34041003396294651296798651726319253169189817056565732232167191226466477107465", "price": "0.36", "size": "25.65", "side": "SELL", "hash": "ab61f41d1499f49b755ec2bbab686f480b3ef765", "best_bid": "0.31", "best_ask": "0.36"}, {"asset_id": "25801117829295311231684771497097686765686003525436934988888684579966475010757", "price": "0.64", "size": "25.65", "side": "BUY", "hash": "c5fe585ce3d49e5709135c30378862a85d65a3c1", "best_bid": "0.64", "best_ask": "0.69"}], "timestamp": "1769384492702", "event_type": "price_change"}}
{"_local_timestamp": "2026-01-25T23:41:47.367700+00:00", "data": {"market": "0xd1d3b2a54e39bed95f2c6e1df1ab741ac680531458edf624511a97c78c0494c5", "price_changes": [{"asset_id": "34041003396294651296798651726319253169189817056565732232167191226466477107465", "price": "0.36", "size": "35.69", "side": "SELL", "hash": "b2809220cdc638170e892f1aa2abaf5cd1f20404", "best_bid": "0.31", "best_ask": "0.36"}, {"asset_id": "25801117829295311231684771497097686765686003525436934988888684579966475010757", "price": "0.64", "size": "35.69", "side": "BUY", "hash": "f5dd1b6d4322c58a8c74d9133d40a3e18a3bbe02", "best_bid": "0.64", "best_ask": "0.69"}], "timestamp": "1769384507297", "event_type": "price_change"}}
{"_local_timestamp": "2026-01-25T23:41:47.368510+00:00", "data": {"market": "0xd1d3b2a54e39bed95f2c6e1df1ab741ac680531458edf624511a97c78c0494c5", "price_changes": [{"asset_id": "34041003396294651296798651726319253169189817056565732232167191226466477107465", "price": "0.36", "size": "45.73", "side": "SELL", "hash": "f3cba60e6f25b1cecd0cf11adfc115b21dec5072", "best_bid": "0.31", "best_ask": "0.36"}, {"asset_id": "25801117829295311231684771497097686765686003525436934988888684579966475010757", "price": "0.64", "size": "45.73", "side": "BUY", "hash": "bdb177af0a9a6b5425a94e7e6486ee1e0fd69d5b", "best_bid": "0.64", "best_ask": "0.69"}], "timestamp": "1769384507298", "event_type": "price_change"}}
{"_local_timestamp": "2026-01-25T23:42:26.053286+00:00", "data": {"market": "0xd1d3b2a54e39bed95f2c6e1df1ab741ac680531458edf624511a97c78c0494c5", "price_changes": [{"asset_id": "34041003396294651296798651726319253169189817056565732232167191226466477107465", "price": "0.36", "size": "25.65", "side": "SELL", "hash": "7197a0447918fc218b070142c2f9e48ea320c5c0", "best_bid": "0.31", "best_ask": "0.36"}, {"asset_id": "25801117829295311231684771497097686765686003525436934988888684579966475010757", "price": "0.64", "size": "25.65", "side": "BUY", "hash": "882b94134df0532570236ce8d570dd126d536cb9", "best_bid": "0.64", "best_ask": "0.69"}], "timestamp": "1769384545944", "event_type": "price_change"}}
