{"_local_timestamp": "2026-01-25T23:33:33.866351+00:00", "data": [{"market": "0x38239421519e1034b5cc2bd08737cdc91f39fd7bb250d585862ddac8299d21df", "asset_id": "13830397437393238327795771495785378556885544345007353096597671670433875690192", "timestamp": "1769382633104", "hash": "1971a2a89365533b7d1fa7732068605e5745c0dd", "bids": [{"price": "0.01", "size": "2510.31"}, {"price": "0.02", "size": "1255.29"}, {"price": "0.03", "size": "91.48"}, {"price": "0.04", "size": "1400"}, {"price": "0.05", "size": "35.49"}, {"price": "0.06", "size": "816.66"}, {"price": "0.07", "size": "485.14"}, {"price": "0.08", "size": "305.84"}, {"price": "0.09", "size": "311.11"}, {"price": "0.1", "size": "300"}, {"price": "0.11", "size": "236.36"}, {"price": "0.12", "size": "15.51"}, {"price": "0.13", "size": "184.61"}, {"price": "0.14", "size": "6.05"}, {"price": "0.15", "size": "133.33"}, {"price": "0.16", "size": "66"}, {"price": "0.17", "size": "8.5"}, {"price": "0.2", "size": "15.51"}, {"price": "0.27", "size": "40.51"}], "asks": [{"price": "0.99", "size": "3500"}, {"price": "0.98", "size": "1208.35"}, {"price": "0.96", "size": "12"}, {"price": "0.95", "size": "20"}, {"price": "0.94", "size": "933"}, {"price": "0.93", "size": "7.13"}, {"price": "0.91", "size": "377.77"}, {"price": "0.87", "size": "471.15"}, {"price": "0.84", "size": "175"}, {"price": "0.81", "size": "331.84"}, {"price": "0.8", "size": "66.66"}, {"price": "0.78", "size": "109.09"}, {"price": "0.75", "size": "80"}, {"price": "0.74", "size": "40"}, {"price": "0.73", "size": "8.5"}, {"price": "0.67", "size": "66.66"}, {"price": "0.54", "size": "72.54"}], "event_type": "book", "last_trade_price": ""}, {"market": "0x38239421519e1034b5cc2bd08737cdc91f39fd7bb250d585862ddac8299d21df", "asset_id": "27430103136648244407353726818265308687282511401286801493165238709219099062079", "timestamp": "1769382633104", "hash": "0f5cd259dec6c5346ec410c2f4069e0d35f5a031", "bids": [{"price": "0.01", "size": "3500"}, {"price": "0.02", "size": "1208.35"}, {"price": "0.04", "size": "12"}, {"price": "0.05", "size": "20"}, {"price": "0.06", "size": "933"}, {"price": "0.07", "size": "7.13"}, {"price": "0.09", "size": "377.77"}, {"price": "0.13", "size": "471.15"}, {"price": "0.16", "size": "175"}, {"price": "0.19", "size": "331.84"}, {"price": "0.2", "size": "66.66"}, {"price": "0.22", "size": "109.09"}, {"price": "0.25", "size": "80"}, {"price": "0.26", "size": "40"}, {"price": "0.27", "size": "8.5"}, {"price": "0.33", "size": "66.66"}, {"price": "0.46", "size": "72.54"}], "asks": [{"price": "0.99", "size": "2510.31"}, {"price": "0.98", "size": "1255.29"}, {"price": "0.97", "size": "91.48"}, {"price": "0.96", "size": "1400"}, {"price": "0.95", "size": "35.49"}, {"price": "0.94", "size": "816.66"}, {"price": "0.93", "size": "485.14"}, {"price": "0.92", "size": "305.84"}, {"price": "0.91", "size": "311.11"}, {"price": "0.9", "size": "300"}, {"price": "0.89", "size": "236.36"}, {"price": "0.88", "size": "15.51"}, {"price": "0.87", "size": "184.61"}, {"price": "0.86", "size": "6.05"}, {"price": "0.85", "size": "133.33"}, {"price": "0.84", "size": "66"}, {"price": "0.83", "size": "8.5"}, {"price": "0.8", "size": "15.51"}, {"price": "0.73", "size": "40.51"}], "event_type": "book", "last_trade_price": ""}, {"market": "0xce84a9b13b6aa884409323e4006cdaadca663fa67fba2c97b30a6d46368f29ca", "asset_id": "81127898812200135549766003613930614576414126613159983132878441496647766149907", "timestamp": "1769383895246", "hash": "1f3d4b218a0a8734ac6552d30ac77330a379ebbc", "bids": [{"price": "0.01", "size": "7114.67"}, {"price": "0.02", "size": "3050"}, {"price": "0.03", "size": "10.79"}, {"price": "0.04", "size": "500"}, {"price": "0.05", "size": "30"}, {"price": "0.06", "size": "783"}, {"price": "0.07", "size": "6.52"}, {"price": "0.08", "size": "200"}, {"price": "0.09", "size": "100"}, {"price": "0.1", "size": "400"}, {"price": "0.11", "size": "225"}, {"price": "0.16", "size": "200"}, {"price": "0.17", "size": "6.31"}, {"price": "0.24", "size": "38"}, {"price": "0.43", "size": "100"}, {"price": "0.44", "size": "21.84"}, {"price": "0.45", "size": "25"}, {"price": "0.77", "size": "15.8"}, {"price": "0.85", "size": "10"}], "asks": [{"price": "0.99", "size": "89.27"}, {"price": "0.98", "size": "74.71"}, {"price": "0.97", "size": "9.32"}, {"price": "0.96", "size": "37"}], "event_type": "book", "last_trade_price": ""}, {"market": "0x633b42ce6f9334eb97f975cc047177184f628a128edc84b2fe369b852458fec4", "asset_id": "54795149316708613956290445991878963671478235949820690838166152031028689857941", "timestamp": "1769383974664", "hash": "3f9363262988aa7403c54953101746f077c1f420", "bids": [{"price": "0.01", "size": "47.58"}, {"price": "0.02", "size": "9.32"}, {"price": "0.03", "size": "37.64"}, {"price": "0.04", "size": "7.52"}, {"price": "0.05", "size": "10"}, {"price": "0.06", "size": "29.64"}], "asks": [{"price": "0.99", "size": "5082.56"}, {"price": "0.98", "size": "2050"}, {"price": "0.97", "size": "12.07"}, {"price": "0.96", "size": "500"}, {"price": "0.95", "size": "330"}, {"price": "0.94", "size": "283"}, {"price": "0.93", "size": "300"}, {"price": "0.92", "size": "206.36"}, {"price": "0.91", "size": "53"}, {"price": "0.89", "size": "225"}, {"price": "0.84", "size": "150"}, {"price": "0.83", "size": "5.7"}, {"price": "0.75", "size": "166.66"}, {"price": "0.74", "size": "20"}, {"price": "0.71", "size": "6"}, {"price": "0.51", "size": "20"}, {"price": "0.48", "size": "66.66"}], "event_type": "book", "last_trade_price": ""}, {"market": "0xce84a9b13b6aa884409323e4006cdaadca663fa67fba2c97b30a6d46368f29ca", "asset_id": "97864286734478136008405767216584170149465081508744461845012807252256368987299", "timestamp": "1769383895246", "hash": "942ea72fdb22447837502f73c5f0bacb4a7ec018", "bids": [{"price": "0.01", "size": "89.27"}, {"price": "0.02", "size": "74.71"}, {"price": "0.03", "size": "9.32"}, {"price": "0.04", "size": "37"}], "asks": [{"price": "0.99", "size": "7114.67"}, {"price": "0.98", "size": "3050"}, {"price": "0.97", "size": "10.79"}, {"price": "0.96", "size": "500"}, {"price": "0.95", "size": "30"}, {"price": "0.94", "size": "783"}, {"price": "0.93", "size": "6.52"}, {"price": "0.92", "size": "200"}, {"price": "0.91", "size": "100"}, {"price": "0.9", "size": "400"}, {"price": "0.89", "size": "225"}, {"price": "0.84", "size": "200"}, {"price": "0.83", "size": "6.31"}, {"price": "0.76", "size": "38"}, {"price": "0.57", "size": "100"}, {"price": "0.56", "size": "21.84"}, {"price": "0.55", "size": "25"}, {"price": "0.23", "size": "15.8"}, {"price": "0.15", "size": "10"}], "event_type": "book", "last_trade_price": ""}, {"market": "0x633b42ce6f9334eb97f975cc047177184f628a128edc84b2fe369b852458fec4", "asset_id": "61009914642581337020699670239973966187567563176909968025485747561592032518809", "timestamp": "1769383974664", "hash": "d3d721de5cb08defe72b34f5112f52493afa5e6a", "bids": [{"price": "0.01", "size": "5082.56"}, {"price": "0.02", "size": "2050"}, {"price": "0.03", "size": "12.07"}, {"price": "0.04", "size": "500"}, {"price": "0.05", "size": "330"}, {"price": "0.06", "size": "283"}, {"price": "0.07", "size": "300"}, {"price": "0.08", "size": "206.36"}, {"price": "0.09", "size": "53"}, {"price": "0.11", "size": "225"}, {"price": "0.16", "size": "150"}, {"price": "0.17", "size": "5.7"}, {"price": "0.25", "size": "166.66"}, {"price": "0.26", "size": "20"}, {"price": "0.29", "size": "6"}, {"price": "0.49", "size": "20"}, {"price": "0.52", "size": "66.66"}], "asks": [{"price": "0.99", "size": "47.58"}, {"price": "0.98", "size": "9.32"}, {"price": "0.97", "size": "37.64"}, {"price": "0.96", "size": "7.52"}, {"price": "0.95", "size": "10"}, {"price": "0.94", "size": "29.64"}], "event_type": "book", "last_trade_price": ""}]}
{"_local_timestamp": "2026-01-25T23:34:12.953346+00:00", "data": {"market": "0x633b42ce6f9334eb97f975cc047177184f628a128edc84b2fe369b852458fec4", "price_changes": [{"asset_id": "61009914642581337020699670239973966187567563176909968025485747561592032518809", "price": "0.07", "size": "200", "side": "BUY", "hash": "9fb3563bc70d30d15898e21f9b547de7dad4fa1d", "best_bid": "0.52", "best_ask": "0.94"}, {"asset_id": "54795149316708613956290445991878963671478235949820690838166152031028689857941", "price": "0.93", "size": "200", "side": "SELL", "hash": "3e89bbcd9392e4d5a87aa5558ca8a88d48cb9c68", "best_bid": "0.06", "best_ask": "0.48"}], "timestamp": "1769384052806", "event_type": "price_change"}}
{"_local_timestamp": "2026-01-25T23:34:12.978159+00:00", "data": {"market": "0xce84a9b13b6aa884409323e4006cdaadca663fa67fba2c97b30a6d46368f29ca", "price_changes": [{"asset_id": "81127898812200135549766003613930614576414126613159983132878441496647766149907", "price": "0.09", "size": "0", "side": "BUY", "hash": "259770df3dd4a48020da392dca79c55030c9e9d2", "best_bid": "0.85", "best_ask": "0.96"}, {"asset_id": "97864286734478136008405767216584170149465081508744461845012807252256368987299", "price": "0.91", "size": "0", "side": "SELL", "hash": "53af03e08abb9b016441b32a74ddd339d310e0ad", "best_bid": "0.04", "best_ask": "0.15"}], "timestamp": "1769384052806", "event_type": "price_change"}}
{"_local_timestamp": "2026-01-25T23:34:13.378186+00:00", "data": {"market": "0x633b42ce6f9334eb97f975cc047177184f628a128edc84b2fe369b852458fec4", "price_changes": [{"asset_id": "61009914642581337020699670239973966187567563176909968025485747561592032518809", "price": "0.06", "size": "383", "side": "BUY", "hash": "aa3770388d157f05cc9287b5efbe543e26154475", "best_bid": "0.52", "best_ask": "0.94"}, {"asset_id": "54795149316708613956290445991878963671478235949820690838166152031028689857941", "price": "0.94", "size": "383", "side": "SELL", "hash": "6e8ae8220b6ae08aef8f1d577139720cc0367381", "best_bid": "0.06", "best_ask": "0.48"}], "timestamp": "1769384053266", "event_type": "price_change"}}
{"_local_timestamp": "2026-01-25T23:34:28.085693+00:00", "data": {"market": "0x633b42ce6f9334eb97f975cc047177184f628a128edc84b2fe369b852458fec4", "price_changes": [{"asset_id": "61009914642581337020699670239973966187567563176909968025485747561592032518809", "price": "0.49", "size": "0", "side": "BUY", "hash": "8b5fbd5483b2c8d9ff87b8c453326fc55f1d191c", "best_bid": "0.52", "best_ask": "0.94"}, {"asset_id": "54795149316708613956290445991878963671478235949820690838166152031028689857941", "price": "0.51", "size": "0", "side": "SELL", "hash": "d9fdd06680b74b945fcd7faa95a4db84b7b05cda", "best_bid": "0.06", "best_ask": "0.48"}], "timestamp": "1769384068001", "event_type": "price_change"}}
{"_local_timestamp": "2026-01-25T23:34:54.627682+00:00", "data": {"market": "0x633b42ce6f9334eb97f975cc047177184f628a128edc84b2fe369b852458fec4", "price_changes": [{"asset_id": "61009914642581337020699670239973966187567563176909968025485747561592032518809", "price": "0.07", "size": "100", "side": "BUY", "hash": "55e98c01f5d53cdc2bf5211e155e30cafe43d44e", "best_bid": "0.52", "best_ask": "0.94"}, {"asset_id": "54795149316708613956290445991878963671478235949820690838166152031028689857941", "price": "0.93", "size": "100", "side": "SELL", "hash": "a4427d0d34bc7410a265ef3846e752f3222cef61", "best_bid": "0.06", "best_ask": "0.48"}], "timestamp": "1769384094546", "event_type": "price_change"}}
{"_local_timestamp": "2026-01-25T23:34:54.993382+00:00", "data": {"market": "0x633b42ce6f9334eb97f975cc047177184f628a128edc84b2fe369b852458fec4", "price_changes": [{"asset_id": "61009914642581337020699670239973966187567563176909968025485747561592032518809", "price": "0.06", "size": "483", "side": "BUY", "hash": "73c46b22f23b81e5b6db0c6d8886435d9b7f5416", "best_bid": "0.52", "best_ask": "0.94"}, {"asset_id": "54795149316708613956290445991878963671478235949820690838166152031028689857941", "price": "0.94", "size": "483", "side": "SELL", "hash": "82f5d135d899540b406d9051ba95c7f6c9662f54", "best_bid": "0.06", "best_ask": "0.48"}], "timestamp": "1769384094891", "event_type": "price_change"}}
{"_local_timestamp": "2026-01-25T23:34:59.901539+00:00", "data": {"market": "0xce84a9b13b6aa884409323e4006cdaadca663fa67fba2c97b30a6d46368f29ca", "price_changes": [{"asset_id": "97864286734478136008405767216584170149465081508744461845012807252256368987299", "price": "0.02", "size": "60", "side": "BUY", "hash": "f49aadc976c1e66455a6595f3d6d5ccfd5bb1d4b", "best_bid": "0.04", "best_ask": "0.15"}, {"asset_id": "81127898812200135549766003613930614576414126613159983132878441496647766149907", "price": "0.98", "size": "60", "side": "SELL", "hash": "3a27a38ac5a5a25c3ab7de23f798e6d402ec7692", "best_bid": "0.85", "best_ask": "0.96"}], "timestamp": "1769384099821", "event_type": "price_change"}}
{"_local_timestamp": "2026-01-25T23:35:00.623566+00:00", "data": {"market": "0xce84a9b13b6aa884409323e4006cdaadca663fa67fba2c97b30a6d46368f29ca", "price_changes": [{"asset_id": "97864286734478136008405767216584170149465081508744461845012807252256368987299", "price": "0.02", "size": "74.71", "side": "BUY", "hash": "cbeb9bfca48df3cec10e0409b72cd50377a21921", "best_bid": "0.04", "best_ask": "0.15"}, {"asset_id": "81127898812200135549766003613930614576414126613159983132878441496647766149907", "price": "0.98", "size": "74.71", "side": "SELL", "hash": "f863d6fcc75ff6b65127538f4948a99d88661a7f", "best_bid": "0.85", "best_ask": "0.96"}], "timestamp": "1769384100551", "event_type": "price_change"}}
{"_local_timestamp": "2026-01-25T23:35:02.078120+00:00", "data": {"market": "0x633b42ce6f9334eb97f975cc047177184f628a128edc84b2fe369b852458fec4", "price_changes": [{"asset_id": "54795149316708613956290445991878963671478235949820690838166152031028689857941", "price": "0.01", "size": "29.64", "side": "BUY", "hash": "02bb2b67514aefe28bbeeb7a8a84a0c50e77330e", "best_bid": "0.06", "best_ask": "0.48"}, {"asset_id": "61009914642581337020699670239973966187567563176909968025485747561592032518809", "price": "0.99", "size": "29.64", "side": "SELL", "hash": "372cccf20fe9e80e82feca202f94f093183b021b", "best_bid": "0.52", "best_ask": "0.94"}], "timestamp": "1769384102002", "event_type": "price_change"}}
{"_local_timestamp": "2026-01-25T23:35:02.372059+00:00", "data": {"market": "0x633b42ce6f9334eb97f975cc047177184f628a128edc84b2fe369b852458fec4", "price_changes": [{"asset_id": "54795149316708613956290445991878963671478235949820690838166152031028689857941", "price": "0.01", "size": "47.58", "side": "BUY", "hash": "9eeed4a069a44391a753d2713c425973d20c8e15", "best_bid": "0.06", "best_ask": "0.48"}, {"asset_id": "61009914642581337020699670239973966187567563176909968025485747561592032518809", "price": "0.99", "size": "47.58", "side": "SELL", "hash": "1bdecdba465b094d49eac4dccca9d1cb6fe61963", "best_bid": "0.52", "best_ask": "0.94"}], "timestamp": "1769384102310", "event_type": "price_change"}}
{"_local_timestamp": "2026-01-25T23:35:12.175368+00:00", "data": {"market": "0x633b42ce6f9334eb97f975cc047177184f628a128edc84b2fe369b852458fec4", "price_changes": [{"asset_id": "61009914642581337020699670239973966187567563176909968025485747561592032518809", "price": "0.52", "size": "0", "side": "BUY", "hash": "22c4f3f40ea9353c407a570c2cbea093e47854cd", "best_bid": "0.29", "best_ask": "0.94"}, {"asset_id": "54795149316708613956290445991878963671478235949820690838166152031028689857941", "price": "0.48", "size": "0", "side": "SELL", "hash": "30b95649d6c39c8176bde16734c32b65537501f1", "best_bid": "0.06", "best_ask": "0.71"}], "timestamp": "1769384112066", "event_type": "price_change"}}
{"_local_timestamp": "2026-01-25T23:35:12.176151+00:00", "data": {"market": "0x633b42ce6f9334eb97f975cc047177184f628a128edc84b2fe369b852458fec4", "price_changes": [{"asset_id": "61009914642581337020699670239973966187567563176909968025485747561592032518809", "price": "0.25", "size": "100", "side": "BUY", "hash": "22c4f3f40ea9353c407a570c2cbea093e47854cd", "best_bid": "0.29", "best_ask": "0.94"}, {"asset_id": "54795149316708613956290445991878963671478235949820690838166152031028689857941", "price": "0.75", "size": "100", "side": "SELL", "hash": "30b95649d6c39c8176bde16734c32b65537501f1", "best_bid": "0.06", "best_ask": "0.71"}], "timestamp": "1769384112066", "event_type": "price_change"}}
{"_local_timestamp": "2026-01-25T23:35:12.207887+00:00", "data": {"market": "0x633b42ce6f9334eb97f975cc047177184f628a128edc84b2fe369b852458fec4", "price_changes": [{"asset_id": "61009914642581337020699670239973966187567563176909968025485747561592032518809", "price": "0.37", "size": "20", "side": "BUY", "hash": "9ac06dd2afc5c350cbabaa7a3de7f8f76f4bc1a2", "best_bid": "0.37", "best_ask": "0.94"}, {"asset_id": "54795149316708613956290445991878963671478235949820690838166152031028689857941", "price": "0.63", "size": "20", "side": "SELL", "hash": "54ae987c040e0dc1a5f1bcb582a537b1eab1f0f1", "best_bid": "0.06", "best_ask": "0.63"}], "timestamp": "1769384112125", "event_type": "price_change"}}
{"_local_timestamp": "2026-01-25T23:35:12.568936+00:00", "data": {"market": "0x633b42ce6f9334eb97f975cc047177184f628a128edc84b2fe369b852458fec4", "price_changes": [{"asset_id": "61009914642581337020699670239973966187567563176909968025485747561592032518809", "price": "0.3", "size": "66.66", "side": "BUY", "hash": "4d5819423d9cc9ed15d2ee47a2401ff2abb5b5c5", "best_bid": "0.37", "best_ask": "0.94"}, {"asset_id": "54795149316708613956290445991878963671478235949820690838166152031028689857941", "price": "0.7", "size": "66.66", "side": "SELL", "hash": "b1caac70a317d525c9669f9c30b0f7b0128e5ee0", "best_bid": "0.06", "best_ask": "0.63"}], "timestamp": "1769384112504", "event_type": "price_change"}}
{"_local_timestamp": "2026-01-25T23:35:12.599088+00:00", "data": {"market": "0x633b42ce6f9334eb97f975cc047177184f628a128edc84b2fe369b852458fec4", "price_changes": [{"asset_id": "61009914642581337020699670239973966187567563176909968025485747561592032518809", "price": "0.15", "size": "66.66", "side": "BUY", "hash": "d3f919f077ea8f50450acdcd2c187be848d5c139", "best_bid": "0.37", "best_ask": "0.94"}, {"asset_id": "54795149316708613956290445991878963671478235949820690838166152031028689857941", "price": "0.85", "size": "66.66", "side": "SELL", "hash": "45befef5efb6d8da1da5f76c6680ff945e372199", "best_bid": "0.06", "best_ask": "0.63"}], "timestamp": "1769384112533", "event_type": "price_change"}}
{"_local_timestamp": "2026-01-25T23:35:17.453872+00:00", "data": {"market": "0x633b42ce6f9334eb97f975cc047177184f628a128edc84b2fe369b852458fec4", "price_changes": [{"asset_id": "61009914642581337020699670239973966187567563176909968025485747561592032518809", "price": "0.26", "size": "0", "side": "BUY", "hash": "5a2e7f53ef5fd7b82493e0eed9ed08016dcd603e", "best_bid": "0.37", "best_ask": "0.94"}, {"asset_id": "54795149316708613956290445991878963671478235949820690838166152031028689857941", "price": "0.74", "size": "0", "side": "SELL", "hash": "1e8d83ac019f1a8b649316f582b196c58923c94e", "best_bid": "0.06", "best_ask": "0.63"}], "timestamp": "1769384117386", "event_type": "price_change"}}
{"_local_timestamp": "2026-01-25T23:35:17.483415+00:00", "data": {"market": "0x633b42ce6f9334eb97f975cc047177184f628a128edc84b2fe369b852458fec4", "price_changes": [{"asset_id": "61009914642581337020699670239973966187567563176909968025485747561592032518809", "price": "0.38", "size": "20", "side": "BUY", "hash": "3c278aeee6a0278d4391f42cc60f68e3e94e2155", "best_bid": "0.38", "best_ask": "0.94"}, {"asset_id": "54795149316708613956290445991878963671478235949820690838166152031028689857941", "price": "0.62", "size": "20", "side": "SELL", "hash": "292153c1e2b149e9736919c8641ef5d177506cea", "best_bid": "0.06", "best_ask": "0.62"}], "timestamp": "1769384117413", "event_type": "price_change"}}
{"_local_timestamp": "2026-01-25T23:35:17.493357+00:00", "data": {"market": "0x633b42ce6f9334eb97f975cc047177184f628a128edc84b2fe369b852458fec4", "price_changes": [{"asset_id": "61009914642581337020699670239973966187567563176909968025485747561592032518809", "price": "0.37", "size": "0", "side": "BUY", "hash": "23c6a8edf3ff7ad9de176bc2ab08c21edb28e81b", "best_bid": "0.38", "best_ask": "0.94"}, {"asset_id": "54795149316708613956290445991878963671478235949820690838166152031028689857941", "price": "0.63", "size": "0", "side": "SELL", "hash": "3f60be16da74334327646766643e5dd2694b76d0", "best_bid": "0.06", "best_ask": "0.62"}], "timestamp": "1769384117431", "event_type": "price_change"}}
{"_local_timestamp": "2026-01-25T23:35:17.519294+00:00", "data": {"market": "0x633b42ce6f9334eb97f975cc047177184f628a128edc84b2fe369b852458fec4", "price_changes": [{"asset_id": "61009914642581337020699670239973966187567563176909968025485747561592032518809", "price": "0.49", "size": "20", "side": "BUY", "hash": "34524f5b5a366cea05d184d8a40f6274ed290292", "best_bid": "0.49", "best_ask": "0.94"}, {"asset_id": "54795149316708613956290445991878963671478235949820690838166152031028689857941", "price": "0.51", "size": "20", "side": "SELL", "hash": "9f345ccf25646205c3f6d950fa95747c08b8cdbd", "best_bid": "0.06", "best_ask": "0.51"}], "timestamp": "1769384117454", "event_type": "price_change"}}
{"_local_timestamp": "2026-01-25T23:35:21.795521+00:00", "data": {"market": "0x633b42ce6f9334eb97f975cc047177184f628a128edc84b2fe369b852458fec4", "price_changes": [{"asset_id": "61009914642581337020699670239973966187567563176909968025485747561592032518809", "price": "0.38", "size": "0", "side": "BUY", "hash": "7fd8c843d884c3f600b8a26dc139c0e958aca7b6", "best_bid": "0.49", "best_ask": "0.94"}, {"asset_id": "54795149316708613956290445991878963671478235949820690838166152031028689857941", "price": "0.62", "size": "0", "side": "SELL", "hash": "6ce162f01d4fbf1567a1095e3f00e6d90dc50359", "best_bid": "0.06", "best_ask": "0.51"}], "timestamp": "1769384121725", "event_type": "price_change"}}
{"_local_timestamp": "2026-01-25T23:35:21.819988+00:00", "data": {"market": "0x633b42ce6f9334eb97f975cc047177184f628a128edc84b2fe369b852458fec4", "price_changes": [{"asset_id": "61009914642581337020699670239973966187567563176909968025485747561592032518809", "price": "0.31", "size": "20", "side": "BUY", "hash": "6b0cb25d7a31c9dea3cdc3b898a5d0d1a14af596", "best_bid": "0.49", "best_ask": "0.94"}, {"asset_id": "54795149316708613956290445991878963671478235949820690838166152031028689857941", "price": "0.69", "size": "20", "side": "SELL", "hash": "56e094276e64f9a076b23bf1ba6c6eaf17574381", "best_bid": "0.06", "best_ask": "0.51"}], "timestamp": "1769384121750", "event_type": "price_change"}}
{"_local_timestamp": "2026-01-25T23:36:02.395267+00:00", "data": {"market": "0x633b42ce6f9334eb97f975cc047177184f628a128edc84b2fe369b852458fec4", "price_changes": [{"asset_id": "61009914642581337020699670239973966187567563176909968025485747561592032518809", "price": "0.16", "size": "0", "side": "BUY", "hash": "2d69882acea02753a2b908ef722a77ee02a8d551", "best_bid": "0.49", "best_ask": "0.94"}, {"asset_id": "54795149316708613956290445991878963671478235949820690838166152031028689857941", "price": "0.84", "size": "0", "side": "SELL", "hash": "82af6b406e37620560911c2b36850c27ef60e4c6", "best_bid": "0.06", "best_ask": "0.51"}], "timestamp": "1769384162272", "event_type": "price_change"}}
{"_local_timestamp": "2026-01-25T23:36:02.395901+00:00", "data": {"market": "0x633b42ce6f9334eb97f975cc047177184f628a128edc84b2fe369b852458fec4", "price_changes": [{"asset_id": "61009914642581337020699670239973966187567563176909968025485747561592032518809", "price": "0.11", "size": "0", "side": "BUY", "hash": "2d69882acea02753a2b908ef722a77ee02a8d551", "best_bid": "0.49", "best_ask": "0.94"}, {"asset_id": "54795149316708613956290445991878963671478235949820690838166152031028689857941", "price": "0.89", "size": "0", "side": "SELL", "hash": "82af6b406e37620560911c2b36850c27ef60e4c6", "best_bid": "0.06", "best_ask": "0.51"}], "timestamp": "1769384162272", "event_type": "price_change"}}
{"_local_timestamp": "2026-01-25T23:36:02.396146+00:00", "data": {"market": "0x633b42ce6f9334eb97f975cc047177184f628a128edc84b2fe369b852458fec4", "price_changes": [{"asset_id": "61009914642581337020699670239973966187567563176909968025485747561592032518809", "price": "0.25", "size": "0", "side": "BUY", "hash": "2d69882acea02753a2b908ef722a77ee02a8d551", "best_bid": "0.49", "best_ask": "0.94"}, {"asset_id": "54795149316708613956290445991878963671478235949820690838166152031028689857941", "price": "0.75", "size": "0", "side": "SELL", "hash": "82af6b406e37620560911c2b36850c27ef60e4c6", "best_bid": "0.06", "best_ask": "0.51"}], "timestamp": "1769384162272", "event_type": "price_change"}}
{"_local_timestamp": "2026-01-25T23:36:57.919248+00:00", "data": {"market": "0x633b42ce6f9334eb97f975cc047177184f628a128edc84b2fe369b852458fec4", "price_changes": [{"asset_id": "61009914642581337020699670239973966187567563176909968025485747561592032518809", "price": "0.09", "size": "0", "side": "BUY", "hash": "7dbb75d0cf433398cf79a73e876f9e92e1b43e24", "best_bid": "0.49", "best_ask": "0.94"}, {"asset_id": "54795149316708613956290445991878963671478235949820690838166152031028689857941", "price": "0.91", "size": "0", "side": "SELL", "hash": "17a2edddba53497c6fe2a5d6e3c618cb954ea79b", "best_bid": "0.06", "best_ask": "0.51"}], "timestamp": "1769384217254", "event_type": "price_change"}}
{"_local_timestamp": "2026-01-25T23:37:00.510989+00:00", "data": {"market": "0x633b42ce6f9334eb97f975cc047177184f628a128edc84b2fe369b852458fec4", "price_changes": [{"asset_id": "61009914642581337020699670239973966187567563176909968025485747561592032518809", "price": "0.01", "size": "2582.56", "side": "BUY", "hash": "dd3de50a0ccb9909efb10acf6c4d06124e1197da", "best_bid": "0.49", "best_ask": "0.94"}, {"asset_id": "54795149316708613956290445991878963671478235949820690838166152031028689857941", "price": "0.99", "size": "2582.56", "side": "SELL", "hash": "66bd4aa642939cf53bd4d4619c84216e66c57a9a", "best_bid": "0.06", "best_ask": "0.51"}], "timestamp": "1769384220307", "event_type": "price_change"}}
{"_local_timestamp": "2026-01-25T23:37:00.511586+00:00", "data": {"market": "0x633b42ce6f9334eb97f975cc047177184f628a128edc84b2fe369b852458fec4", "price_changes": [{"asset_id": "61009914642581337020699670239973966187567563176909968025485747561592032518809", "price": "0.02", "size": "1250", "side": "BUY", "hash": "dd3de50a0ccb9909efb10acf6c4d06124e1197da", "best_bid": "0.49", "best_ask": "0.94"}, {"asset_id": "54795149316708613956290445991878963671478235949820690838166152031028689857941", "price": "0.98", "size": "1250", "side": "SELL", "hash": "66bd4aa642939cf53bd4d4619c84216e66c57a9a", "best_bid": "0.06", "best_ask": "0.51"}], "timestamp": "1769384220307", "event_type": "price_change"}}
