{"_local_timestamp": "2026-01-25T23:40:43.363906+00:00", "data": [{"market": "0x633b42ce6f9334eb97f975cc047177184f628a128edc84b2fe369b852458fec4", "asset_id": "54795149316708613956290445991878963671478235949820690838166152031028689857941", "timestamp": "1769384440702", "hash": "c8cc2cfd15ab3a8d9b18c634611fd7c3ff3c2e4e", "bids": [{"price": "0.01", "size": "47.58"}, {"price": "0.02", "size": "9.32"}, {"price": "0.03", "size": "37.64"}, {"price": "0.04", "size": "7.52"}, {"price": "0.05", "size": "10"}, {"price": "0.06", "size": "29.64"}], "asks": [{"price": "0.99", "size": "2582.56"}, {"price": "0.98", "size": "1250"}, {"price": "0.97", "size": "5.13"}, {"price": "0.96", "size": "500"}, {"price": "0.95", "size": "336.84"}, {"price": "0.94", "size": "483"}, {"price": "0.93", "size": "100"}, {"price": "0.92", "size": "200"}, {"price": "0.91", "size": "5.47"}, {"price": "0.85", "size": "66.66"}, {"price": "0.84", "size": "5.32"}, {"price": "0.83", "size": "75"}, {"price": "0.71", "size": "6"}, {"price": "0.66", "size": "158"}, {"price": "0.65", "size": "20"}, {"price": "0.64", "size": "66.66"}, {"price": "0.63", "size": "20"}], "event_type": "book", "last_trade_price": ""}, {"market": "0x38239421519e1034b5cc2bd08737cdc91f39fd7bb250d585862ddac8299d21df", "asset_id": "27430103136648244407353726818265308687282511401286801493165238709219099062079", "timestamp": "1769382633104", "hash": "0f5cd259dec6c5346ec410c2f4069e0d35f5a031", "bids": [{"price": "0.01", "size": "3500"}, {"price": "0.02", "size": "1208.35"}, {"price": "0.04", "size": "12"}, {"price": "0.05", "size": "20"}, {"price": "0.06", "size": "933"}, {"price": "0.07", "size": "7.13"}, {"price": "0.09", "size": "377.77"}, {"price": "0.13", "size": "471.15"}, {"price": "0.16", "size": "175"}, {"price": "0.19", "size": "331.84"}, {"price": "0.2", "size": "66.66"}, {"price": "0.22", "size": "109.09"}, {"price": "0.25", "size": "80"}, {"price": "0.26", "size": "40"}, {"price": "0.27", "size": "8.5"}, {"price": "0.33", "size": "66.66"}, {"price": "0.46", "size": "72.54"}], "asks": [{"price": "0.99", "size": "2510.31"}, {"price": "0.98", "size": "1255.29"}, {"price": "0.97", "size": "91.48"}, {"price": "0.96", "size": "1400"}, {"price": "0.95", "size": "35.49"}, {"price": "0.94", "size": "816.66"}, {"price": "0.93", "size": "485.14"}, {"price": "0.92", "size": "305.84"}, {"price": "0.91", "size": "311.11"}, {"price": "0.9", "size": "300"}, {"price": "0.89", "size": "236.36"}, {"price": "0.88", "size": "15.51"}, {"price": "0.87", "size": "184.61"}, {"price": "0.86", "size": "6.05"}, {"price": "0.85", "size": "133.33"}, {"price": "0.84", "size": "66"}, {"price": "0.83", "size": "8.5"}, {"price": "0.8", "size": "15.51"}, {"price": "0.73", "size": "40.51"}], "event_type": "book", "last_trade_price": ""}, {"market": "0x38239421519e1034b5cc2bd08737cdc91f39fd7bb250d585862ddac8299d21df", "asset_id": "13830397437393238327795771495785378556885544345007353096597671670433875690192", "timestamp": "1769382633104", "hash": "1971a2a89365533b7d1fa7732068605e5745c0dd", "bids": [{"price": "0.01", "size": "2510.31"}, {"price": "0.02", "size": "1255.29"}, {"price": "0.03", "size": "91.48"}, {"price": "0.04", "size": "1400"}, {"price": "0.05", "size": "35.49"}, {"price": "0.06", "size": "816.66"}, {"price": "0.07", "size": "485.14"}, {"price": "0.08", "size": "305.84"}, {"price": "0.09", "size": "311.11"}, {"price": "0.1", "size": "300"}, {"price": "0.11", "size": "236.36"}, {"price": "0.12", "size": "15.51"}, {"price": "0.13", "size": "184.61"}, {"price": "0.14", "size": "6.05"}, {"price": "0.15", "size": "133.33"}, {"price": "0.16", "size": "66"}, {"price": "0.17", "size": "8.5"}, {"price": "0.2", "size": "15.51"}, {"price": "0.27", "size": "40.51"}], "asks": [{"price": "0.99", "size": "3500"}, {"price": "0.98", "size": "1208.35"}, {"price": "0.96", "size": "12"}, {"price": "0.95", "size": "20"}, {"price": "0.94", "size": "933"}, {"price": "0.93", "size": "7.13"}, {"price": "0.91", "size": "377.77"}, {"price": "0.87", "size": "471.15"}, {"price": "0.84", "size": "175"}, {"price": "0.81", "size": "331.84"}, {"price": "0.8", "size": "66.66"}, {"price": "0.78", "size": "109.09"}, {"price": "0.75", "size": "80"}, {"price": "0.74", "size": "40"}, {"price": "0.73", "size": "8.5"}, {"price": "0.67", "size": "66.66"}, {"price": "0.54", "size": "72.54"}], "event_type": "book", "last_trade_price": ""}, {"market": "0xce84a9b13b6aa884409323e4006cdaadca663fa67fba2c97b30a6d46368f29ca", "asset_id": "81127898812200135549766003613930614576414126613159983132878441496647766149907", "timestamp": "1769384421396", "hash": "0082010937fa090e2af68d871f099792045e0a9a", "bids": [{"price": "0.01", "size": "7114.67"}, {"price": "0.02", "size": "3050"}, {"price": "0.03", "size": "10.79"}, {"price": "0.04", "size": "500"}, {"price": "0.05", "size": "30"}, {"price": "0.06", "size": "783"}, {"price": "0.07", "size": "200"}, {"price": "0.08", "size": "105.71"}, {"price": "0.1", "size": "200"}, {"price": "0.11", "size": "225"}, {"price": "0.16", "size": "200"}, {"price": "0.17", "size": "6.31"}, {"price": "0.24", "size": "38"}, {"price": "0.43", "size": "100"}, {"price": "0.44", "size": "21.84"}, {"price": "0.45", "size": "25"}, {"price": "0.77", "size": "15.8"}, {"price": "0.85", "size": "10"}], "asks": [{"price": "0.99", "size": "89.27"}, {"price": "0.98", "size": "74.71"}, {"price": "0.97", "size": "9.32"}, {"price": "0.96", "size": "37"}], "event_type": "book", "last_trade_price": ""}, {"market": "0xce84a9b13b6aa884409323e4006cdaadca663fa67fba2c97b30a6d46368f29ca", "asset_id": "97864286734478136008405767216584170149465081508744461845012807252256368987299", "timestamp": "1769384421396", "hash": "65040ac010007ad45778b2e7eb7ddd915712d67a", "bids": [{"price": "0.01", "size": "89.27"}, {"price": "0.02", "size": "74.71"}, {"price": "0.03", "size": "9.32"}, {"price": "0.04", "size": "37"}], "asks": [{"price": "0.99", "size": "7114.67"}, {"price": "0.98", "size": "3050"}, {"price": "0.97", "size": "10.79"}, {"price": "0.96", "size": "500"}, {"price": "0.95", "size": "30"}, {"price": "0.94", "size": "783"}, {"price": "0.93", "size": "200"}, {"price": "0.92", "size": "105.71"}, {"price": "0.9", "size": "200"}, {"price": "0.89", "size": "225"}, {"price": "0.84", "size": "200"}, {"price": "0.83", "size": "6.31"}, {"price": "0.76", "size": "38"}, {"price": "0.57", "size": "100"}, {"price": "0.56", "size": "21.84"}, {"price": "0.55", "size": "25"}, {"price": "0.23", "size": "15.8"}, {"price": "0.15", "size": "10"}], "event_type": "book", "last_trade_price": ""}, {"market": "0x633b42ce6f9334eb97f975cc047177184f628a128edc84b2fe369b852458fec4", "asset_id": "61009914642581337020699670239973966187567563176909968025485747561592032518809", "timestamp": "1769384440702", "hash": "2d4445a00e256926f809c7d7707fdbd07e50031d", "bids": [{"price": "0.01", "size": "2582.56"}, {"price": "0.02", "size": "1250"}, {"price": "0.03", "size": "5.13"}, {"price": "0.04", "size": "500"}, {"price": "0.05", "size": "336.84"}, {"price": "0.06", "size": "483"}, {"price": "0.07", "size": "100"}, {"price": "0.08", "size": "200"}, {"price": "0.09", "size": "5.47"}, {"price": "0.15", "size": "66.66"}, {"price": "0.16", "size": "5.32"}, {"price": "0.17", "size": "75"}, {"price": "0.29", "size": "6"}, {"price": "0.34", "size": "158"}, {"price": "0.35", "size": "20"}, {"price": "0.36", "size": "66.66"}, {"price": "0.37", "size": "20"}], "asks": [{"price": "0.99", "size": "47.58"}, {"price": "0.98", "size": "9.32"}, {"price": "0.97", "size": "37.64"}, {"price": "0.96", "size": "7.52"}, {"price": "0.95", "size": "10"}, {"price": "0.94", "size": "29.64"}], "event_type": "book", "last_trade_price": ""}]}
{"_local_timestamp": "2026-01-25T23:40:44.663723+00:00", "data": {"market": "0x633b42ce6f9334eb97f975cc047177184f628a128edc84b2fe369b852458fec4", "price_changes": [{"asset_id": "61009914642581337020699670239973966187567563176909968025485747561592032518809", "price": "0.35", "size": "0", "side": "BUY", "hash": "452ff9355eeee5a37ab5368a2416df11c5e1b315", "best_bid": "0.37", "best_ask": "0.94"}, {"asset_id": "54795149316708613956290445991878963671478235949820690838166152031028689857941", "price": "0.65", "size": "0", "side": "SELL", "hash": "07a0c78d5ecae27ab4ce49e494c67bae4daa54d3", "best_bid": "0.06", "best_ask": "0.63"}], "timestamp": "1769384444594", "event_type": "price_change"}}
{"_local_timestamp": "2026-01-25T23:40:44.693074+00:00", "data": {"market": "0x633b42ce6f9334eb97f975cc047177184f628a128edc84b2fe369b852458fec4", "price_changes": [{"asset_id": "61009914642581337020699670239973966187567563176909968025485747561592032518809", "price": "0.38", "size": "20", "side": "BUY", "hash": "2c728f06b282f473d15810116bf8c35cd8987418", "best_bid": "0.38", "best_ask": "0.94"}, {"asset_id": "54795149316708613956290445991878963671478235949820690838166152031028689857941", "price": "0.62", "size": "20", "side": "SELL", "hash": "0d528fe3200fec9a3baef963f3b06382763b6060", "best_bid": "0.06", "best_ask": "0.62"}], "timestamp": "1769384444624", "event_type": "price_change"}}
{"_local_timestamp": "2026-01-25T23:40:44.716568+00:00", "data": {"market": "0x633b42ce6f9334eb97f975cc047177184f628a128edc84b2fe369b852458fec4", "price_changes": [{"asset_id": "61009914642581337020699670239973966187567563176909968025485747561592032518809", "price": "0.37", "size": "0", "side": "BUY", "hash": "1f5e43924a2d976458ac75c628d85dc05f30da91", "best_bid": "0.38", "best_ask": "0.94"}, {"asset_id": "54795149316708613956290445991878963671478235949820690838166152031028689857941", "price": "0.63", "size": "0", "side": "SELL", "hash": "b5a7f061d03a8a585330120c1472ae7305b8f918", "best_bid": "0.06", "best_ask": "0.62"}], "timestamp": "1769384444644", "event_type": "price_change"}}
{"_local_timestamp": "2026-01-25T23:40:44.733096+00:00", "data": {"market": "0x633b42ce6f9334eb97f975cc047177184f628a128edc84b2fe369b852458fec4", "price_changes": [{"asset_id": "61009914642581337020699670239973966187567563176909968025485747561592032518809", "price": "0.48", "size": "20", "side": "BUY", "hash": "766ee452fbd999e712e1ba1995e9b05325a1130c", "best_bid": "0.48", "best_ask": "0.94"}, {"asset_id": "54795149316708613956290445991878963671478235949820690838166152031028689857941", "price": "0.52", "size": "20", "side": "SELL", "hash": "f500c55daa9deeed2c75b4478de3df508aab0ba7", "best_bid": "0.06", "best_ask": "0.52"}], "timestamp": "1769384444667", "event_type": "price_change"}}
{"_local_timestamp": "2026-01-25T23:40:49.765322+00:00", "data": {"market": "0x633b42ce6f9334eb97f975cc047177184f628a128edc84b2fe369b852458fec4", "price_changes": [{"asset_id": "61009914642581337020699670239973966187567563176909968025485747561592032518809", "price": "0.38", "size": "0", "side": "BUY", "hash": "e243348a9feb96863dc5da054900c5107d4ea6b2", "best_bid": "0.48", "best_ask": "0.94"}, {"asset_id": "54795149316708613956290445991878963671478235949820690838166152031028689857941", "price": "0.62", "size": "0", "side": "SELL", "hash": "5caf110d95f8b4186b3038cd0e5b828acba1e63f", "best_bid": "0.06", "best_ask": "0.52"}], "timestamp": "1769384449697", "event_type": "price_change"}}
{"_local_timestamp": "2026-01-25T23:40:49.794408+00:00", "data": {"market": "0x633b42ce6f9334eb97f975cc047177184f628a128edc84b2fe369b852458fec4", "price_changes": [{"asset_id": "61009914642581337020699670239973966187567563176909968025485747561592032518809", "price": "0.37", "size": "20", "side": "BUY", "hash": "086f0c26d1ce45f9be35e82105ceb276786c6ecf", "best_bid": "0.48", "best_ask": "0.94"}, {"asset_id": "54795149316708613956290445991878963671478235949820690838166152031028689857941", "price": "0.63", "size": "20", "side": "SELL", "hash": "a4c9ac5e89c58c743bfa473f614157c9dada3b89", "best_bid": "0.06", "best_ask": "0.52"}], "timestamp": "1769384449730", "event_type": "price_change"}}
{"_local_timestamp": "2026-01-25T23:40:53.570285+00:00", "data": {"market": "0x633b42ce6f9334eb97f975cc047177184f628a128edc84b2fe369b852458fec4", "price_changes": [{"asset_id": "61009914642581337020699670239973966187567563176909968025485747561592032518809", "price": "0.08", "size": "500", "side": "BUY", "hash": "49cac697d31d5feab61b939f087075ec86b5dd64", "best_bid": "0.48", "best_ask": "0.94"}, {"asset_id": "54795149316708613956290445991878963671478235949820690838166152031028689857941", "price": "0.92", "size": "500", "side": "SELL", "hash": "89965412e41c28e2fe5a41975773f0ad27a5c695", "best_bid": "0.06", "best_ask": "0.52"}], "timestamp": "1769384453495", "event_type": "price_change"}}
{"_local_timestamp": "2026-01-25T23:40:53.578710+00:00", "data": {"market": "0x633b42ce6f9334eb97f975cc047177184f628a128edc84b2fe369b852458fec4", "price_changes": [{"asset_id": "61009914642581337020699670239973966187567563176909968025485747561592032518809", "price": "0.01", "size": "5082.56", "side": "BUY", "hash": "10c8219b635a938f2d2304e457b58606d576450a", "best_bid": "0.48", "best_ask": "0.94"}, {"asset_id": "54795149316708613956290445991878963671478235949820690838166152031028689857941", "price": "0.99", "size": "5082.56", "side": "SELL", "hash": "3dd0449cf453938cba94a0e601e006eb802a375d", "best_bid": "0.06", "best_ask": "0.52"}], "timestamp": "1769384453496", "event_type": "price_change"}}
{"_local_timestamp": "2026-01-25T23:40:53.579760+00:00", "data": {"market": "0x633b42ce6f9334eb97f975cc047177184f628a128edc84b2fe369b852458fec4", "price_changes": [{"asset_id": "61009914642581337020699670239973966187567563176909968025485747561592032518809", "price": "0.02", "size": "2050", "side": "BUY", "hash": "3de3c70b24707717608470746ddd9424d95bf3b0", "best_bid": "0.48", "best_ask": "0.94"}, {"asset_id": "54795149316708613956290445991878963671478235949820690838166152031028689857941", "price": "0.98", "size": "2050", "side": "SELL", "hash": "faeab8e4454a65fb520e587b3a44dd4cb253ade1", "best_bid": "0.06", "best_ask": "0.52"}], "timestamp": "1769384453497", "event_type": "price_change"}}
{"_local_timestamp": "2026-01-25T23:40:54.362894+00:00", "data": {"market": "0x633b42ce6f9334eb97f975cc047177184f628a128edc84b2fe369b852458fec4", "price_changes": [{"asset_id": "61009914642581337020699670239973966187567563176909968025485747561592032518809", "price": "0.34", "size": "0", "side": "BUY", "hash": "3e8d2683a6a6df55cf285f517e7df96c333086a2", "best_bid": "0.48", "best_ask": "0.94"}, {"asset_id": "54795149316708613956290445991878963671478235949820690838166152031028689857941", "price": "0.66", "size": "0", "side": "SELL", "hash": "74121e7c195128ab84704947b8d4140ed4e1d251", "best_bid": "0.06", "best_ask": "0.52"}], "timestamp": "1769384454295", "event_type": "price_change"}}
{"_local_timestamp": "2026-01-25T23:41:40.310449+00:00", "data": {"market": "0x633b42ce6f9334eb97f975cc047177184f628a128edc84b2fe369b852458fec4", "price_changes": [{"asset_id": "61009914642581337020699670239973966187567563176909968025485747561592032518809", "price": "0.08", "size": "200", "side": "BUY", "hash": "e73de25a431ee36db88aead94e7fcaa1e9b5ed89", "best_bid": "0.48", "best_ask": "0.94"}, {"asset_id": "54795149316708613956290445991878963671478235949820690838166152031028689857941", "price": "0.92", "size": "200", "side": "SELL", "hash": "dbd4b5311ff168efe72af72a537e95c280ad82c2", "best_bid": "0.06", "best_ask": "0.52"}], "timestamp": "1769384500204", "event_type": "price_change"}}
{"_local_timestamp": "2026-01-25T23:41:40.322660+00:00", "data": {"market": "0x633b42ce6f9334eb97f975cc047177184f628a128edc84b2fe369b852458fec4", "price_changes": [{"asset_id": "61009914642581337020699670239973966187567563176909968025485747561592032518809", "price": "0.01", "size": "2582.56", "side": "BUY", "hash": "e73de25a431ee36db88aead94e7fcaa1e9b5ed89", "best_bid": "0.48", "best_ask": "0.94"}, {"asset_id": "54795149316708613956290445991878963671478235949820690838166152031028689857941", "price": "0.99", "size": "2582.56", "side": "SELL", "hash": "dbd4b5311ff168efe72af72a537e95c280ad82c2", "best_bid": "0.06", "best_ask": "0.52"}], "timestamp": "1769384500204", "event_type": "price_change"}}
{"_local_timestamp": "2026-01-25T23:41:40.323047+00:00", "data": {"market": "0x633b42ce6f9334eb97f975cc047177184f628a128edc84b2fe369b852458fec4", "price_changes": [{"asset_id": "61009914642581337020699670239973966187567563176909968025485747561592032518809", "price": "0.02", "size": "1250", "side": "BUY", "hash": "e73de25a431ee36db88aead94e7fcaa1e9b5ed89", "best_bid": "0.48", "best_ask": "0.94"}, {"asset_id": "54795149316708613956290445991878963671478235949820690838166152031028689857941", "price": "0.98", "size": "1250", "side": "SELL", "hash": "dbd4b5311ff168efe72af72a537e95c280ad82c2", "best_bid": "0.06", "best_ask": "0.52"}], "timestamp": "1769384500204", "event_type": "price_change"}}
{"_local_timestamp": "2026-01-25T23:41:49.735446+00:00", "data": {"market": "0x633b42ce6f9334eb97f975cc047177184f628a128edc84b2fe369b852458fec4", "price_changes": [{"asset_id": "61009914642581337020699670239973966187567563176909968025485747561592032518809", "price": "0.15", "size": "291.66", "side": "BUY", "hash": "145c5bfe0392b821a8df8c1fed00fc45859cc35a", "best_bid": "0.48", "best_ask": "0.94"}, {"asset_id": "54795149316708613956290445991878963671478235949820690838166152031028689857941", "price": "0.85", "size": "291.66", "side": "SELL", "hash": "bdc5a103d75d307e44519ffb027f38de30602e12", "best_bid": "0.06", "best_ask": "0.52"}], "timestamp": "1769384509655", "event_type": "price_change"}}
{"_local_timestamp": "2026-01-25T23:42:01.508779+00:00", "data": {"market": "0x633b42ce6f9334eb97f975cc047177184f628a128edc84b2fe369b852458fec4", "price_changes": [{"asset_id": "61009914642581337020699670239973966187567563176909968025485747561592032518809", "price": "0.05", "size": "330", "side": "BUY", "hash": "2036a7366c92c01996c3232abf1a8a6b7d7ded8c", "best_bid": "0.48", "best_ask": "0.94"}, {"asset_id": "54795149316708613956290445991878963671478235949820690838166152031028689857941", "price": "0.95", "size": "330", "side": "SELL", "hash": "e62f901f750b1519716b0c9144f4910e3ce93587", "best_bid": "0.06", "best_ask": "0.52"}], "timestamp": "1769384521438", "event_type": "price_change"}}
{"_local_timestamp": "2026-01-25T23:42:01.509685+00:00", "data": {"market": "0x633b42ce6f9334eb97f975cc047177184f628a128edc84b2fe369b852458fec4", "price_changes": [{"asset_id": "61009914642581337020699670239973966187567563176909968025485747561592032518809", "price": "0.09", "size": "0", "side": "BUY", "hash": "2036a7366c92c01996c3232abf1a8a6b7d7ded8c", "best_bid": "0.48", "best_ask": "0.94"}, {"asset_id": "54795149316708613956290445991878963671478235949820690838166152031028689857941", "price": "0.91", "size": "0", "side": "SELL", "hash": "e62f901f750b1519716b0c9144f4910e3ce93587", "best_bid": "0.06", "best_ask": "0.52"}], "timestamp": "1769384521438", "event_type": "price_change"}}
{"_local_timestamp": "2026-01-25T23:42:03.900766+00:00", "data": {"market": "0x633b42ce6f9334eb97f975cc047177184f628a128edc84b2fe369b852458fec4", "price_changes": [{"asset_id": "61009914642581337020699670239973966187567563176909968025485747561592032518809", "price": "0.08", "size": "207.15", "side": "BUY", "hash": "29d0e386d0e4d5b6bceaa3abddae6d7561291f8d", "best_bid": "0.48", "best_ask": "0.94"}, {"asset_id": "54795149316708613956290445991878963671478235949820690838166152031028689857941", "price": "0.92", "size": "207.15", "side": "SELL", "hash": "1c4070b0563017ac19f9985f6e4a845680231ae6", "best_bid": "0.06", "best_ask": "0.52"}], "timestamp": "1769384523831", "event_type": "price_change"}}
{"_local_timestamp": "2026-01-25T23:42:03.901143+00:00", "data": {"market": "0x633b42ce6f9334eb97f975cc047177184f628a128edc84b2fe369b852458fec4", "price_changes": [{"asset_id": "61009914642581337020699670239973966187567563176909968025485747561592032518809", "price": "0.03", "size": "13.9", "side": "BUY", "hash": "361bfb66215d2853bf5be4d55e89bafee6ac3313", "best_bid": "0.48", "best_ask": "0.94"}, {"asset_id": "54795149316708613956290445991878963671478235949820690838166152031028689857941", "price": "0.97", "size": "13.9", "side": "SELL", "hash": "1dd475cb3b588788b9107038e44694ff4f365eb7", "best_bid": "0.06", "best_ask": "0.52"}], "timestamp": "1769384523832", "event_type": "price_change"}}
{"_local_timestamp": "2026-01-25T23:42:21.195242+00:00", "data": {"market": "0x633b42ce6f9334eb97f975cc047177184f628a128edc84b2fe369b852458fec4", "price_changes": [{"asset_id": "61009914642581337020699670239973966187567563176909968025485747561592032518809", "price": "0.01", "size": "3582.56", "side": "BUY", "hash": "47cbcec604a1778b37dd208c9807bd0a68ff7c7e", "best_bid": "0.48", "best_ask": "0.94"}, {"asset_id": "54795149316708613956290445991878963671478235949820690838166152031028689857941", "price": "0.99", "size": "3582.56", "side": "SELL", "hash": "42c70c927686a8536d8f1ab3b4b1cfa90fb22d85", "best_bid": "0.06", "best_ask": "0.52"}], "timestamp": "1769384541076", "event_type": "price_change"}}
{"_local_timestamp": "2026-01-25T23:43:18.721175+00:00", "data": {"market": "0x633b42ce6f9334eb97f975cc047177184f628a128edc84b2fe369b852458fec4", "price_changes": [{"asset_id": "61009914642581337020699670239973966187567563176909968025485747561592032518809", "price": "0.36", "size": "0", "side": "BUY", "hash": "eb187571702ec22fcb3732ecb795b7ddc04920ae", "best_bid": "0.48", "best_ask": "0.94"}, {"asset_id": "54795149316708613956290445991878963671478235949820690838166152031028689857941", "price": "0.64", "size": "0", "side": "SELL", "hash": "1886a1d02996dc19276d5cceca3da4d2bbe4d65b", "best_bid": "0.06", "best_ask": "0.52"}], "timestamp": "1769384598614", "event_type": "price_change"}}
{"_local_timestamp": "2026-01-25T23:43:18.723586+00:00", "data": {"market": "0x633b42ce6f9334eb97f975cc047177184f628a128edc84b2fe369b852458fec4", "price_changes": [{"asset_id": "61009914642581337020699670239973966187567563176909968025485747561592032518809", "price": "0.15", "size": "225", "side": "BUY", "hash": "eb187571702ec22fcb3732ecb795b7ddc04920ae", "best_bid": "0.48", "best_ask": "0.94"}, {"asset_id": "54795149316708613956290445991878963671478235949820690838166152031028689857941", "price": "0.85", "size": "225", "side": "SELL", "hash": "1886a1d02996dc19276d5cceca3da4d2bbe4d65b", "best_bid": "0.06", "best_ask": "0.52"}], "timestamp": "1769384598614", "event_type": "price_change"}}
{"_local_timestamp": "2026-01-25T23:43:19.067880+00:00", "data": {"market": "0x633b42ce6f9334eb97f975cc047177184f628a128edc84b2fe369b852458fec4", "price_changes": [{"asset_id": "61009914642581337020699670239973966187567563176909968025485747561592032518809", "price": "0.25", "size": "66.66", "side": "BUY", "hash": "6a547519148a7ae2464a33f8ad924a04bdeee076", "best_bid": "0.48", "best_ask": "0.94"}, {"asset_id": "54795149316708613956290445991878963671478235949820690838166152031028689857941", "price": "0.75", "size": "66.66", "side": "SELL", "hash": "aec17bee2b0de1d51c6a2ed1a7a5edd2777ebf44", "best_bid": "0.06", "best_ask": "0.52"}], "timestamp": "1769384598956", "event_type": "price_change"}}
{"_local_timestamp": "2026-01-25T23:43:19.173587+00:00", "data": {"market": "0x633b42ce6f9334eb97f975cc047177184f628a128edc84b2fe369b852458fec4", "price_changes": [{"asset_id": "61009914642581337020699670239973966187567563176909968025485747561592032518809", "price": "0.49", "size": "66.66", "side": "BUY", "hash": "be1eddb02b640fb146bc76877bb82801a37b8df1", "best_bid": "0.49", "best_ask": "0.94"}, {"asset_id": "54795149316708613956290445991878963671478235949820690838166152031028689857941", "price": "0.51", "size": "66.66", "side": "SELL", "hash": "f38336247294525f7962751cbd2f547b169d64b4", "best_bid": "0.06", "best_ask": "0.51"}], "timestamp": "1769384599050", "event_type": "price_change"}}
{"_local_timestamp": "2026-01-25T23:43:19.199063+00:00", "data": {"market": "0x633b42ce6f9334eb97f975cc047177184f628a128edc84b2fe369b852458fec4", "price_changes": [{"asset_id": "61009914642581337020699670239973966187567563176909968025485747561592032518809", "price": "0.48", "size": "0", "side": "BUY", "hash": "a5378076535a8d2929759349114cc1392af1c028", "best_bid": "0.49", "best_ask": "0.94"}, {"asset_id": "54795149316708613956290445991878963671478235949820690838166152031028689857941", "price": "0.52", "size": "0", "side": "SELL", "hash": "a3475f0253371e127a58205263af43caf908cdc5", "best_bid": "0.06", "best_ask": "0.51"}], "timestamp": "1769384599085", "event_type": "price_change"}}
{"_local_timestamp": "2026-01-25T23:43:19.215815+00:00", "data": {"market": "0x633b42ce6f9334eb97f975cc047177184f628a128edc84b2fe369b852458fec4", "price_changes": [{"asset_id": "61009914642581337020699670239973966187567563176909968025485747561592032518809", "price": "0.49", "size": "86.66", "side": "BUY", "hash": "28a687076242f8f7336a1f0b1a0b3e1736c3ba63", "best_bid": "0.49", "best_ask": "0.94"}, {"asset_id": "54795149316708613956290445991878963671478235949820690838166152031028689857941", "price": "0.51", "size": "86.66", "side": "SELL", "hash": "4565fe408b0e87dd5b7b2b81ce387e8d0d68180e", "best_bid": "0.06", "best_ask": "0.51"}], "timestamp": "1769384599108", "event_type": "price_change"}}
{"_local_timestamp": "2026-01-25T23:43:19.985001+00:00", "data": {"market": "0xce84a9b13b6aa884409323e4006cdaadca663fa67fba2c97b30a6d46368f29ca", "price_changes": [{"asset_id": "97864286734478136008405767216584170149465081508744461845012807252256368987299", "price": "0.02", "size": "60", "side": "BUY", "hash": "5a7c656ba54638d6a5b9888ebcada50c094f7fa1", "best_bid": "0.04", "best_ask": "0.15"}, {"asset_id": "81127898812200135549766003613930614576414126613159983132878441496647766149907", "price": "0.98", "size": "60", "side": "SELL", "hash": "9b343e59dd7a51aeb67f3ddc1df078b9b85d74ae", "best_bid": "0.85", "best_ask": "0.96"}], "timestamp": "1769384599865", "event_type": "price_change"}}
{"_local_timestamp": "2026-01-25T23:43:20.516940+00:00", "data": {"market": "0x633b42ce6f9334eb97f975cc047177184f628a128edc84b2fe369b852458fec4", "price_changes": [{"asset_id": "61009914642581337020699670239973966187567563176909968025485747561592032518809", "price": "0.37", "size": "0", "side": "BUY", "hash": "d5cbe31d598f5cfdb973d72b82f429b95b5d394b", "best_bid": "0.49", "best_ask": "0.94"}, {"asset_id": "54795149316708613956290445991878963671478235949820690838166152031028689857941", "price": "0.63", "size": "0", "side": "SELL", "hash": "2781a0810e5cb0983babcb6ddaf6ee43b96b014f", "best_bid": "0.06", "best_ask": "0.51"}], "timestamp": "1769384600406", "event_type": "price_change"}}
{"_local_timestamp": "2026-01-25T23:43:20.544046+00:00", "data": {"market": "0x633b42ce6f9334eb97f975cc047177184f628a128edc84b2fe369b852458fec4", "price_changes": [{"asset_id": "61009914642581337020699670239973966187567563176909968025485747561592032518809", "price": "0.26", "size": "20", "side": "BUY", "hash": "47d5c452f1b9946b84d2d2507611daeaa2092898", "best_bid": "0.49", "best_ask": "0.94"}, {"asset_id": "54795149316708613956290445991878963671478235949820690838166152031028689857941", "price": "0.74", "size": "20", "side": "SELL", "hash": "bf30f52ca738c92e3b3491f55d7dc23f8f3b07d4", "best_bid": "0.06", "best_ask": "0.51"}], "timestamp": "1769384600432", "event_type": "price_change"}}
{"_local_timestamp": "2026-01-25T23:43:21.462417+00:00", "data": {"market": "0x633b42ce6f9334eb97f975cc047177184f628a128edc84b2fe369b852458fec4", "price_changes": [{"asset_id": "54795149316708613956290445991878963671478235949820690838166152031028689857941", "price": "0.01", "size": "29.64", "side": "BUY", "hash": "2d66eda24ca2fddebf88de2af8786e9088fdf7e9", "best_bid": "0.06", "best_ask": "0.51"}, {"asset_id": "61009914642581337020699670239973966187567563176909968025485747561592032518809", "price": "0.99", "size": "29.64", "side": "SELL", "hash": "a9d39d05dfaf7d45bb05df4f58f2f8b5f3a81104", "best_bid": "0.49", "best_ask": "0.94"}], "timestamp": "1769384601339", "event_type": "price_change"}}
{"_local_timestamp": "2026-01-25T23:43:22.336153+00:00", "data": {"market": "0x633b42ce6f9334eb97f975cc047177184f628a128edc84b2fe369b852458fec4", "price_changes": [{"asset_id": "54795149316708613956290445991878963671478235949820690838166152031028689857941", "price": "0.01", "size": "47.58", "side": "BUY", "hash": "f89166e6568c0b45f9ab4d033f1c7b17e6ee0c51", "best_bid": "0.06", "best_ask": "0.51"}, {"asset_id": "61009914642581337020699670239973966187567563176909968025485747561592032518809", "price": "0.99", "size": "47.58", "side": "SELL", "hash": "e008e1e327f7e58a86a2ab932dc0f6910658e761", "best_bid": "0.49", "best_ask": "0.94"}], "timestamp": "1769384602234", "event_type": "price_change"}}
{"_local_timestamp": "2026-01-25T23:43:23.689000+00:00", "data": {"market": "0xce84a9b13b6aa884409323e4006cdaadca663fa67fba2c97b30a6d46368f29ca", "price_changes": [{"asset_id": "97864286734478136008405767216584170149465081508744461845012807252256368987299", "price": "0.02", "size": "74.71", "side": "BUY", "hash": "97d68be022391261481ecf5ebc9ee33412ed0b5a", "best_bid": "0.04", "best_ask": "0.15"}, {"asset_id": "81127898812200135549766003613930614576414126613159983132878441496647766149907", "price": "0.98", "size": "74.71", "side": "SELL", "hash": "9f591315ab7e6d50d7deb2a9c7486b4ac36704ba", "best_bid": "0.85", "best_ask": "0.96"}], "timestamp": "1769384603581", "event_type": "price_change"}}
{"_local_timestamp": "2026-01-25T23:43:48.633043+00:00", "data": {"market": "0x633b42ce6f9334eb97f975cc047177184f628a128edc84b2fe369b852458fec4", "price_changes": [{"asset_id": "61009914642581337020699670239973966187567563176909968025485747561592032518809", "price": "0.02", "size": "2250", "side": "BUY", "hash": "321f081a92a1332f9e857be1dd3d1c1201189aad", "best_bid": "0.49", "best_ask": "0.94"}, {"asset_id": "54795149316708613956290445991878963671478235949820690838166152031028689857941", "price": "0.98", "size": "2250", "side": "SELL", "hash": "aa731d57b3e714f88d571bc11b0744b4698423a0", "best_bid": "0.06", "best_ask": "0.51"}], "timestamp": "1769384628568", "event_type": "price_change"}}
{"_local_timestamp": "2026-01-25T23:43:52.582226+00:00", "data": {"market": "0x633b42ce6f9334eb97f975cc047177184f628a128edc84b2fe369b852458fec4", "price_changes": [{"asset_id": "61009914642581337020699670239973966187567563176909968025485747561592032518809", "price": "0.29", "size": "85", "side": "BUY", "hash": "ad5147fc0e1dcb23a27064247dde2c946f01b5d0", "best_bid": "0.49", "best_ask": "0.94"}, {"asset_id": "54795149316708613956290445991878963671478235949820690838166152031028689857941", "price": "0.71", "size": "85", "side": "SELL", "hash": "80f9fb2569d2e3f63ba298c91eb637cf8b4bbf10", "best_bid": "0.06", "best_ask": "0.51"}], "timestamp": "1769384632440", "event_type": "price_change"}}
{"_local_timestamp": "2026-01-25T23:43:53.157620+00:00", "data": {"market": "0x633b42ce6f9334eb97f975cc047177184f628a128edc84b2fe369b852458fec4", "price_changes": [{"asset_id": "61009914642581337020699670239973966187567563176909968025485747561592032518809", "price": "0.3", "size": "79", "side": "BUY", "hash": "0c3b601f1ed75e77fd287fb6fde1b94b50e0a8ef", "best_bid": "0.49", "best_ask": "0.94"}, {"asset_id": "54795149316708613956290445991878963671478235949820690838166152031028689857941", "price": "0.7", "size": "79", "side": "SELL", "hash": "dd2e6956171712dbdd55338281288c00008d3083", "best_bid": "0.06", "best_ask": "0.51"}], "timestamp": "1769384632440", "event_type": "price_change"}}
{"_local_timestamp": "2026-01-25T23:43:53.590241+00:00", "data": {"market": "0x633b42ce6f9334eb97f975cc047177184f628a128edc84b2fe369b852458fec4", "price_changes": [{"asset_id": "61009914642581337020699670239973966187567563176909968025485747561592032518809", "price": "0.26", "size": "0", "side": "BUY", "hash": "d12eae512fa8043d85b3b8a0f2ba73d8617c6b49", "best_bid": "0.49", "best_ask": "0.94"}, {"asset_id": "54795149316708613956290445991878963671478235949820690838166152031028689857941", "price": "0.74", "size": "0", "side": "SELL", "hash": "444759d6fab79cee5cb654e11268716dc0d50d87", "best_bid": "0.06", "best_ask": "0.51"}], "timestamp": "1769384633453", "event_type": "price_change"}}
{"_local_timestamp": "2026-01-25T23:43:53.622133+00:00", "data": {"market": "0x633b42ce6f9334eb97f975cc047177184f628a128edc84b2fe369b852458fec4", "price_changes": [{"asset_id": "61009914642581337020699670239973966187567563176909968025485747561592032518809", "price": "0.31", "size": "20", "side": "BUY", "hash": "ac0459622ee256e48916bf22f10f49bea3ffcda9", "best_bid": "0.49", "best_ask": "0.94"}, {"asset_id": "54795149316708613956290445991878963671478235949820690838166152031028689857941", "price": "0.69", "size": "20", "side": "SELL", "hash": "d2b992c84df2da56718d1a7bf36135475d9be6fd", "best_bid": "0.06", "best_ask": "0.51"}], "timestamp": "1769384633481", "event_type": "price_change"}}
{"_local_timestamp": "2026-01-25T23:44:09.067508+00:00", "data": {"market": "0x633b42ce6f9334eb97f975cc047177184f628a128edc84b2fe369b852458fec4", "price_changes": [{"asset_id": "61009914642581337020699670239973966187567563176909968025485747561592032518809", "price": "0.29", "size": "6", "side": "BUY", "hash": "c0ff76356b1636f4e68732e39bc2b08703c4a543", "best_bid": "0.49", "best_ask": "0.94"}, {"asset_id": "54795149316708613956290445991878963671478235949820690838166152031028689857941", "price": "0.71", "size": "6", "side": "SELL", "hash": "c6144affd7ee854b814e1e47ae11365308278fe0", "best_bid": "0.06", "best_ask": "0.51"}], "timestamp": "1769384648839", "event_type": "price_change"}}
{"_local_timestamp": "2026-01-25T23:44:17.993455+00:00", "data": {"market": "0x633b42ce6f9334eb97f975cc047177184f628a128edc84b2fe369b852458fec4", "price_changes": [{"asset_id": "61009914642581337020699670239973966187567563176909968025485747561592032518809", "price": "0.15", "size": "0", "side": "BUY", "hash": "abbac9c07575b4f36f5773665918d85bfa606127", "best_bid": "0.49", "best_ask": "0.94"}, {"asset_id": "54795149316708613956290445991878963671478235949820690838166152031028689857941", "price": "0.85", "size": "0", "side": "SELL", "hash": "25f2a978b022239054eb7a3752589466115a5b3b", "best_bid": "0.06", "best_ask": "0.51"}], "timestamp": "1769384657925", "event_type": "price_change"}}
{"_local_timestamp": "2026-01-25T23:44:18.261068+00:00", "data": {"market": "0x633b42ce6f9334eb97f975cc047177184f628a128edc84b2fe369b852458fec4", "price_changes": [{"asset_id": "61009914642581337020699670239973966187567563176909968025485747561592032518809", "price": "0.17", "size": "225", "side": "BUY", "hash": "d75baf6de9b499e9e9a92c25374a4c56707bc5ca", "best_bid": "0.49", "best_ask": "0.94"}, {"asset_id": "54795149316708613956290445991878963671478235949820690838166152031028689857941", "price": "0.83", "size": "225", "side": "SELL", "hash": "ece4024ee065dd87c2140f7203d60a341ff6216f", "best_bid": "0.06", "best_ask": "0.51"}], "timestamp": "1769384658175", "event_type": "price_change"}}
{"_local_timestamp": "2026-01-25T23:44:18.268869+00:00", "data": {"market": "0x633b42ce6f9334eb97f975cc047177184f628a128edc84b2fe369b852458fec4", "price_changes": [{"asset_id": "61009914642581337020699670239973966187567563176909968025485747561592032518809", "price": "0.11", "size": "225", "side": "BUY", "hash": "9557bf30b94e8ca2d4d963efd9e988128d8d6265", "best_bid": "0.49", "best_ask": "0.94"}, {"asset_id": "54795149316708613956290445991878963671478235949820690838166152031028689857941", "price": "0.89", "size": "225", "side": "SELL", "hash": "b922150a4df43a09e58875c88a77dc719ba093cc", "best_bid": "0.06", "best_ask": "0.51"}], "timestamp": "1769384658184", "event_type": "price_change"}}
{"_local_timestamp": "2026-01-25T23:44:55.967459+00:00", "data": {"market": "0x633b42ce6f9334eb97f975cc047177184f628a128edc84b2fe369b852458fec4", "price_changes": [{"asset_id": "61009914642581337020699670239973966187567563176909968025485747561592032518809", "price": "0.01", "size": "2582.56", "side": "BUY", "hash": "d47c4230772347d87be6106b68dcd0624f6f2e08", "best_bid": "0.49", "best_ask": "0.94"}, {"asset_id": "54795149316708613956290445991878963671478235949820690838166152031028689857941", "price": "0.99", "size": "2582.56", "side": "SELL", "hash": "3652bae63648e4ae2bdaa8083e70e0bf7aa80b41", "best_bid": "0.06", "best_ask": "0.51"}], "timestamp": "1769384695894", "event_type": "price_change"}}
{"_local_timestamp": "2026-01-25T23:45:56.278004+00:00", "data": {"market": "0x633b42ce6f9334eb97f975cc047177184f628a128edc84b2fe369b852458fec4", "price_changes": [{"asset_id": "61009914642581337020699670239973966187567563176909968025485747561592032518809", "price": "0.17", "size": "150", "side": "BUY", "hash": "d5e8305963ad0e3960fa1eb106d770ad27b7e35a", "best_bid": "0.49", "best_ask": "0.94"}, {"asset_id": "54795149316708613956290445991878963671478235949820690838166152031028689857941", "price": "0.83", "size": "150", "side": "SELL", "hash": "8d4bb0352579b2e948880aca0aaed0e87e3ad632", "best_bid": "0.06", "best_ask": "0.51"}], "timestamp": "1769384756106", "event_type": "price_change"}}
{"_local_timestamp": "2026-01-25T23:46:11.245764+00:00", "data": {"market": "0xce84a9b13b6aa884409323e4006cdaadca663fa67fba2c97b30a6d46368f29ca", "price_changes": [{"asset_id": "81127898812200135549766003613930614576414126613159983132878441496647766149907", "price": "0.1", "size": "100", "side": "BUY", "hash": "a7f77afb3280405784fef927cff2fde700142bc5", "best_bid": "0.85", "best_ask": "0.96"}, {"asset_id": "97864286734478136008405767216584170149465081508744461845012807252256368987299", "price": "0.9", "size": "100", "side": "SELL", "hash": "e85a86c40c36e668e9ca6ad0103d418a15d0ad9c", "best_bid": "0.04", "best_ask": "0.15"}], "timestamp": "1769384771122", "event_type": "price_change"}}
{"_local_timestamp": "2026-01-25T23:46:11.668432+00:00", "data": {"market": "0xce84a9b13b6aa884409323e4006cdaadca663fa67fba2c97b30a6d46368f29ca", "price_changes": [{"asset_id": "81127898812200135549766003613930614576414126613159983132878441496647766149907", "price": "0.07", "size": "300", "side": "BUY", "hash": "f4fd3ee71c991eed745bfc856f4c07aa85ea4a1c", "best_bid": "0.85", "best_ask": "0.96"}, {"asset_id": "97864286734478136008405767216584170149465081508744461845012807252256368987299", "price": "0.93", "size": "300", "side": "SELL", "hash": "b4d0de28b6df0eb2cd883268a69db997734e276d", "best_bid": "0.04", "best_ask": "0.15"}], "timestamp": "1769384771577", "event_type": "price_change"}}
{"_local_timestamp": "2026-01-25T23:46:17.437624+00:00", "data": {"market": "0x633b42ce6f9334eb97f975cc047177184f628a128edc84b2fe369b852458fec4", "price_changes": [{"asset_id": "61009914642581337020699670239973966187567563176909968025485747561592032518809", "price": "0.01", "size": "3582.56", "side": "BUY", "hash": "6c8fb6deecd47ae4c226b8c5872d1dedd363aa82", "best_bid": "0.49", "best_ask": "0.94"}, {"asset_id": "54795149316708613956290445991878963671478235949820690838166152031028689857941", "price": "0.99", "size": "3582.56", "side": "SELL", "hash": "061df733371fa00f9c60b06fd8efc6eb9f076c61", "best_bid": "0.06", "best_ask": "0.51"}], "timestamp": "1769384777336", "event_type": "price_change"}}
{"_local_timestamp": "2026-01-25T23:46:17.438037+00:00", "data": {"market": "0x633b42ce6f9334eb97f975cc047177184f628a128edc84b2fe369b852458fec4", "price_changes": [{"asset_id": "61009914642581337020699670239973966187567563176909968025485747561592032518809", "price": "0.02", "size": "2650", "side": "BUY", "hash": "8828513e9dc0ecf26094564e639f68a3663ccb6f", "best_bid": "0.49", "best_ask": "0.94"}, {"asset_id": "54795149316708613956290445991878963671478235949820690838166152031028689857941", "price": "0.98", "size": "2650", "side": "SELL", "hash": "fb9e82192991d4a7be1e688c0283e5a1e31c095a", "best_bid": "0.06", "best_ask": "0.51"}], "timestamp": "1769384777341", "event_type": "price_change"}}
{"_local_timestamp": "2026-01-25T23:46:18.414432+00:00", "data": {"market": "0x633b42ce6f9334eb97f975cc047177184f628a128edc84b2fe369b852458fec4", "price_changes": [{"asset_id": "61009914642581337020699670239973966187567563176909968025485747561592032518809", "price": "0.18", "size": "112", "side": "BUY", "hash": "9c9479498f9b1f70a3be7784787a281be95e3c6d", "best_bid": "0.49", "best_ask": "0.94"}, {"asset_id": "54795149316708613956290445991878963671478235949820690838166152031028689857941", "price": "0.82", "size": "112", "side": "SELL", "hash": "cfbc71baddb2689789ed5731adc03c68e3ae1f70", "best_bid": "0.06", "best_ask": "0.51"}], "timestamp": "1769384778345", "event_type": "price_change"}}
{"_local_timestamp": "2026-01-25T23:46:30.221201+00:00", "data": {"market": "0x633b42ce6f9334eb97f975cc047177184f628a128edc84b2fe369b852458fec4", "price_changes": [{"asset_id": "61009914642581337020699670239973966187567563176909968025485747561592032518809", "price": "0.03", "size": "5.13", "side": "BUY", "hash": "6bada2a2cbd36b57bf452b482809e2e1f1683a3e", "best_bid": "0.49", "best_ask": "0.94"}, {"asset_id": "54795149316708613956290445991878963671478235949820690838166152031028689857941", "price": "0.97", "size": "5.13", "side": "SELL", "hash": "a95b593fea03c998f48343391ed1229b7f8003ca", "best_bid": "0.06", "best_ask": "0.51"}], "timestamp": "1769384790139", "event_type": "price_change"}}
{"_local_timestamp": "2026-01-25T23:46:30.221843+00:00", "data": {"market": "0x633b42ce6f9334eb97f975cc047177184f628a128edc84b2fe369b852458fec4", "price_changes": [{"asset_id": "61009914642581337020699670239973966187567563176909968025485747561592032518809", "price": "0.08", "size": "200", "side": "BUY", "hash": "6bada2a2cbd36b57bf452b482809e2e1f1683a3e", "best_bid": "0.49", "best_ask": "0.94"}, {"asset_id": "54795149316708613956290445991878963671478235949820690838166152031028689857941", "price": "0.92", "size": "200", "side": "SELL", "hash": "a95b593fea03c998f48343391ed1229b7f8003ca", "best_bid": "0.06", "best_ask": "0.51"}], "timestamp": "1769384790139", "event_type": "price_change"}}
{"_local_timestamp": "2026-01-25T23:46:30.223189+00:00", "data": {"market": "0x633b42ce6f9334eb97f975cc047177184f628a128edc84b2fe369b852458fec4", "price_changes": [{"asset_id": "61009914642581337020699670239973966187567563176909968025485747561592032518809", "price": "0.16", "size": "0", "side": "BUY", "hash": "6bada2a2cbd36b57bf452b482809e2e1f1683a3e", "best_bid": "0.49", "best_ask": "0.94"}, {"asset_id": "54795149316708613956290445991878963671478235949820690838166152031028689857941", "price": "0.84", "size": "0", "side": "SELL", "hash": "a95b593fea03c998f48343391ed1229b7f8003ca", "best_bid": "0.06", "best_ask": "0.51"}], "timestamp": "1769384790139", "event_type": "price_change"}}
{"_local_timestamp": "2026-01-25T23:46:31.097149+00:00", "data": {"market": "0x633b42ce6f9334eb97f975cc047177184f628a128edc84b2fe369b852458fec4", "price_changes": [{"asset_id": "61009914642581337020699670239973966187567563176909968025485747561592032518809", "price": "0.05", "size": "335.58", "side": "BUY", "hash": "8d8c38a2cdba3adf806677e77016ce911176170a", "best_bid": "0.49", "best_ask": "0.94"}, {"asset_id": "54795149316708613956290445991878963671478235949820690838166152031028689857941", "price": "0.95", "size": "335.58", "side": "SELL", "hash": "60108ec2eac7c2f72dae1de32c10bcc939072152", "best_bid": "0.06", "best_ask": "0.51"}], "timestamp": "1769384791008", "event_type": "price_change"}}
{"_local_timestamp": "2026-01-25T23:46:31.101607+00:00", "data": {"market": "0x633b42ce6f9334eb97f975cc047177184f628a128edc84b2fe369b852458fec4", "price_changes": [{"asset_id": "61009914642581337020699670239973966187567563176909968025485747561592032518809", "price": "0.18", "size": "117.04", "side": "BUY", "hash": "0e349dcbcc9e2aae1c0a71694a4a82592c906642", "best_bid": "0.49", "best_ask": "0.94"}, {"asset_id": "54795149316708613956290445991878963671478235949820690838166152031028689857941", "price": "0.82", "size": "117.04", "side": "SELL", "hash": "dd076d8f3aa3f36f1f0037b02467a97d7847329b", "best_bid": "0.06", "best_ask": "0.51"}], "timestamp": "1769384791010", "event_type": "price_change"}}
{"_local_timestamp": "2026-01-25T23:46:31.101900+00:00", "data": {"market": "0x633b42ce6f9334eb97f975cc047177184f628a128edc84b2fe369b852458fec4", "price_changes": [{"asset_id": "61009914642581337020699670239973966187567563176909968025485747561592032518809", "price": "0.09", "size": "5.54", "side": "BUY", "hash": "38f5a8b3cdffa9f7980ee914297d1804c0f293cb", "best_bid": "0.49", "best_ask": "0.94"}, {"asset_id": "54795149316708613956290445991878963671478235949820690838166152031028689857941", "price": "0.91", "size": "5.54", "side": "SELL", "hash": "a579867d8030141459908a77b80e58d4f60b039d", "best_bid": "0.06", "best_ask": "0.51"}], "timestamp": "1769384791011", "event_type": "price_change"}}
{"_local_timestamp": "2026-01-25T23:46:51.490088+00:00", "data": {"market": "0x633b42ce6f9334eb97f975cc047177184f628a128edc84b2fe369b852458fec4", "price_changes": [{"asset_id": "61009914642581337020699670239973966187567563176909968025485747561592032518809", "price": "0.02", "size": "2950", "side": "BUY", "hash": "191f4c9bcf43bcaf99b66ef18cfa63380b0d5af4", "best_bid": "0.49", "best_ask": "0.94"}, {"asset_id": "54795149316708613956290445991878963671478235949820690838166152031028689857941", "price": "0.98", "size": "2950", "side": "SELL", "hash": "028d651ccdbc7ac2a8090fb7d4e0bae96c9a1405", "best_bid": "0.06", "best_ask": "0.51"}], "timestamp": "1769384811190", "event_type": "price_change"}}
{"_local_timestamp": "2026-01-25T23:46:58.473946+00:00", "data": {"market": "0xce84a9b13b6aa884409323e4006cdaadca663fa67fba2c97b30a6d46368f29ca", "price_changes": [{"asset_id": "81127898812200135549766003613930614576414126613159983132878441496647766149907", "price": "0.06", "size": "283", "side": "BUY", "hash": "93625294acf873eab329e3aaf76db4ddd2de2764", "best_bid": "0.85", "best_ask": "0.96"}, {"asset_id": "97864286734478136008405767216584170149465081508744461845012807252256368987299", "price": "0.94", "size": "283", "side": "SELL", "hash": "dbbedb8df7035a0a08ab39aa689ab32f0bbde272", "best_bid": "0.04", "best_ask": "0.15"}], "timestamp": "1769384818390", "event_type": "price_change"}}
{"_local_timestamp": "2026-01-25T23:46:58.793722+00:00", "data": {"market": "0xce84a9b13b6aa884409323e4006cdaadca663fa67fba2c97b30a6d46368f29ca", "price_changes": [{"asset_id": "81127898812200135549766003613930614576414126613159983132878441496647766149907", "price": "0.07", "size": "800", "side": "BUY", "hash": "cd145dd968f3a1814b41818ebb93306188dcf2e5", "best_bid": "0.85", "best_ask": "0.96"}, {"asset_id": "97864286734478136008405767216584170149465081508744461845012807252256368987299", "price": "0.93", "size": "800", "side": "SELL", "hash": "59711de4dd4e458ddaaf4ce5abf0fc1afc2e0f2a", "best_bid": "0.04", "best_ask": "0.15"}], "timestamp": "1769384818702", "event_type": "price_change"}}
{"_local_timestamp": "2026-01-25T23:46:58.965970+00:00", "data": {"market": "0x633b42ce6f9334eb97f975cc047177184f628a128edc84b2fe369b852458fec4", "price_changes": [{"asset_id": "61009914642581337020699670239973966187567563176909968025485747561592032518809", "price": "0.17", "size": "0", "side": "BUY", "hash": "6e71ddb398cb72f99bf732c030257c3abf31b04d", "best_bid": "0.49", "best_ask": "0.94"}, {"asset_id": "54795149316708613956290445991878963671478235949820690838166152031028689857941", "price": "0.83", "size": "0", "side": "SELL", "hash": "cd2baea36001b70fe7651cc6537cc5060f0f1e65", "best_bid": "0.06", "best_ask": "0.51"}], "timestamp": "1769384818864", "event_type": "price_change"}}
{"_local_timestamp": "2026-01-25T23:46:59.305005+00:00", "data": {"market": "0x633b42ce6f9334eb97f975cc047177184f628a128edc84b2fe369b852458fec4", "price_changes": [{"asset_id": "61009914642581337020699670239973966187567563176909968025485747561592032518809", "price": "0.18", "size": "267.04", "side": "BUY", "hash": "ef4ebfd4c330f834da897cacd6e2fdf2b94a50e7", "best_bid": "0.49", "best_ask": "0.94"}, {"asset_id": "54795149316708613956290445991878963671478235949820690838166152031028689857941", "price": "0.82", "size": "267.04", "side": "SELL", "hash": "784858a1c55054998a1cd267bd31e7db53976e08", "best_bid": "0.06", "best_ask": "0.51"}], "timestamp": "1769384819153", "event_type": "price_change"}}
