{"_local_timestamp": "2026-01-25T23:40:43.363906+00:00", "data": [{"market": "0x633b42ce6f9334eb97f975cc047177184f628a128edc84b2fe369b852458fec4", "asset_id": "54795149316708613956290445991878963671478235949820690838166152031028689857941", "timestamp": "1769384440702", "hash": "c8cc2cfd15ab3a8d9b18c634611fd7c3ff3c2e4e", "bids": [{"price": "0.01", "size": "47.58"}, {"price": "0.02", "size": "9.32"}, {"price": "0.03", "size": "37.64"}, {"price": "0.04", "size": "7.52"}, {"price": "0.05", "size": "10"}, {"price": "0.06", "size": "29.64"}], "asks": [{"price": "0.99", "size": "2582.56"}, {"price": "0.98", "size": "1250"}, {"price": "0.97", "size": "5.13"}, {"price": "0.96", "size": "500"}, {"price": "0.95", "size": "336.84"}, {"price": "0.94", "size": "483"}, {"price": "0.93", "size": "100"}, {"price": "0.92", "size": "200"}, {"price": "0.91", "size": "5.47"}, {"price": "0.85", "size": "66.66"}, {"price": "0.84", "size": "5.32"}, {"price": "0.83", "size": "75"}, {"price": "0.71", "size": "6"}, {"price": "0.66", "size": "158"}, {"price": "0.65", "size": "20"}, {"price": "0.64", "size": "66.66"}, {"price": "0.63", "size": "20"}], "event_type": "book", "last_trade_price": ""}, {"market": "0x38239421519e1034b5cc2bd08737cdc91f39fd7bb250d585862ddac8299d21df", "asset_id": "27430103136648244407353726818265308687282511401286801493165238709219099062079", "timestamp": "1769382633104", "hash": "0f5cd259dec6c5346ec410c2f4069e0d35f5a031", "bids": [{"price": "0.01", "size": "3500"}, {"price": "0.02", "size": "1208.35"}, {"price": "0.04", "size": "12"}, {"price": "0.05", "size": "20"}, {"price": "0.06", "size": "933"}, {"price": "0.07", "size": "7.13"}, {"price": "0.09", "size": "377.77"}, {"price": "0.13", "size": "471.15"}, {"price": "0.16", "size": "175"}, {"price": "0.19", "size": "331.84"}, {"price": "0.2", "size": "66.66"}, {"price": "0.22", "size": "109.09"}, {"price": "0.25", "size": "80"}, {"price": "0.26", "size": "40"}, {"price": "0.27", "size": "8.5"}, {"price": "0.33", "size": "66.66"}, {"price": "0.46", "size": "72.54"}], "asks": [{"price": "0.99", "size": "2510.31"}, {"price": "0.98", "size": "1255.29"}, {"price": "0.97", "size": "91.48"}, {"price": "0.96", "size": "1400"}, {"price": "0.95", "size": "35.49"}, {"price": "0.94", "size": "816.66"}, {"price": "0.93", "size": "485.14"}, {"price": "0.92", "size": "305.84"}, {"price": "0.91", "size": "311.11"}, {"price": "0.9", "size": "300"}, {"price": "0.89", "size": "236.36"}, {"price": "0.88", "size": "15.51"}, {"price": "0.87", "size": "184.61"}, {"price": "0.86", "size": "6.05"}, {"price": "0.85", "size": "133.33"}, {"price": "0.84", "size": "66"}, {"price": "0.83", "size": "8.5"}, {"price": "0.8", "size": "15.51"}, {"price": "0.73", "size": "40.51"}], "event_type": "book", "last_trade_price": ""}, {"market": "0x38239421519e1034b5cc2bd08737cdc91f39fd7bb250d585862ddac8299d21df", "asset_id": "13830397437393238327795771495785378556885544345007353096597671670433875690192", "timestamp": "1769382633104", "hash": "1971a2a89365533b7d1fa7732068605e5745c0dd", "bids": [{"price": "0.01", "size": "2510.31"}, {"price": "0.02", "size": "1255.29"}, {"price": "0.03", "size": "91.48"}, {"price": "0.04", "size": "1400"}, {"price": "0.05", "size": "35.49"}, {"price": "0.06", "size": "816.66"}, {"price": "0.07", "size": "485.14"}, {"price": "0.08", "size": "305.84"}, {"price": "0.09", "size": "311.11"}, {"price": "0.1", "size": "300"}, {"price": "0.11", "size": "236.36"}, {"price": "0.12", "size": "15.51"}, {"price": "0.13", "size": "184.61"}, {"price": "0.14", "size": "6.05"}, {"price": "0.15", "size": "133.33"}, {"price": "0.16", "size": "66"}, {"price": "0.17", "size": "8.5"}, {"price": "0.2", "size": "15.51"}, {"price": "0.27", "size": "40.51"}], "asks": [{"price": "0.99", "size": "3500"}, {"price": "0.98", "size": "1208.35"}, {"price": "0.96", "size": "12"}, {"price": "0.95", "size": "20"}, {"price": "0.94", "size": "933"}, {"price": "0.93", "size": "7.13"}, {"price": "0.91", "size": "377.77"}, {"price": "0.87", "size": "471.15"}, {"price": "0.84", "size": "175"}, {"price": "0.81", "size": "331.84"}, {"price": "0.8", "size": "66.66"}, {"price": "0.78", "size": "109.09"}, {"price": "0.75", "size": "80"}, {"price": "0.74", "size": "40"}, {"price": "0.73", "size": "8.5"}, {"price": "0.67", "size": "66.66"}, {"price": "0.54", "size": "72.54"}], "event_type": "book", "last_trade_price": ""}, {"market": "0xce84a9b13b6aa884409323e4006cdaadca663fa67fba2c97b30a6d46368f29ca", "asset_id": "81127898812200135549766003613930614576414126613159983132878441496647766149907", "timestamp": "1769384421396", "hash": "0082010937fa090e2af68d871f099792045e0a9a", "bids": [{"price": "0.01", "size": "7114.67"}, {"price": "0.02", "size": "3050"}, {"price": "0.03", "size": "10.79"}, {"price": "0.04", "size": "500"}, {"price": "0.05", "size": "30"}, {"price": "0.06", "size": "783"}, {"price": "0.07", "size": "200"}, {"price": "0.08", "size": "105.71"}, {"price": "0.1", "size": "200"}, {"price": "0.11", "size": "225"}, {"price": "0.16", "size": "200"}, {"price": "0.17", "size": "6.31"}, {"price": "0.24", "size": "38"}, {"price": "0.43", "size": "100"}, {"price": "0.44", "size": "21.84"}, {"price": "0.45", "size": "25"}, {"price": "0.77", "size": "15.8"}, {"price": "0.85", "size": "10"}], "asks": [{"price": "0.99", "size": "89.27"}, {"price": "0.98", "size": "74.71"}, {"price": "0.97", "size": "9.32"}, {"price": "0.96", "size": "37"}], "event_type": "book", "last_trade_price": ""}, {"market": "0xce84a9b13b6aa884409323e4006cdaadca663fa67fba2c97b30a6d46368f29ca", "asset_id": "97864286734478136008405767216584170149465081508744461845012807252256368987299", "timestamp": "1769384421396", "hash": "65040ac010007ad45778b2e7eb7ddd915712d67a", "bids": [{"price": "0.01", "size": "89.27"}, {"price": "0.02", "size": "74.71"}, {"price": "0.03", "size": "9.32"}, {"price": "0.04", "size": "37"}], "asks": [{"price": "0.99", "size": "7114.67"}, {"price": "0.98", "size": "3050"}, {"price": "0.97", "size": "10.79"}, {"price": "0.96", "size": "500"}, {"price": "0.95", "size": "30"}, {"price": "0.94", "size": "783"}, {"price": "0.93", "size": "200"}, {"price": "0.92", "size": "105.71"}, {"price": "0.9", "size": "200"}, {"price": "0.89", "size": "225"}, {"price": "0.84", "size": "200"}, {"price": "0.83", "size": "6.31"}, {"price": "0.76", "size": "38"}, {"price": "0.57", "size": "100"}, {"price": "0.56", "size": "21.84"}, {"price": "0.55", "size": "25"}, {"price": "0.23", "size": "15.8"}, {"price": "0.15", "size": "10"}], "event_type": "book", "last_trade_price": ""}, {"market": "0x633b42ce6f9334eb97f975cc047177184f628a128edc84b2fe369b852458fec4", "asset_id": "61009914642581337020699670239973966187567563176909968025485747561592032518809", "timestamp": "1769384440702", "hash": "2d4445a00e256926f809c7d7707fdbd07e50031d", "bids": [{"price": "0.01", "size": "2582.56"}, {"price": "0.02", "size": "1250"}, {"price": "0.03", "size": "5.13"}, {"price": "0.04", "size": "500"}, {"price": "0.05", "size": "336.84"}, {"price": "0.06", "size": "483"}, {"price": "0.07", "size": "100"}, {"price": "0.08", "size": "200"}, {"price": "0.09", "size": "5.47"}, {"price": "0.15", "size": "66.66"}, {"price": "0.16", "size": "5.32"}, {"price": "0.17", "size": "75"}, {"price": "0.29", "size": "6"}, {"price": "0.34", "size": "158"}, {"price": "0.35", "size": "20"}, {"price": "0.36", "size": "66.66"}, {"price": "0.37", "size": "20"}], "asks": [{"price": "0.99", "size": "47.58"}, {"price": "0.98", "size": "9.32"}, {"price": "0.97", "size": "37.64"}, {"price": "0.96", "size": "7.52"}, {"price": "0.95", "size": "10"}, {"price": "0.94", "size": "29.64"}], "event_type": "book", "last_trade_price": ""}]}
{"_local_timestamp": "2026-01-25T23:40:44.663723+00:00", "data": {"market": "0x633b42ce6f9334eb97f975cc047177184f628a128edc84b2fe369b852458fec4", "price_changes": [{"asset_id": "61009914642581337020699670239973966187567563176909968025485747561592032518809", "price": "0.35", "size": "0", "side": "BUY", "hash": "452ff9355eeee5a37ab5368a2416df11c5e1b315", "best_bid": "0.37", "best_ask": "0.94"}, {"asset_id": "54795149316708613956290445991878963671478235949820690838166152031028689857941", "price": "0.65", "size": "0", "side": "SELL", "hash": "07a0c78d5ecae27ab4ce49e494c67bae4daa54d3", "best_bid": "0.06", "best_ask": "0.63"}], "timestamp": "1769384444594", "event_type": "price_change"}}
{"_local_timestamp": "2026-01-25T23:40:44.693074+00:00", "data": {"market": "0x633b42ce6f9334eb97f975cc047177184f628a128edc84b2fe369b852458fec4", "price_changes": [{"asset_id": "61009914642581337020699670239973966187567563176909968025485747561592032518809", "price": "0.38", "size": "20", "side": "BUY", "hash": "2c728f06b282f473d15810116bf8c35cd8987418", "best_bid": "0.38", "best_ask": "0.94"}, {"asset_id": "54795149316708613956290445991878963671478235949820690838166152031028689857941", "price": "0.62", "size": "20", "side": "SELL", "hash": "0d528fe3200fec9a3baef963f3b06382763b6060", "best_bid": "0.06", "best_ask": "0.62"}], "timestamp": "1769384444624", "event_type": "price_change"}}
{"_local_timestamp": "2026-01-25T23:40:44.716568+00:00", "data": {"market": "0x633b42ce6f9334eb97f975cc047177184f628a128edc84b2fe369b852458fec4", "price_changes": [{"asset_id": "61009914642581337020699670239973966187567563176909968025485747561592032518809", "price": "0.37", "size": "0", "side": "BUY", "hash": "1f5e43924a2d976458ac75c628d85dc05f30da91", "best_bid": "0.38", "best_ask": "0.94"}, {"asset_id": "54795149316708613956290445991878963671478235949820690838166152031028689857941", "price": "0.63", "size": "0", "side": "SELL", "hash": "b5a7f061d03a8a585330120c1472ae7305b8f918", "best_bid": "0.06", "best_ask": "0.62"}], "timestamp": "1769384444644", "event_type": "price_change"}}
{"_local_timestamp": "2026-01-25T23:40:44.733096+00:00", "data": {"market": "0x633b42ce6f9334eb97f975cc047177184f628a128edc84b2fe369b852458fec4", "price_changes": [{"asset_id": "61009914642581337020699670239973966187567563176909968025485747561592032518809", "price": "0.48", "size": "20", "side": "BUY", "hash": "766ee452fbd999e712e1ba1995e9b05325a1130c", "best_bid": "0.48", "best_ask": "0.94"}, {"asset_id": "54795149316708613956290445991878963671478235949820690838166152031028689857941", "price": "0.52", "size": "20", "side": "SELL", "hash": "f500c55daa9deeed2c75b4478de3df508aab0ba7", "best_bid": "0.06", "best_ask": "0.52"}], "timestamp": "1769384444667", "event_type": "price_change"}}
{"_local_timestamp": "2026-01-25T23:40:49.765322+00:00", "data": {"market": "0x633b42ce6f9334eb97f975cc047177184f628a128edc84b2fe369b852458fec4", "price_changes": [{"asset_id": "61009914642581337020699670239973966187567563176909968025485747561592032518809", "price": "0.38", "size": "0", "side": "BUY", "hash": "e243348a9feb96863dc5da054900c5107d4ea6b2", "best_bid": "0.48", "best_ask": "0.94"}, {"asset_id": "54795149316708613956290445991878963671478235949820690838166152031028689857941", "price": "0.62", "size": "0", "side": "SELL", "hash": "5caf110d95f8b4186b3038cd0e5b828acba1e63f", "best_bid": "0.06", "best_ask": "0.52"}], "timestamp": "1769384449697", "event_type": "price_change"}}
{"_local_timestamp": "2026-01-25T23:40:49.794408+00:00", "data": {"market": "0x633b42ce6f9334eb97f975cc047177184f628a128edc84b2fe369b852458fec4", "price_changes": [{"asset_id": "61009914642581337020699670239973966187567563176909968025485747561592032518809", "price": "0.37", "size": "20", "side": "BUY", "hash": "086f0c26d1ce45f9be35e82105ceb276786c6ecf", "best_bid": "0.48", "best_ask": "0.94"}, {"asset_id": "54795149316708613956290445991878963671478235949820690838166152031028689857941", "price": "0.63", "size": "20", "side": "SELL", "hash": "a4c9ac5e89c58c743bfa473f614157c9dada3b89", "best_bid": "0.06", "best_ask": "0.52"}], "timestamp": "1769384449730", "event_type": "price_change"}}
{"_local_timestamp": "2026-01-25T23:40:53.570285+00:00", "data": {"market": "0x633b42ce6f9334eb97f975cc047177184f628a128edc84b2fe369b852458fec4", "price_changes": [{"asset_id": "61009914642581337020699670239973966187567563176909968025485747561592032518809", "price": "0.08", "size": "500", "side": "BUY", "hash": "49cac697d31d5feab61b939f087075ec86b5dd64", "best_bid": "0.48", "best_ask": "0.94"}, {"asset_id": "54795149316708613956290445991878963671478235949820690838166152031028689857941", "price": "0.92", "size": "500", "side": "SELL", "hash": "89965412e41c28e2fe5a41975773f0ad27a5c695", "best_bid": "0.06", "best_ask": "0.52"}], "timestamp": "1769384453495", "event_type": "price_change"}}
{"_local_timestamp": "2026-01-25T23:40:53.578710+00:00", "data": {"market": "0x633b42ce6f9334eb97f975cc047177184f628a128edc84b2fe369b852458fec4", "price_changes": [{"asset_id": "61009914642581337020699670239973966187567563176909968025485747561592032518809", "price": "0.01", "size": "5082.56", "side": "BUY", "hash": "10c8219b635a938f2d2304e457b58606d576450a", "best_bid": "0.48", "best_ask": "0.94"}, {"asset_id": "54795149316708613956290445991878963671478235949820690838166152031028689857941", "price": "0.99", "size": "5082.56", "side": "SELL", "hash": "3dd0449cf453938cba94a0e601e006eb802a375d", "best_bid": "0.06", "best_ask": "0.52"}], "timestamp": "1769384453496", "event_type": "price_change"}}
{"_local_timestamp": "2026-01-25T23:40:53.579760+00:00", "data": {"market": "0x633b42ce6f9334eb97f975cc047177184f628a128edc84b2fe369b852458fec4", "price_changes": [{"asset_id": "61009914642581337020699670239973966187567563176909968025485747561592032518809", "price": "0.02", "size": "2050", "side": "BUY", "hash": "3de3c70b24707717608470746ddd9424d95bf3b0", "best_bid": "0.48", "best_ask": "0.94"}, {"asset_id": "54795149316708613956290445991878963671478235949820690838166152031028689857941", "price": "0.98", "size": "2050", "side": "SELL", "hash": "faeab8e4454a65fb520e587b3a44dd4cb253ade1", "best_bid": "0.06", "best_ask": "0.52"}], "timestamp": "1769384453497", "event_type": "price_change"}}
{"_local_timestamp": "2026-01-25T23:40:54.362894+00:00", "data": {"market": "0x633b42ce6f9334eb97f975cc047177184f628a128edc84b2fe369b852458fec4", "price_changes": [{"asset_id": "61009914642581337020699670239973966187567563176909968025485747561592032518809", "price": "0.34", "size": "0", "side": "BUY", "hash": "3e8d2683a6a6df55cf285f517e7df96c333086a2", "best_bid": "0.48", "best_ask": "0.94"}, {"asset_id": "54795149316708613956290445991878963671478235949820690838166152031028689857941", "price": "0.66", "size": "0", "side": "SELL", "hash": "74121e7c195128ab84704947b8d4140ed4e1d251", "best_bid": "0.06", "best_ask": "0.52"}], "timestamp": "1769384454295", "event_type": "price_change"}}
