{"_local_timestamp": "2026-01-25T23:34:08.738091+00:00", "data": [{"market": "0x7a4f2671314959ddb54db82c2efae64cd75fe433607afc0f7977a1ba92d07b36", "asset_id": "14280430495551083637979767621318190014166972932854899391850005153436590870537", "timestamp": "1769384033984", "hash": "aaed6b1ce869c1790c63587dcdfc3140129fef81", "bids": [{"price": "0.01", "size": "12400.34"}, {"price": "0.02", "size": "5111.73"}, {"price": "0.03", "size": "4005.02"}, {"price": "0.04", "size": "58.36"}, {"price": "0.05", "size": "20"}, {"price": "0.06", "size": "2007.76"}, {"price": "0.08", "size": "25"}, {"price": "0.09", "size": "6.51"}, {"price": "0.11", "size": "100"}, {"price": "0.12", "size": "14.57"}, {"price": "0.16", "size": "12.5"}, {"price": "0.17", "size": "100"}, {"price": "0.2", "size": "900"}, {"price": "0.21", "size": "61.9"}, {"price": "0.22", "size": "50"}, {"price": "0.23", "size": "5.55"}, {"price": "0.32", "size": "394.95"}, {"price": "0.33", "size": "67.69"}, {"price": "0.45", "size": "9.94"}], "asks": [{"price": "0.99", "size": "457.54"}, {"price": "0.98", "size": "111.28"}, {"price": "0.97", "size": "26.5"}, {"price": "0.96", "size": "50"}, {"price": "0.95", "size": "20"}, {"price": "0.94", "size": "12.67"}, {"price": "0.92", "size": "25"}, {"price": "0.91", "size": "8.37"}, {"price": "0.9", "size": "100"}, {"price": "0.88", "size": "9.29"}, {"price": "0.84", "size": "12.5"}, {"price": "0.83", "size": "6.32"}, {"price": "0.75", "size": "75.05"}], "event_type": "book", "last_trade_price": "0.550"}, {"market": "0x7a4f2671314959ddb54db82c2efae64cd75fe433607afc0f7977a1ba92d07b36", "asset_id": "87012140861789287155140479060990335705763352231140800610453897441247863570797", "timestamp": "1769384033984", "hash": "b7f56e2dc6aceb35bfd52d048b67cc9305f63454", "bids": [{"price": "0.01", "size": "457.54"}, {"price": "0.02", "size": "111.28"}, {"price": "0.03", "size": "26.5"}, {"price": "0.04", "size": "50"}, {"price": "0.05", "size": "20"}, {"price": "0.06", "size": "12.67"}, {"price": "0.08", "size": "25"}, {"price": "0.09", "size": "8.37"}, {"price": "0.1", "size": "100"}, {"price": "0.12", "size": "9.29"}, {"price": "0.16", "size": "12.5"}, {"price": "0.17", "size": "6.32"}, {"price": "0.25", "size": "75.05"}], "asks": [{"price": "0.99", "size": "12400.34"}, {"price": "0.98", "size": "5111.73"}, {"price": "0.97", "size": "4005.02"}, {"price": "0.96", "size": "58.36"}, {"price": "0.95", "size": "20"}, {"price": "0.94", "size": "2007.76"}, {"price": "0.92", "size": "25"}, {"price": "0.91", "size": "6.51"}, {"price": "0.89", "size": "100"}, {"price": "0.88", "size": "14.57"}, {"price": "0.84", "size": "12.5"}, {"price": "0.83", "size": "100"}, {"price": "0.8", "size": "900"}, {"price": "0.79", "size": "61.9"}, {"price": "0.78", "size": "50"}, {"price": "0.77", "size": "5.55"}, {"price": "0.68", "size": "394.95"}, {"price": "0.67", "size": "67.69"}, {"price": "0.55", "size": "9.94"}], "event_type": "book", "last_trade_price": "0.550"}]}
{"_local_timestamp": "2026-01-25T23:34:53.165854+00:00", "data": {"market": "0x7a4f2671314959ddb54db82c2efae64cd75fe433607afc0f7977a1ba92d07b36", "price_changes": [{"asset_id": "14280430495551083637979767621318190014166972932854899391850005153436590870537", "price": "0.09", "size": "0", "side": "BUY", "hash": "9763c65248f03a2a06fcd04ced6d2b3f17eb3c0b", "best_bid": "0.45", "best_ask": "0.75"}, {"asset_id": "87012140861789287155140479060990335705763352231140800610453897441247863570797", "price": "0.91", "size": "0", "side": "SELL", "hash": "d0ac7e974ef1ecd8e0e0a2378867380522724a29", "best_bid": "0.25", "best_ask": "0.55"}], "timestamp": "1769384093100", "event_type": "price_change"}}
{"_local_timestamp": "2026-01-25T23:34:53.166709+00:00", "data": {"market": "0x7a4f2671314959ddb54db82c2efae64cd75fe433607afc0f7977a1ba92d07b36", "price_changes": [{"asset_id": "14280430495551083637979767621318190014166972932854899391850005153436590870537", "price": "0.12", "size": "0", "side": "BUY", "hash": "9763c65248f03a2a06fcd04ced6d2b3f17eb3c0b", "best_bid": "0.45", "best_ask": "0.75"}, {"asset_id": "87012140861789287155140479060990335705763352231140800610453897441247863570797", "price": "0.88", "size": "0", "side": "SELL", "hash": "d0ac7e974ef1ecd8e0e0a2378867380522724a29", "best_bid": "0.25", "best_ask": "0.55"}], "timestamp": "1769384093100", "event_type": "price_change"}}
{"_local_timestamp": "2026-01-25T23:34:53.501353+00:00", "data": {"market": "0x7a4f2671314959ddb54db82c2efae64cd75fe433607afc0f7977a1ba92d07b36", "price_changes": [{"asset_id": "14280430495551083637979767621318190014166972932854899391850005153436590870537", "price": "0.13", "size": "12.03", "side": "BUY", "hash": "9e0cc540e609b8ddaa851f953f311fb6f52152fa", "best_bid": "0.45", "best_ask": "0.75"}, {"asset_id": "87012140861789287155140479060990335705763352231140800610453897441247863570797", "price": "0.87", "size": "12.03", "side": "SELL", "hash": "8d54ae322a35aafb6ff7d503f09f263a3b59123b", "best_bid": "0.25", "best_ask": "0.55"}], "timestamp": "1769384093438", "event_type": "price_change"}}
{"_local_timestamp": "2026-01-25T23:34:53.507392+00:00", "data": {"market": "0x7a4f2671314959ddb54db82c2efae64cd75fe433607afc0f7977a1ba92d07b36", "price_changes": [{"asset_id": "14280430495551083637979767621318190014166972932854899391850005153436590870537", "price": "0.09", "size": "8.55", "side": "BUY", "hash": "0d6036d3751acec22e8b3cf701e2a89df9394642", "best_bid": "0.45", "best_ask": "0.75"}, {"asset_id": "87012140861789287155140479060990335705763352231140800610453897441247863570797", "price": "0.91", "size": "8.55", "side": "SELL", "hash": "fe28cb08c879b1cef9adf17a107af6444913012a", "best_bid": "0.25", "best_ask": "0.55"}], "timestamp": "1769384093439", "event_type": "price_change"}}
{"_local_timestamp": "2026-01-25T23:35:23.942238+00:00", "data": {"market": "0x7a4f2671314959ddb54db82c2efae64cd75fe433607afc0f7977a1ba92d07b36", "price_changes": [{"asset_id": "87012140861789287155140479060990335705763352231140800610453897441247863570797", "price": "0.03", "size": "17.4", "side": "BUY", "hash": "4b4211a38ec3a6d2cdc649c44ca4434a5c8449bc", "best_bid": "0.25", "best_ask": "0.55"}, {"asset_id": "14280430495551083637979767621318190014166972932854899391850005153436590870537", "price": "0.97", "size": "17.4", "side": "SELL", "hash": "859423d78d9d81f01b9a39809d311edd4af88aa4", "best_bid": "0.45", "best_ask": "0.75"}], "timestamp": "1769384123696", "event_type": "price_change"}}
{"_local_timestamp": "2026-01-25T23:35:23.943063+00:00", "data": {"market": "0x7a4f2671314959ddb54db82c2efae64cd75fe433607afc0f7977a1ba92d07b36", "price_changes": [{"asset_id": "87012140861789287155140479060990335705763352231140800610453897441247863570797", "price": "0.09", "size": "0", "side": "BUY", "hash": "4b4211a38ec3a6d2cdc649c44ca4434a5c8449bc", "best_bid": "0.25", "best_ask": "0.55"}, {"asset_id": "14280430495551083637979767621318190014166972932854899391850005153436590870537", "price": "0.91", "size": "0", "side": "SELL", "hash": "859423d78d9d81f01b9a39809d311edd4af88aa4", "best_bid": "0.45", "best_ask": "0.75"}], "timestamp": "1769384123696", "event_type": "price_change"}}
{"_local_timestamp": "2026-01-25T23:35:23.943370+00:00", "data": {"market": "0x7a4f2671314959ddb54db82c2efae64cd75fe433607afc0f7977a1ba92d07b36", "price_changes": [{"asset_id": "87012140861789287155140479060990335705763352231140800610453897441247863570797", "price": "0.12", "size": "0", "side": "BUY", "hash": "4b4211a38ec3a6d2cdc649c44ca4434a5c8449bc", "best_bid": "0.25", "best_ask": "0.55"}, {"asset_id": "14280430495551083637979767621318190014166972932854899391850005153436590870537", "price": "0.88", "size": "0", "side": "SELL", "hash": "859423d78d9d81f01b9a39809d311edd4af88aa4", "best_bid": "0.45", "best_ask": "0.75"}], "timestamp": "1769384123696", "event_type": "price_change"}}
{"_local_timestamp": "2026-01-25T23:35:24.427029+00:00", "data": {"market": "0x7a4f2671314959ddb54db82c2efae64cd75fe433607afc0f7977a1ba92d07b36", "price_changes": [{"asset_id": "87012140861789287155140479060990335705763352231140800610453897441247863570797", "price": "0.04", "size": "59.09", "side": "BUY", "hash": "a2c38311a65c548688342405b320f4d4ab7f79d6", "best_bid": "0.25", "best_ask": "0.55"}, {"asset_id": "14280430495551083637979767621318190014166972932854899391850005153436590870537", "price": "0.96", "size": "59.09", "side": "SELL", "hash": "8851be95f63df6f6f3630a33f81bedb523a8cd27", "best_bid": "0.45", "best_ask": "0.75"}], "timestamp": "1769384124081", "event_type": "price_change"}}
{"_local_timestamp": "2026-01-25T23:35:24.435129+00:00", "data": {"market": "0x7a4f2671314959ddb54db82c2efae64cd75fe433607afc0f7977a1ba92d07b36", "price_changes": [{"asset_id": "87012140861789287155140479060990335705763352231140800610453897441247863570797", "price": "0.13", "size": "7.46", "side": "BUY", "hash": "c8fa1f7d8495a024a8e971d2e89fc99ce99fadf5", "best_bid": "0.25", "best_ask": "0.55"}, {"asset_id": "14280430495551083637979767621318190014166972932854899391850005153436590870537", "price": "0.87", "size": "7.46", "side": "SELL", "hash": "3bd0ff261b3926a18fde1c2b92a89f2e8095accd", "best_bid": "0.45", "best_ask": "0.75"}], "timestamp": "1769384124085", "event_type": "price_change"}}
{"_local_timestamp": "2026-01-25T23:35:24.442728+00:00", "data": {"market": "0x7a4f2671314959ddb54db82c2efae64cd75fe433607afc0f7977a1ba92d07b36", "price_changes": [{"asset_id": "87012140861789287155140479060990335705763352231140800610453897441247863570797", "price": "0.1", "size": "108.08", "side": "BUY", "hash": "57bae2be7043714d63101c43fe4654d6e69ec5e9", "best_bid": "0.25", "best_ask": "0.55"}, {"asset_id": "14280430495551083637979767621318190014166972932854899391850005153436590870537", "price": "0.9", "size": "108.08", "side": "SELL", "hash": "764918085d49c0809e3fdb72747bbda8d45d5f15", "best_bid": "0.45", "best_ask": "0.75"}], "timestamp": "1769384124090", "event_type": "price_change"}}
{"_local_timestamp": "2026-01-25T23:35:42.856947+00:00", "data": {"market": "0x7a4f2671314959ddb54db82c2efae64cd75fe433607afc0f7977a1ba92d07b36", "price_changes": [{"asset_id": "87012140861789287155140479060990335705763352231140800610453897441247863570797", "price": "0.04", "size": "50", "side": "BUY", "hash": "f2608d73a8d383cfaa739e9017eed88c5bf6f000", "best_bid": "0.25", "best_ask": "0.55"}, {"asset_id": "14280430495551083637979767621318190014166972932854899391850005153436590870537", "price": "0.96", "size": "50", "side": "SELL", "hash": "0873f242644b46aeeb33e5327fd1925bba88d89b", "best_bid": "0.45", "best_ask": "0.75"}], "timestamp": "1769384142789", "event_type": "price_change"}}
{"_local_timestamp": "2026-01-25T23:35:42.857634+00:00", "data": {"market": "0x7a4f2671314959ddb54db82c2efae64cd75fe433607afc0f7977a1ba92d07b36", "price_changes": [{"asset_id": "87012140861789287155140479060990335705763352231140800610453897441247863570797", "price": "0.1", "size": "100", "side": "BUY", "hash": "f2608d73a8d383cfaa739e9017eed88c5bf6f000", "best_bid": "0.25", "best_ask": "0.55"}, {"asset_id": "14280430495551083637979767621318190014166972932854899391850005153436590870537", "price": "0.9", "size": "100", "side": "SELL", "hash": "0873f242644b46aeeb33e5327fd1925bba88d89b", "best_bid": "0.45", "best_ask": "0.75"}], "timestamp": "1769384142789", "event_type": "price_change"}}
{"_local_timestamp": "2026-01-25T23:35:42.857923+00:00", "data": {"market": "0x7a4f2671314959ddb54db82c2efae64cd75fe433607afc0f7977a1ba92d07b36", "price_changes": [{"asset_id": "87012140861789287155140479060990335705763352231140800610453897441247863570797", "price": "0.13", "size": "0", "side": "BUY", "hash": "f2608d73a8d383cfaa739e9017eed88c5bf6f000", "best_bid": "0.25", "best_ask": "0.55"}, {"asset_id": "14280430495551083637979767621318190014166972932854899391850005153436590870537", "price": "0.87", "size": "0", "side": "SELL", "hash": "0873f242644b46aeeb33e5327fd1925bba88d89b", "best_bid": "0.45", "best_ask": "0.75"}], "timestamp": "1769384142789", "event_type": "price_change"}}
{"_local_timestamp": "2026-01-25T23:35:42.858202+00:00", "data": {"market": "0x7a4f2671314959ddb54db82c2efae64cd75fe433607afc0f7977a1ba92d07b36", "price_changes": [{"asset_id": "14280430495551083637979767621318190014166972932854899391850005153436590870537", "price": "0.09", "size": "0", "side": "BUY", "hash": "666d2b337714632384a53215567e0824937b6b6c", "best_bid": "0.45", "best_ask": "0.75"}, {"asset_id": "87012140861789287155140479060990335705763352231140800610453897441247863570797", "price": "0.91", "size": "0", "side": "SELL", "hash": "32d3da5eeae49d336f056a832c3eb8ad7336e1c7", "best_bid": "0.25", "best_ask": "0.55"}], "timestamp": "1769384142790", "event_type": "price_change"}}
{"_local_timestamp": "2026-01-25T23:35:42.858530+00:00", "data": {"market": "0x7a4f2671314959ddb54db82c2efae64cd75fe433607afc0f7977a1ba92d07b36", "price_changes": [{"asset_id": "14280430495551083637979767621318190014166972932854899391850005153436590870537", "price": "0.13", "size": "0", "side": "BUY", "hash": "666d2b337714632384a53215567e0824937b6b6c", "best_bid": "0.45", "best_ask": "0.75"}, {"asset_id": "87012140861789287155140479060990335705763352231140800610453897441247863570797", "price": "0.87", "size": "0", "side": "SELL", "hash": "32d3da5eeae49d336f056a832c3eb8ad7336e1c7", "best_bid": "0.25", "best_ask": "0.55"}], "timestamp": "1769384142790", "event_type": "price_change"}}
{"_local_timestamp": "2026-01-25T23:35:45.284186+00:00", "data": {"market": "0x7a4f2671314959ddb54db82c2efae64cd75fe433607afc0f7977a1ba92d07b36", "price_changes": [{"asset_id": "14280430495551083637979767621318190014166972932854899391850005153436590870537", "price": "0.07", "size": "5.95", "side": "BUY", "hash": "9a1f4744ea72d7e59ed03b26a3e3918014af2eea", "best_bid": "0.45", "best_ask": "0.75"}, {"asset_id": "87012140861789287155140479060990335705763352231140800610453897441247863570797", "price": "0.93", "size": "5.95", "side": "SELL", "hash": "9b07b71f56e9dfe903badfce7e173b5e8739e032", "best_bid": "0.25", "best_ask": "0.55"}], "timestamp": "1769384145217", "event_type": "price_change"}}
{"_local_timestamp": "2026-01-25T23:35:45.284579+00:00", "data": {"market": "0x7a4f2671314959ddb54db82c2efae64cd75fe433607afc0f7977a1ba92d07b36", "price_changes": [{"asset_id": "14280430495551083637979767621318190014166972932854899391850005153436590870537", "price": "0.03", "size": "4011.26", "side": "BUY", "hash": "e4d52a40bde20a54f9d13bd7af6b1210228c951d", "best_bid": "0.45", "best_ask": "0.75"}, {"asset_id": "87012140861789287155140479060990335705763352231140800610453897441247863570797", "price": "0.97", "size": "4011.26", "side": "SELL", "hash": "af260e2628f983d783374e5486a7971c04927fd1", "best_bid": "0.25", "best_ask": "0.55"}], "timestamp": "1769384145218", "event_type": "price_change"}}
{"_local_timestamp": "2026-01-25T23:35:45.284886+00:00", "data": {"market": "0x7a4f2671314959ddb54db82c2efae64cd75fe433607afc0f7977a1ba92d07b36", "price_changes": [{"asset_id": "14280430495551083637979767621318190014166972932854899391850005153436590870537", "price": "0.05", "size": "25.99", "side": "BUY", "hash": "9b426823c93e4761d6f994f752de10e1b69dc82a", "best_bid": "0.45", "best_ask": "0.75"}, {"asset_id": "87012140861789287155140479060990335705763352231140800610453897441247863570797", "price": "0.95", "size": "25.99", "side": "SELL", "hash": "bcd9e1d68e1a4daa2de10c02ec6e76ccc451ad4c", "best_bid": "0.25", "best_ask": "0.55"}], "timestamp": "1769384145219", "event_type": "price_change"}}
{"_local_timestamp": "2026-01-25T23:35:45.289275+00:00", "data": {"market": "0x7a4f2671314959ddb54db82c2efae64cd75fe433607afc0f7977a1ba92d07b36", "price_changes": [{"asset_id": "14280430495551083637979767621318190014166972932854899391850005153436590870537", "price": "0.14", "size": "6.64", "side": "BUY", "hash": "56ee77ef01e6f37ea43a31a23360aeea84c17e80", "best_bid": "0.45", "best_ask": "0.75"}, {"asset_id": "87012140861789287155140479060990335705763352231140800610453897441247863570797", "price": "0.86", "size": "6.64", "side": "SELL", "hash": "ea69d67bfcc7b7e8558fa2cd599c1a96f875c060", "best_bid": "0.25", "best_ask": "0.55"}], "timestamp": "1769384145220", "event_type": "price_change"}}
{"_local_timestamp": "2026-01-25T23:35:45.289730+00:00", "data": {"market": "0x7a4f2671314959ddb54db82c2efae64cd75fe433607afc0f7977a1ba92d07b36", "price_changes": [{"asset_id": "14280430495551083637979767621318190014166972932854899391850005153436590870537", "price": "0.1", "size": "5", "side": "BUY", "hash": "a1da9ad621db316c461b026fa94566992f3f74c1", "best_bid": "0.45", "best_ask": "0.75"}, {"asset_id": "87012140861789287155140479060990335705763352231140800610453897441247863570797", "price": "0.9", "size": "5", "side": "SELL", "hash": "97cd9c5e72f069a23d09615991c824cbad93d082", "best_bid": "0.25", "best_ask": "0.55"}], "timestamp": "1769384145221", "event_type": "price_change"}}
{"_local_timestamp": "2026-01-25T23:35:47.731486+00:00", "data": {"market": "0x7a4f2671314959ddb54db82c2efae64cd75fe433607afc0f7977a1ba92d07b36", "price_changes": [{"asset_id": "87012140861789287155140479060990335705763352231140800610453897441247863570797", "price": "0.05", "size": "30.12", "side": "BUY", "hash": "385f42e8dd92317f77a7f407f6d472abfea87355", "best_bid": "0.25", "best_ask": "0.55"}, {"asset_id": "14280430495551083637979767621318190014166972932854899391850005153436590870537", "price": "0.95", "size": "30.12", "side": "SELL", "hash": "c4a74abf664134bd8ed1fb5287bb0239f08ccb95", "best_bid": "0.45", "best_ask": "0.75"}], "timestamp": "1769384147659", "event_type": "price_change"}}
{"_local_timestamp": "2026-01-25T23:35:47.731948+00:00", "data": {"market": "0x7a4f2671314959ddb54db82c2efae64cd75fe433607afc0f7977a1ba92d07b36", "price_changes": [{"asset_id": "87012140861789287155140479060990335705763352231140800610453897441247863570797", "price": "0.11", "size": "14.87", "side": "BUY", "hash": "d041fb17cc8bad4e7c1fa393575ab18369ea43e6", "best_bid": "0.25", "best_ask": "0.55"}, {"asset_id": "14280430495551083637979767621318190014166972932854899391850005153436590870537", "price": "0.89", "size": "14.87", "side": "SELL", "hash": "d033a10250c3eabecfcff72b68454a763f9538eb", "best_bid": "0.45", "best_ask": "0.75"}], "timestamp": "1769384147660", "event_type": "price_change"}}
{"_local_timestamp": "2026-01-25T23:36:17.957394+00:00", "data": {"market": "0x7a4f2671314959ddb54db82c2efae64cd75fe433607afc0f7977a1ba92d07b36", "price_changes": [{"asset_id": "14280430495551083637979767621318190014166972932854899391850005153436590870537", "price": "0.45", "size": "0", "side": "BUY", "hash": "755e2cfeeecbf8213d25d2df35b4c0bee40024b2", "best_bid": "0.33", "best_ask": "0.75"}, {"asset_id": "87012140861789287155140479060990335705763352231140800610453897441247863570797", "price": "0.55", "size": "0", "side": "SELL", "hash": "4d7f046552fb8c61874f1f97f521835a257a0ed1", "best_bid": "0.25", "best_ask": "0.67"}], "timestamp": "1769384177884", "event_type": "price_change"}}
{"_local_timestamp": "2026-01-25T23:36:43.520767+00:00", "data": {"market": "0x7a4f2671314959ddb54db82c2efae64cd75fe433607afc0f7977a1ba92d07b36", "price_changes": [{"asset_id": "87012140861789287155140479060990335705763352231140800610453897441247863570797", "price": "0.6", "size": "100", "side": "BUY", "hash": "59baf4f86ea7e4aae2f7f6841f8c9e971a64e24c", "best_bid": "0.6", "best_ask": "0.67"}, {"asset_id": "14280430495551083637979767621318190014166972932854899391850005153436590870537", "price": "0.4", "size": "100", "side": "SELL", "hash": "509b6cf50ff095539af22dbe4c3a6a092607c33f", "best_bid": "0.33", "best_ask": "0.4"}], "timestamp": "1769384203454", "event_type": "price_change"}}
{"_local_timestamp": "2026-01-25T23:36:57.871452+00:00", "data": {"market": "0x7a4f2671314959ddb54db82c2efae64cd75fe433607afc0f7977a1ba92d07b36", "price_changes": [{"asset_id": "87012140861789287155140479060990335705763352231140800610453897441247863570797", "price": "0.02", "size": "2111.28", "side": "BUY", "hash": "6a28406e608d6868fe0e8698d56c363bb9d43072", "best_bid": "0.6", "best_ask": "0.67"}, {"asset_id": "14280430495551083637979767621318190014166972932854899391850005153436590870537", "price": "0.98", "size": "2111.28", "side": "SELL", "hash": "5d4070402edb3c6f04fddf1bcf22f4f5448b6afe", "best_bid": "0.33", "best_ask": "0.4"}], "timestamp": "1769384217579", "event_type": "price_change"}}
{"_local_timestamp": "2026-01-25T23:36:57.882878+00:00", "data": {"market": "0x7a4f2671314959ddb54db82c2efae64cd75fe433607afc0f7977a1ba92d07b36", "price_changes": [{"asset_id": "87012140861789287155140479060990335705763352231140800610453897441247863570797", "price": "0.1", "size": "800", "side": "BUY", "hash": "9600a5ab0355e45566c7e579ca911bf7e46602a4", "best_bid": "0.6", "best_ask": "0.67"}, {"asset_id": "14280430495551083637979767621318190014166972932854899391850005153436590870537", "price": "0.9", "size": "800", "side": "SELL", "hash": "c00976e59ed03d433fa509b55593f9ba8ee1846c", "best_bid": "0.33", "best_ask": "0.4"}], "timestamp": "1769384217581", "event_type": "price_change"}}
{"_local_timestamp": "2026-01-25T23:36:57.883501+00:00", "data": {"market": "0x7a4f2671314959ddb54db82c2efae64cd75fe433607afc0f7977a1ba92d07b36", "price_changes": [{"asset_id": "87012140861789287155140479060990335705763352231140800610453897441247863570797", "price": "0.01", "size": "5457.54", "side": "BUY", "hash": "f8e048bde9b9f28e7006b664caa41ddc67e289a4", "best_bid": "0.6", "best_ask": "0.67"}, {"asset_id": "14280430495551083637979767621318190014166972932854899391850005153436590870537", "price": "0.99", "size": "5457.54", "side": "SELL", "hash": "7c133a6a1a337708e535e00768aa2767a2de048d", "best_bid": "0.33", "best_ask": "0.4"}], "timestamp": "1769384217584", "event_type": "price_change"}}
{"_local_timestamp": "2026-01-25T23:36:57.883850+00:00", "data": {"market": "0x7a4f2671314959ddb54db82c2efae64cd75fe433607afc0f7977a1ba92d07b36", "price_changes": [{"asset_id": "87012140861789287155140479060990335705763352231140800610453897441247863570797", "price": "0.03", "size": "2017.4", "side": "BUY", "hash": "409b6f688307954a252aadaa0af0ea50a4d4b758", "best_bid": "0.6", "best_ask": "0.67"}, {"asset_id": "14280430495551083637979767621318190014166972932854899391850005153436590870537", "price": "0.97", "size": "2017.4", "side": "SELL", "hash": "456931e23c80552ffde0d1f902931ade64574b69", "best_bid": "0.33", "best_ask": "0.4"}], "timestamp": "1769384217586", "event_type": "price_change"}}
{"_local_timestamp": "2026-01-25T23:36:57.884201+00:00", "data": {"market": "0x7a4f2671314959ddb54db82c2efae64cd75fe433607afc0f7977a1ba92d07b36", "price_changes": [{"asset_id": "87012140861789287155140479060990335705763352231140800610453897441247863570797", "price": "0.06", "size": "1012.67", "side": "BUY", "hash": "fee691ce84affbcd6c9398982126b2bc2a7f8f88", "best_bid": "0.6", "best_ask": "0.67"}, {"asset_id": "14280430495551083637979767621318190014166972932854899391850005153436590870537", "price": "0.94", "size": "1012.67", "side": "SELL", "hash": "b85c7dca226e7a83a7bd270ac5dd7f0d3e7734d6", "best_bid": "0.33", "best_ask": "0.4"}], "timestamp": "1769384217588", "event_type": "price_change"}}
{"_local_timestamp": "2026-01-25T23:37:05.497854+00:00", "data": {"market": "0x7a4f2671314959ddb54db82c2efae64cd75fe433607afc0f7977a1ba92d07b36", "price_changes": [{"asset_id": "87012140861789287155140479060990335705763352231140800610453897441247863570797", "price": "0.02", "size": "4111.28", "side": "BUY", "hash": "0343fcc0a609b4c5450b45b80a7f86c1063da1f3", "best_bid": "0.6", "best_ask": "0.67"}, {"asset_id": "14280430495551083637979767621318190014166972932854899391850005153436590870537", "price": "0.98", "size": "4111.28", "side": "SELL", "hash": "7eecd648628a76d6940e67955943c022f797f512", "best_bid": "0.33", "best_ask": "0.4"}], "timestamp": "1769384225428", "event_type": "price_change"}}
{"_local_timestamp": "2026-01-25T23:37:05.498378+00:00", "data": {"market": "0x7a4f2671314959ddb54db82c2efae64cd75fe433607afc0f7977a1ba92d07b36", "price_changes": [{"asset_id": "87012140861789287155140479060990335705763352231140800610453897441247863570797", "price": "0.01", "size": "10457.54", "side": "BUY", "hash": "6d1c1b5087ef1941770336ffdbfc38ca7c74c065", "best_bid": "0.6", "best_ask": "0.67"}, {"asset_id": "14280430495551083637979767621318190014166972932854899391850005153436590870537", "price": "0.99", "size": "10457.54", "side": "SELL", "hash": "c3252e42b6c757a810198ec8bbf1cd80488f1e1b", "best_bid": "0.33", "best_ask": "0.4"}], "timestamp": "1769384225429", "event_type": "price_change"}}
{"_local_timestamp": "2026-01-25T23:37:05.498821+00:00", "data": {"market": "0x7a4f2671314959ddb54db82c2efae64cd75fe433607afc0f7977a1ba92d07b36", "price_changes": [{"asset_id": "87012140861789287155140479060990335705763352231140800610453897441247863570797", "price": "0.06", "size": "2012.67", "side": "BUY", "hash": "9adbce87551bafc4bfe4bc197a72973093f8d198", "best_bid": "0.6", "best_ask": "0.67"}, {"asset_id": "14280430495551083637979767621318190014166972932854899391850005153436590870537", "price": "0.94", "size": "2012.67", "side": "SELL", "hash": "b2cb066783adc00abd40c873b76ef604fb0f079b", "best_bid": "0.33", "best_ask": "0.4"}], "timestamp": "1769384225430", "event_type": "price_change"}}
{"_local_timestamp": "2026-01-25T23:37:05.499836+00:00", "data": {"market": "0x7a4f2671314959ddb54db82c2efae64cd75fe433607afc0f7977a1ba92d07b36", "price_changes": [{"asset_id": "87012140861789287155140479060990335705763352231140800610453897441247863570797", "price": "0.03", "size": "4017.4", "side": "BUY", "hash": "2998610ffad72fe5418c58ba2c6abf0b617f24c6", "best_bid": "0.6", "best_ask": "0.67"}, {"asset_id": "14280430495551083637979767621318190014166972932854899391850005153436590870537", "price": "0.97", "size": "4017.4", "side": "SELL", "hash": "9cbc83717e44a4804c2a40b8763c7a844811749a", "best_bid": "0.33", "best_ask": "0.4"}], "timestamp": "1769384225431", "event_type": "price_change"}}
{"_local_timestamp": "2026-01-25T23:37:05.500316+00:00", "data": {"market": "0x7a4f2671314959ddb54db82c2efae64cd75fe433607afc0f7977a1ba92d07b36", "price_changes": [{"asset_id": "87012140861789287155140479060990335705763352231140800610453897441247863570797", "price": "0.1", "size": "1500", "side": "BUY", "hash": "43a2455d96f9178cb33f98c315744dc0ebd527f0", "best_bid": "0.6", "best_ask": "0.67"}, {"asset_id": "14280430495551083637979767621318190014166972932854899391850005153436590870537", "price": "0.9", "size": "1500", "side": "SELL", "hash": "249fd0eea4a7f92e313f3969c3d971a4d58a04ac", "best_bid": "0.33", "best_ask": "0.4"}], "timestamp": "1769384225431", "event_type": "price_change"}}
{"_local_timestamp": "2026-01-25T23:37:09.986160+00:00", "data": {"market": "0x7a4f2671314959ddb54db82c2efae64cd75fe433607afc0f7977a1ba92d07b36", "price_changes": [{"asset_id": "14280430495551083637979767621318190014166972932854899391850005153436590870537", "price": "0.03", "size": "4005.02", "side": "BUY", "hash": "527ca1e2c855f60eede0c104ba8b52168efb5572", "best_bid": "0.33", "best_ask": "0.4"}, {"asset_id": "87012140861789287155140479060990335705763352231140800610453897441247863570797", "price": "0.97", "size": "4005.02", "side": "SELL", "hash": "9c51e15af6dc699121dff9d7521131707f6a5d42", "best_bid": "0.6", "best_ask": "0.67"}], "timestamp": "1769384229912", "event_type": "price_change"}}
{"_local_timestamp": "2026-01-25T23:37:09.986600+00:00", "data": {"market": "0x7a4f2671314959ddb54db82c2efae64cd75fe433607afc0f7977a1ba92d07b36", "price_changes": [{"asset_id": "14280430495551083637979767621318190014166972932854899391850005153436590870537", "price": "0.04", "size": "50", "side": "BUY", "hash": "527ca1e2c855f60eede0c104ba8b52168efb5572", "best_bid": "0.33", "best_ask": "0.4"}, {"asset_id": "87012140861789287155140479060990335705763352231140800610453897441247863570797", "price": "0.96", "size": "50", "side": "SELL", "hash": "9c51e15af6dc699121dff9d7521131707f6a5d42", "best_bid": "0.6", "best_ask": "0.67"}], "timestamp": "1769384229912", "event_type": "price_change"}}
{"_local_timestamp": "2026-01-25T23:37:09.986932+00:00", "data": {"market": "0x7a4f2671314959ddb54db82c2efae64cd75fe433607afc0f7977a1ba92d07b36", "price_changes": [{"asset_id": "14280430495551083637979767621318190014166972932854899391850005153436590870537", "price": "0.06", "size": "2000", "side": "BUY", "hash": "527ca1e2c855f60eede0c104ba8b52168efb5572", "best_bid": "0.33", "best_ask": "0.4"}, {"asset_id": "87012140861789287155140479060990335705763352231140800610453897441247863570797", "price": "0.94", "size": "2000", "side": "SELL", "hash": "9c51e15af6dc699121dff9d7521131707f6a5d42", "best_bid": "0.6", "best_ask": "0.67"}], "timestamp": "1769384229912", "event_type": "price_change"}}
{"_local_timestamp": "2026-01-25T23:37:09.987278+00:00", "data": {"market": "0x7a4f2671314959ddb54db82c2efae64cd75fe433607afc0f7977a1ba92d07b36", "price_changes": [{"asset_id": "14280430495551083637979767621318190014166972932854899391850005153436590870537", "price": "0.1", "size": "0", "side": "BUY", "hash": "527ca1e2c855f60eede0c104ba8b52168efb5572", "best_bid": "0.33", "best_ask": "0.4"}, {"asset_id": "87012140861789287155140479060990335705763352231140800610453897441247863570797", "price": "0.9", "size": "0", "side": "SELL", "hash": "9c51e15af6dc699121dff9d7521131707f6a5d42", "best_bid": "0.6", "best_ask": "0.67"}], "timestamp": "1769384229912", "event_type": "price_change"}}
{"_local_timestamp": "2026-01-25T23:37:09.987597+00:00", "data": {"market": "0x7a4f2671314959ddb54db82c2efae64cd75fe433607afc0f7977a1ba92d07b36", "price_changes": [{"asset_id": "14280430495551083637979767621318190014166972932854899391850005153436590870537", "price": "0.14", "size": "0", "side": "BUY", "hash": "527ca1e2c855f60eede0c104ba8b52168efb5572", "best_bid": "0.33", "best_ask": "0.4"}, {"asset_id": "87012140861789287155140479060990335705763352231140800610453897441247863570797", "price": "0.86", "size": "0", "side": "SELL", "hash": "9c51e15af6dc699121dff9d7521131707f6a5d42", "best_bid": "0.6", "best_ask": "0.67"}], "timestamp": "1769384229912", "event_type": "price_change"}}
{"_local_timestamp": "2026-01-25T23:37:09.987930+00:00", "data": {"market": "0x7a4f2671314959ddb54db82c2efae64cd75fe433607afc0f7977a1ba92d07b36", "price_changes": [{"asset_id": "87012140861789287155140479060990335705763352231140800610453897441247863570797", "price": "0.01", "size": "10449.08", "side": "BUY", "hash": "410cffd3df33f7184f097dec0a1986570b428bbf", "best_bid": "0.6", "best_ask": "0.67"}, {"asset_id": "14280430495551083637979767621318190014166972932854899391850005153436590870537", "price": "0.99", "size": "10449.08", "side": "SELL", "hash": "3404abcbf85c36bab40348559332d8a9999982ba", "best_bid": "0.33", "best_ask": "0.4"}], "timestamp": "1769384229912", "event_type": "price_change"}}
{"_local_timestamp": "2026-01-25T23:37:09.988266+00:00", "data": {"market": "0x7a4f2671314959ddb54db82c2efae64cd75fe433607afc0f7977a1ba92d07b36", "price_changes": [{"asset_id": "87012140861789287155140479060990335705763352231140800610453897441247863570797", "price": "0.03", "size": "4011.27", "side": "BUY", "hash": "410cffd3df33f7184f097dec0a1986570b428bbf", "best_bid": "0.6", "best_ask": "0.67"}, {"asset_id": "14280430495551083637979767621318190014166972932854899391850005153436590870537", "price": "0.97", "size": "4011.27", "side": "SELL", "hash": "3404abcbf85c36bab40348559332d8a9999982ba", "best_bid": "0.33", "best_ask": "0.4"}], "timestamp": "1769384229912", "event_type": "price_change"}}
{"_local_timestamp": "2026-01-25T23:37:09.988597+00:00", "data": {"market": "0x7a4f2671314959ddb54db82c2efae64cd75fe433607afc0f7977a1ba92d07b36", "price_changes": [{"asset_id": "87012140861789287155140479060990335705763352231140800610453897441247863570797", "price": "0.05", "size": "20", "side": "BUY", "hash": "410cffd3df33f7184f097dec0a1986570b428bbf", "best_bid": "0.6", "best_ask": "0.67"}, {"asset_id": "14280430495551083637979767621318190014166972932854899391850005153436590870537", "price": "0.95", "size": "20", "side": "SELL", "hash": "3404abcbf85c36bab40348559332d8a9999982ba", "best_bid": "0.33", "best_ask": "0.4"}], "timestamp": "1769384229912", "event_type": "price_change"}}
{"_local_timestamp": "2026-01-25T23:37:09.989010+00:00", "data": {"market": "0x7a4f2671314959ddb54db82c2efae64cd75fe433607afc0f7977a1ba92d07b36", "price_changes": [{"asset_id": "87012140861789287155140479060990335705763352231140800610453897441247863570797", "price": "0.06", "size": "2000", "side": "BUY", "hash": "410cffd3df33f7184f097dec0a1986570b428bbf", "best_bid": "0.6", "best_ask": "0.67"}, {"asset_id": "14280430495551083637979767621318190014166972932854899391850005153436590870537", "price": "0.94", "size": "2000", "side": "SELL", "hash": "3404abcbf85c36bab40348559332d8a9999982ba", "best_bid": "0.33", "best_ask": "0.4"}], "timestamp": "1769384229912", "event_type": "price_change"}}
{"_local_timestamp": "2026-01-25T23:37:09.989442+00:00", "data": {"market": "0x7a4f2671314959ddb54db82c2efae64cd75fe433607afc0f7977a1ba92d07b36", "price_changes": [{"asset_id": "87012140861789287155140479060990335705763352231140800610453897441247863570797", "price": "0.11", "size": "0", "side": "BUY", "hash": "410cffd3df33f7184f097dec0a1986570b428bbf", "best_bid": "0.6", "best_ask": "0.67"}, {"asset_id": "14280430495551083637979767621318190014166972932854899391850005153436590870537", "price": "0.89", "size": "0", "side": "SELL", "hash": "3404abcbf85c36bab40348559332d8a9999982ba", "best_bid": "0.33", "best_ask": "0.4"}], "timestamp": "1769384229912", "event_type": "price_change"}}
{"_local_timestamp": "2026-01-25T23:37:09.989795+00:00", "data": {"market": "0x7a4f2671314959ddb54db82c2efae64cd75fe433607afc0f7977a1ba92d07b36", "price_changes": [{"asset_id": "87012140861789287155140479060990335705763352231140800610453897441247863570797", "price": "0.17", "size": "0", "side": "BUY", "hash": "410cffd3df33f7184f097dec0a1986570b428bbf", "best_bid": "0.6", "best_ask": "0.67"}, {"asset_id": "14280430495551083637979767621318190014166972932854899391850005153436590870537", "price": "0.83", "size": "0", "side": "SELL", "hash": "3404abcbf85c36bab40348559332d8a9999982ba", "best_bid": "0.33", "best_ask": "0.4"}], "timestamp": "1769384229912", "event_type": "price_change"}}
{"_local_timestamp": "2026-01-25T23:37:10.271542+00:00", "data": {"market": "0x7a4f2671314959ddb54db82c2efae64cd75fe433607afc0f7977a1ba92d07b36", "price_changes": [{"asset_id": "14280430495551083637979767621318190014166972932854899391850005153436590870537", "price": "0.15", "size": "6.45", "side": "BUY", "hash": "ed1b2eca0d6f9ac2abf69dcfa243105ed1ad84b1", "best_bid": "0.33", "best_ask": "0.4"}, {"asset_id": "87012140861789287155140479060990335705763352231140800610453897441247863570797", "price": "0.85", "size": "6.45", "side": "SELL", "hash": "9cdf284b6e24aaf4f18f9f450e8460eb06c2136f", "best_bid": "0.6", "best_ask": "0.67"}], "timestamp": "1769384230199", "event_type": "price_change"}}
{"_local_timestamp": "2026-01-25T23:37:10.272176+00:00", "data": {"market": "0x7a4f2671314959ddb54db82c2efae64cd75fe433607afc0f7977a1ba92d07b36", "price_changes": [{"asset_id": "14280430495551083637979767621318190014166972932854899391850005153436590870537", "price": "0.12", "size": "5.65", "side": "BUY", "hash": "1f5553029530b1d79fe455e5adacc3c32b6b372d", "best_bid": "0.33", "best_ask": "0.4"}, {"asset_id": "87012140861789287155140479060990335705763352231140800610453897441247863570797", "price": "0.88", "size": "5.65", "side": "SELL", "hash": "c7a3daffbc8d13fe38376d24ffc1cdb626e1d7e0", "best_bid": "0.6", "best_ask": "0.67"}], "timestamp": "1769384230200", "event_type": "price_change"}}
{"_local_timestamp": "2026-01-25T23:37:10.272544+00:00", "data": {"market": "0x7a4f2671314959ddb54db82c2efae64cd75fe433607afc0f7977a1ba92d07b36", "price_changes": [{"asset_id": "14280430495551083637979767621318190014166972932854899391850005153436590870537", "price": "0.04", "size": "55.5", "side": "BUY", "hash": "8a3b58c375d37072d495f66aa92d578188a61ed0", "best_bid": "0.33", "best_ask": "0.4"}, {"asset_id": "87012140861789287155140479060990335705763352231140800610453897441247863570797", "price": "0.96", "size": "55.5", "side": "SELL", "hash": "147146147815bfcf1ffb97d44043a5be6be57fa4", "best_bid": "0.6", "best_ask": "0.67"}], "timestamp": "1769384230201", "event_type": "price_change"}}
{"_local_timestamp": "2026-01-25T23:37:10.272886+00:00", "data": {"market": "0x7a4f2671314959ddb54db82c2efae64cd75fe433607afc0f7977a1ba92d07b36", "price_changes": [{"asset_id": "14280430495551083637979767621318190014166972932854899391850005153436590870537", "price": "0.09", "size": "6.13", "side": "BUY", "hash": "9003a0fd51dc7faa8c1a8408d4fe20d9cb019306", "best_bid": "0.33", "best_ask": "0.4"}, {"asset_id": "87012140861789287155140479060990335705763352231140800610453897441247863570797", "price": "0.91", "size": "6.13", "side": "SELL", "hash": "26cd108e891babad30dd0eb5026efb1809a2819d", "best_bid": "0.6", "best_ask": "0.67"}], "timestamp": "1769384230202", "event_type": "price_change"}}
{"_local_timestamp": "2026-01-25T23:37:10.345597+00:00", "data": {"market": "0x7a4f2671314959ddb54db82c2efae64cd75fe433607afc0f7977a1ba92d07b36", "price_changes": [{"asset_id": "87012140861789287155140479060990335705763352231140800610453897441247863570797", "price": "0.12", "size": "5.39", "side": "BUY", "hash": "c3b5a343a546241f3ed9a65ea9581466c74bcbe2", "best_bid": "0.6", "best_ask": "0.67"}, {"asset_id": "14280430495551083637979767621318190014166972932854899391850005153436590870537", "price": "0.88", "size": "5.39", "side": "SELL", "hash": "9e5da31a432407861778f2bc85257fcf5faba4d1", "best_bid": "0.33", "best_ask": "0.4"}], "timestamp": "1769384230283", "event_type": "price_change"}}
{"_local_timestamp": "2026-01-25T23:37:10.351927+00:00", "data": {"market": "0x7a4f2671314959ddb54db82c2efae64cd75fe433607afc0f7977a1ba92d07b36", "price_changes": [{"asset_id": "87012140861789287155140479060990335705763352231140800610453897441247863570797", "price": "0.07", "size": "10.74", "side": "BUY", "hash": "c99130cb3ccfbf68f9cadc47c139186e98216540", "best_bid": "0.6", "best_ask": "0.67"}, {"asset_id": "14280430495551083637979767621318190014166972932854899391850005153436590870537", "price": "0.93", "size": "10.74", "side": "SELL", "hash": "f682d51845d402fbc0d30d95e0759ea351ebe490", "best_bid": "0.33", "best_ask": "0.4"}], "timestamp": "1769384230284", "event_type": "price_change"}}
{"_local_timestamp": "2026-01-25T23:37:10.352403+00:00", "data": {"market": "0x7a4f2671314959ddb54db82c2efae64cd75fe433607afc0f7977a1ba92d07b36", "price_changes": [{"asset_id": "87012140861789287155140479060990335705763352231140800610453897441247863570797", "price": "0.05", "size": "26.67", "side": "BUY", "hash": "dac1d1aea078bbfcdf8092a9aba7fdff5034844b", "best_bid": "0.6", "best_ask": "0.67"}, {"asset_id": "14280430495551083637979767621318190014166972932854899391850005153436590870537", "price": "0.95", "size": "26.67", "side": "SELL", "hash": "8940e7cb22210a88d87e2ef20e9a00bc81a3803f", "best_bid": "0.33", "best_ask": "0.4"}], "timestamp": "1769384230285", "event_type": "price_change"}}
{"_local_timestamp": "2026-01-25T23:37:10.352938+00:00", "data": {"market": "0x7a4f2671314959ddb54db82c2efae64cd75fe433607afc0f7977a1ba92d07b36", "price_changes": [{"asset_id": "87012140861789287155140479060990335705763352231140800610453897441247863570797", "price": "0.26", "size": "6.02", "side": "BUY", "hash": "eef58f3e6e9783dcbfd481865ef7ff8aef07bda5", "best_bid": "0.6", "best_ask": "0.67"}, {"asset_id": "14280430495551083637979767621318190014166972932854899391850005153436590870537", "price": "0.74", "size": "6.02", "side": "SELL", "hash": "44c60002b615fe38bfbe3e232d03e957b766722a", "best_bid": "0.33", "best_ask": "0.4"}], "timestamp": "1769384230286", "event_type": "price_change"}}
{"_local_timestamp": "2026-01-25T23:37:10.353403+00:00", "data": {"market": "0x7a4f2671314959ddb54db82c2efae64cd75fe433607afc0f7977a1ba92d07b36", "price_changes": [{"asset_id": "87012140861789287155140479060990335705763352231140800610453897441247863570797", "price": "0.17", "size": "5.56", "side": "BUY", "hash": "f9307c7497724f0ba75c587762360aa93cdec6bd", "best_bid": "0.6", "best_ask": "0.67"}, {"asset_id": "14280430495551083637979767621318190014166972932854899391850005153436590870537", "price": "0.83", "size": "5.56", "side": "SELL", "hash": "3429917a377c9fef97aa3833fe6de6001b8acab7", "best_bid": "0.33", "best_ask": "0.4"}], "timestamp": "1769384230287", "event_type": "price_change"}}
{"_local_timestamp": "2026-01-25T23:37:29.627560+00:00", "data": {"market": "0x7a4f2671314959ddb54db82c2efae64cd75fe433607afc0f7977a1ba92d07b36", "price_changes": [{"asset_id": "87012140861789287155140479060990335705763352231140800610453897441247863570797", "price": "0.6", "size": "0", "side": "BUY", "hash": "169e4e6fe07c7ee7b8a8d3485eaeff6ab250052e", "best_bid": "0.26", "best_ask": "0.67"}, {"asset_id": "14280430495551083637979767621318190014166972932854899391850005153436590870537", "price": "0.4", "size": "0", "side": "SELL", "hash": "63ae2a47352662f3ab988073aa46b2b4b126391c", "best_bid": "0.33", "best_ask": "0.74"}], "timestamp": "1769384249558", "event_type": "price_change"}}
{"_local_timestamp": "2026-01-25T23:37:35.724240+00:00", "data": {"market": "0x7a4f2671314959ddb54db82c2efae64cd75fe433607afc0f7977a1ba92d07b36", "price_changes": [{"asset_id": "14280430495551083637979767621318190014166972932854899391850005153436590870537", "price": "0.15", "size": "0", "side": "BUY", "hash": "75ef6a2cd76d982e3a3771700e98fe72b691e5e2", "best_bid": "0.33", "best_ask": "0.74"}, {"asset_id": "87012140861789287155140479060990335705763352231140800610453897441247863570797", "price": "0.85", "size": "0", "side": "SELL", "hash": "e0c573295a056efcab2ad8bec9090e15af6967dd", "best_bid": "0.26", "best_ask": "0.67"}], "timestamp": "1769384255660", "event_type": "price_change"}}
{"_local_timestamp": "2026-01-25T23:37:35.732184+00:00", "data": {"market": "0x7a4f2671314959ddb54db82c2efae64cd75fe433607afc0f7977a1ba92d07b36", "price_changes": [{"asset_id": "87012140861789287155140479060990335705763352231140800610453897441247863570797", "price": "0.07", "size": "0", "side": "BUY", "hash": "0bb5d683e19eaff92629f43206dbd20d7c2b7abb", "best_bid": "0.26", "best_ask": "0.67"}, {"asset_id": "14280430495551083637979767621318190014166972932854899391850005153436590870537", "price": "0.93", "size": "0", "side": "SELL", "hash": "9796629e60160d4ebf8cb2731c00600ae8a92272", "best_bid": "0.33", "best_ask": "0.74"}], "timestamp": "1769384255660", "event_type": "price_change"}}
{"_local_timestamp": "2026-01-25T23:37:35.732664+00:00", "data": {"market": "0x7a4f2671314959ddb54db82c2efae64cd75fe433607afc0f7977a1ba92d07b36", "price_changes": [{"asset_id": "87012140861789287155140479060990335705763352231140800610453897441247863570797", "price": "0.12", "size": "0", "side": "BUY", "hash": "0bb5d683e19eaff92629f43206dbd20d7c2b7abb", "best_bid": "0.26", "best_ask": "0.67"}, {"asset_id": "14280430495551083637979767621318190014166972932854899391850005153436590870537", "price": "0.88", "size": "0", "side": "SELL", "hash": "9796629e60160d4ebf8cb2731c00600ae8a92272", "best_bid": "0.33", "best_ask": "0.74"}], "timestamp": "1769384255660", "event_type": "price_change"}}
{"_local_timestamp": "2026-01-25T23:37:36.293076+00:00", "data": {"market": "0x7a4f2671314959ddb54db82c2efae64cd75fe433607afc0f7977a1ba92d07b36", "price_changes": [{"asset_id": "87012140861789287155140479060990335705763352231140800610453897441247863570797", "price": "0.06", "size": "2005.19", "side": "BUY", "hash": "9b0d0366ed6ae4d6bc6288b801599dd88c8387d6", "best_bid": "0.26", "best_ask": "0.67"}, {"asset_id": "14280430495551083637979767621318190014166972932854899391850005153436590870537", "price": "0.94", "size": "2005.19", "side": "SELL", "hash": "519302248fca96c6583253701dad9b2ef7d14216", "best_bid": "0.33", "best_ask": "0.74"}], "timestamp": "1769384256220", "event_type": "price_change"}}
{"_local_timestamp": "2026-01-25T23:37:36.293573+00:00", "data": {"market": "0x7a4f2671314959ddb54db82c2efae64cd75fe433607afc0f7977a1ba92d07b36", "price_changes": [{"asset_id": "87012140861789287155140479060990335705763352231140800610453897441247863570797", "price": "0.11", "size": "6.89", "side": "BUY", "hash": "d84ba24ac720db794975f096814c6b84944cd2d1", "best_bid": "0.26", "best_ask": "0.67"}, {"asset_id": "14280430495551083637979767621318190014166972932854899391850005153436590870537", "price": "0.89", "size": "6.89", "side": "SELL", "hash": "1338d796af569dd284fb3026c630617b69af8dc8", "best_bid": "0.33", "best_ask": "0.74"}], "timestamp": "1769384256222", "event_type": "price_change"}}
{"_local_timestamp": "2026-01-25T23:37:36.293985+00:00", "data": {"market": "0x7a4f2671314959ddb54db82c2efae64cd75fe433607afc0f7977a1ba92d07b36", "price_changes": [{"asset_id": "14280430495551083637979767621318190014166972932854899391850005153436590870537", "price": "0.16", "size": "18.55", "side": "BUY", "hash": "419880d8ec06a481212277a853b5cb1fef43bf3c", "best_bid": "0.33", "best_ask": "0.74"}, {"asset_id": "87012140861789287155140479060990335705763352231140800610453897441247863570797", "price": "0.84", "size": "18.55", "side": "SELL", "hash": "a4155c302f54b5a1e17c971f2b15433abb0904d4", "best_bid": "0.26", "best_ask": "0.67"}], "timestamp": "1769384256222", "event_type": "price_change"}}
{"_local_timestamp": "2026-01-25T23:37:36.294469+00:00", "data": {"market": "0x7a4f2671314959ddb54db82c2efae64cd75fe433607afc0f7977a1ba92d07b36", "price_changes": [{"asset_id": "87012140861789287155140479060990335705763352231140800610453897441247863570797", "price": "0.04", "size": "58.27", "side": "BUY", "hash": "a2bf25cfeaec1da152b7814597acf5d37f11fece", "best_bid": "0.26", "best_ask": "0.67"}, {"asset_id": "14280430495551083637979767621318190014166972932854899391850005153436590870537", "price": "0.96", "size": "58.27", "side": "SELL", "hash": "22ea6f78195dede0617eec8019d7137fc3a16051", "best_bid": "0.33", "best_ask": "0.74"}], "timestamp": "1769384256223", "event_type": "price_change"}}
{"_local_timestamp": "2026-01-25T23:37:36.928446+00:00", "data": {"market": "0x7a4f2671314959ddb54db82c2efae64cd75fe433607afc0f7977a1ba92d07b36", "price_changes": [{"asset_id": "87012140861789287155140479060990335705763352231140800610453897441247863570797", "price": "0.03", "size": "4005.41", "side": "BUY", "hash": "f8ee2dda7a84f0f5c6b76e6f182df8ead0992d64", "best_bid": "0.26", "best_ask": "0.67"}, {"asset_id": "14280430495551083637979767621318190014166972932854899391850005153436590870537", "price": "0.97", "size": "4005.41", "side": "SELL", "hash": "0dcfe725043eb6580880978160bc8cce8517f618", "best_bid": "0.33", "best_ask": "0.74"}], "timestamp": "1769384256863", "event_type": "price_change"}}
{"_local_timestamp": "2026-01-25T23:37:36.928971+00:00", "data": {"market": "0x7a4f2671314959ddb54db82c2efae64cd75fe433607afc0f7977a1ba92d07b36", "price_changes": [{"asset_id": "87012140861789287155140479060990335705763352231140800610453897441247863570797", "price": "0.05", "size": "20", "side": "BUY", "hash": "f8ee2dda7a84f0f5c6b76e6f182df8ead0992d64", "best_bid": "0.26", "best_ask": "0.67"}, {"asset_id": "14280430495551083637979767621318190014166972932854899391850005153436590870537", "price": "0.95", "size": "20", "side": "SELL", "hash": "0dcfe725043eb6580880978160bc8cce8517f618", "best_bid": "0.33", "best_ask": "0.74"}], "timestamp": "1769384256863", "event_type": "price_change"}}
{"_local_timestamp": "2026-01-25T23:37:37.320731+00:00", "data": {"market": "0x7a4f2671314959ddb54db82c2efae64cd75fe433607afc0f7977a1ba92d07b36", "price_changes": [{"asset_id": "87012140861789287155140479060990335705763352231140800610453897441247863570797", "price": "0.08", "size": "31.38", "side": "BUY", "hash": "b99f15abccb8d370d951fdb82348d2cf292d094e", "best_bid": "0.26", "best_ask": "0.67"}, {"asset_id": "14280430495551083637979767621318190014166972932854899391850005153436590870537", "price": "0.92", "size": "31.38", "side": "SELL", "hash": "c968335d6f4815868304813516f2299bbb88be65", "best_bid": "0.33", "best_ask": "0.74"}], "timestamp": "1769384257227", "event_type": "price_change"}}
{"_local_timestamp": "2026-01-25T23:37:45.676125+00:00", "data": {"market": "0x7a4f2671314959ddb54db82c2efae64cd75fe433607afc0f7977a1ba92d07b36", "price_changes": [{"asset_id": "87012140861789287155140479060990335705763352231140800610453897441247863570797", "price": "0.02", "size": "2111.28", "side": "BUY", "hash": "5a74bf1528018cfc42853e45e420d1f82853572f", "best_bid": "0.26", "best_ask": "0.67"}, {"asset_id": "14280430495551083637979767621318190014166972932854899391850005153436590870537", "price": "0.98", "size": "2111.28", "side": "SELL", "hash": "562c74841b84cd4e2051d1e56caa15fb16aed289", "best_bid": "0.33", "best_ask": "0.74"}], "timestamp": "1769384265600", "event_type": "price_change"}}
{"_local_timestamp": "2026-01-25T23:37:45.679585+00:00", "data": {"market": "0x7a4f2671314959ddb54db82c2efae64cd75fe433607afc0f7977a1ba92d07b36", "price_changes": [{"asset_id": "87012140861789287155140479060990335705763352231140800610453897441247863570797", "price": "0.01", "size": "5449.08", "side": "BUY", "hash": "5a74bf1528018cfc42853e45e420d1f82853572f", "best_bid": "0.26", "best_ask": "0.67"}, {"asset_id": "14280430495551083637979767621318190014166972932854899391850005153436590870537", "price": "0.99", "size": "5449.08", "side": "SELL", "hash": "562c74841b84cd4e2051d1e56caa15fb16aed289", "best_bid": "0.33", "best_ask": "0.74"}], "timestamp": "1769384265600", "event_type": "price_change"}}
{"_local_timestamp": "2026-01-25T23:37:45.681836+00:00", "data": {"market": "0x7a4f2671314959ddb54db82c2efae64cd75fe433607afc0f7977a1ba92d07b36", "price_changes": [{"asset_id": "87012140861789287155140479060990335705763352231140800610453897441247863570797", "price": "0.06", "size": "1005.19", "side": "BUY", "hash": "5a74bf1528018cfc42853e45e420d1f82853572f", "best_bid": "0.26", "best_ask": "0.67"}, {"asset_id": "14280430495551083637979767621318190014166972932854899391850005153436590870537", "price": "0.94", "size": "1005.19", "side": "SELL", "hash": "562c74841b84cd4e2051d1e56caa15fb16aed289", "best_bid": "0.33", "best_ask": "0.74"}], "timestamp": "1769384265600", "event_type": "price_change"}}
{"_local_timestamp": "2026-01-25T23:37:45.682278+00:00", "data": {"market": "0x7a4f2671314959ddb54db82c2efae64cd75fe433607afc0f7977a1ba92d07b36", "price_changes": [{"asset_id": "87012140861789287155140479060990335705763352231140800610453897441247863570797", "price": "0.03", "size": "2005.41", "side": "BUY", "hash": "5a74bf1528018cfc42853e45e420d1f82853572f", "best_bid": "0.26", "best_ask": "0.67"}, {"asset_id": "14280430495551083637979767621318190014166972932854899391850005153436590870537", "price": "0.97", "size": "2005.41", "side": "SELL", "hash": "562c74841b84cd4e2051d1e56caa15fb16aed289", "best_bid": "0.33", "best_ask": "0.74"}], "timestamp": "1769384265600", "event_type": "price_change"}}
{"_local_timestamp": "2026-01-25T23:37:45.682699+00:00", "data": {"market": "0x7a4f2671314959ddb54db82c2efae64cd75fe433607afc0f7977a1ba92d07b36", "price_changes": [{"asset_id": "87012140861789287155140479060990335705763352231140800610453897441247863570797", "price": "0.1", "size": "800", "side": "BUY", "hash": "5a74bf1528018cfc42853e45e420d1f82853572f", "best_bid": "0.26", "best_ask": "0.67"}, {"asset_id": "14280430495551083637979767621318190014166972932854899391850005153436590870537", "price": "0.9", "size": "800", "side": "SELL", "hash": "562c74841b84cd4e2051d1e56caa15fb16aed289", "best_bid": "0.33", "best_ask": "0.74"}], "timestamp": "1769384265600", "event_type": "price_change"}}
{"_local_timestamp": "2026-01-25T23:37:47.766733+00:00", "data": {"market": "0x7a4f2671314959ddb54db82c2efae64cd75fe433607afc0f7977a1ba92d07b36", "price_changes": [{"asset_id": "87012140861789287155140479060990335705763352231140800610453897441247863570797", "price": "0.03", "size": "5.41", "side": "BUY", "hash": "f518dcedcb8ff5a4f5af28ce6ab1a511773377c3", "best_bid": "0.26", "best_ask": "0.67"}, {"asset_id": "14280430495551083637979767621318190014166972932854899391850005153436590870537", "price": "0.97", "size": "5.41", "side": "SELL", "hash": "681ba22fcb42882c46aed1662003b68595c71487", "best_bid": "0.33", "best_ask": "0.74"}], "timestamp": "1769384267699", "event_type": "price_change"}}
{"_local_timestamp": "2026-01-25T23:37:47.767362+00:00", "data": {"market": "0x7a4f2671314959ddb54db82c2efae64cd75fe433607afc0f7977a1ba92d07b36", "price_changes": [{"asset_id": "87012140861789287155140479060990335705763352231140800610453897441247863570797", "price": "0.06", "size": "5.19", "side": "BUY", "hash": "f518dcedcb8ff5a4f5af28ce6ab1a511773377c3", "best_bid": "0.26", "best_ask": "0.67"}, {"asset_id": "14280430495551083637979767621318190014166972932854899391850005153436590870537", "price": "0.94", "size": "5.19", "side": "SELL", "hash": "681ba22fcb42882c46aed1662003b68595c71487", "best_bid": "0.33", "best_ask": "0.74"}], "timestamp": "1769384267699", "event_type": "price_change"}}
{"_local_timestamp": "2026-01-25T23:37:47.768090+00:00", "data": {"market": "0x7a4f2671314959ddb54db82c2efae64cd75fe433607afc0f7977a1ba92d07b36", "price_changes": [{"asset_id": "87012140861789287155140479060990335705763352231140800610453897441247863570797", "price": "0.02", "size": "111.28", "side": "BUY", "hash": "92dce42fb806fc48c7420cec63c6d5019854ea96", "best_bid": "0.26", "best_ask": "0.67"}, {"asset_id": "14280430495551083637979767621318190014166972932854899391850005153436590870537", "price": "0.98", "size": "111.28", "side": "SELL", "hash": "e773385f9d491e664b91638ef113a670cbc4dcbf", "best_bid": "0.33", "best_ask": "0.74"}], "timestamp": "1769384267699", "event_type": "price_change"}}
{"_local_timestamp": "2026-01-25T23:37:47.768553+00:00", "data": {"market": "0x7a4f2671314959ddb54db82c2efae64cd75fe433607afc0f7977a1ba92d07b36", "price_changes": [{"asset_id": "87012140861789287155140479060990335705763352231140800610453897441247863570797", "price": "0.1", "size": "100", "side": "BUY", "hash": "92dce42fb806fc48c7420cec63c6d5019854ea96", "best_bid": "0.26", "best_ask": "0.67"}, {"asset_id": "14280430495551083637979767621318190014166972932854899391850005153436590870537", "price": "0.9", "size": "100", "side": "SELL", "hash": "e773385f9d491e664b91638ef113a670cbc4dcbf", "best_bid": "0.33", "best_ask": "0.74"}], "timestamp": "1769384267699", "event_type": "price_change"}}
{"_local_timestamp": "2026-01-25T23:37:47.768997+00:00", "data": {"market": "0x7a4f2671314959ddb54db82c2efae64cd75fe433607afc0f7977a1ba92d07b36", "price_changes": [{"asset_id": "87012140861789287155140479060990335705763352231140800610453897441247863570797", "price": "0.01", "size": "449.08", "side": "BUY", "hash": "92dce42fb806fc48c7420cec63c6d5019854ea96", "best_bid": "0.26", "best_ask": "0.67"}, {"asset_id": "14280430495551083637979767621318190014166972932854899391850005153436590870537", "price": "0.99", "size": "449.08", "side": "SELL", "hash": "e773385f9d491e664b91638ef113a670cbc4dcbf", "best_bid": "0.33", "best_ask": "0.74"}], "timestamp": "1769384267699", "event_type": "price_change"}}
{"_local_timestamp": "2026-01-25T23:37:53.573366+00:00", "data": {"market": "0x7a4f2671314959ddb54db82c2efae64cd75fe433607afc0f7977a1ba92d07b36", "price_changes": [{"asset_id": "14280430495551083637979767621318190014166972932854899391850005153436590870537", "price": "0.6", "size": "100", "side": "BUY", "hash": "a58ca20773a5e1270416897236ecdbfd7956e8bd", "best_bid": "0.6", "best_ask": "0.74"}, {"asset_id": "87012140861789287155140479060990335705763352231140800610453897441247863570797", "price": "0.4", "size": "100", "side": "SELL", "hash": "dc2968e3a5e387c8d97a910ebc2747207009a705", "best_bid": "0.26", "best_ask": "0.4"}], "timestamp": "1769384273506", "event_type": "price_change"}}
{"_local_timestamp": "2026-01-25T23:38:14.793612+00:00", "data": {"market": "0x7a4f2671314959ddb54db82c2efae64cd75fe433607afc0f7977a1ba92d07b36", "price_changes": [{"asset_id": "87012140861789287155140479060990335705763352231140800610453897441247863570797", "price": "0.26", "size": "0", "side": "BUY", "hash": "d90908f2c324b87fcf7a339f96f5dd19874e3be6", "best_bid": "0.25", "best_ask": "0.4"}, {"asset_id": "14280430495551083637979767621318190014166972932854899391850005153436590870537", "price": "0.74", "size": "0", "side": "SELL", "hash": "ad4ea552e1bcc1ac164397508117953af0e1d0f3", "best_bid": "0.6", "best_ask": "0.75"}], "timestamp": "1769384294727", "event_type": "price_change"}}
{"_local_timestamp": "2026-01-25T23:38:15.204205+00:00", "data": {"market": "0x7a4f2671314959ddb54db82c2efae64cd75fe433607afc0f7977a1ba92d07b36", "price_changes": [{"asset_id": "87012140861789287155140479060990335705763352231140800610453897441247863570797", "price": "0.11", "size": "14.32", "side": "BUY", "hash": "abcc4a304320c275c2d725dc980fd444156aa790", "best_bid": "0.25", "best_ask": "0.4"}, {"asset_id": "14280430495551083637979767621318190014166972932854899391850005153436590870537", "price": "0.89", "size": "14.32", "side": "SELL", "hash": "4c55ea50dc74a19552ea4fc3f2889ee0f73e40bc", "best_bid": "0.6", "best_ask": "0.75"}], "timestamp": "1769384295137", "event_type": "price_change"}}
{"_local_timestamp": "2026-01-25T23:38:15.207839+00:00", "data": {"market": "0x7a4f2671314959ddb54db82c2efae64cd75fe433607afc0f7977a1ba92d07b36", "price_changes": [{"asset_id": "87012140861789287155140479060990335705763352231140800610453897441247863570797", "price": "0.04", "size": "67.16", "side": "BUY", "hash": "e55414eb0a02ab287b9659394ebf4a8e2dc9f654", "best_bid": "0.25", "best_ask": "0.4"}, {"asset_id": "14280430495551083637979767621318190014166972932854899391850005153436590870537", "price": "0.96", "size": "67.16", "side": "SELL", "hash": "9e0d2dd32417da3232bfaab50cfdd870c7d111ea", "best_bid": "0.6", "best_ask": "0.75"}], "timestamp": "1769384295138", "event_type": "price_change"}}
{"_local_timestamp": "2026-01-25T23:38:15.213358+00:00", "data": {"market": "0x7a4f2671314959ddb54db82c2efae64cd75fe433607afc0f7977a1ba92d07b36", "price_changes": [{"asset_id": "87012140861789287155140479060990335705763352231140800610453897441247863570797", "price": "0.01", "size": "467.13", "side": "BUY", "hash": "91ec9a170091e4b137cd4cfba0e30372e16fcb14", "best_bid": "0.25", "best_ask": "0.4"}, {"asset_id": "14280430495551083637979767621318190014166972932854899391850005153436590870537", "price": "0.99", "size": "467.13", "side": "SELL", "hash": "2a63889ae26dae2111cc98f071105044a694d32c", "best_bid": "0.6", "best_ask": "0.75"}], "timestamp": "1769384295139", "event_type": "price_change"}}
{"_local_timestamp": "2026-01-25T23:38:15.213952+00:00", "data": {"market": "0x7a4f2671314959ddb54db82c2efae64cd75fe433607afc0f7977a1ba92d07b36", "price_changes": [{"asset_id": "87012140861789287155140479060990335705763352231140800610453897441247863570797", "price": "0.03", "size": "12.46", "side": "BUY", "hash": "e6fffd4d4e5a71118cc7765fd584a413b87b2439", "best_bid": "0.25", "best_ask": "0.4"}, {"asset_id": "14280430495551083637979767621318190014166972932854899391850005153436590870537", "price": "0.97", "size": "12.46", "side": "SELL", "hash": "fca0ffe759c15c9d6f28c8d883fc0eccbb081aab", "best_bid": "0.6", "best_ask": "0.75"}], "timestamp": "1769384295140", "event_type": "price_change"}}
{"_local_timestamp": "2026-01-25T23:38:16.623608+00:00", "data": {"market": "0x7a4f2671314959ddb54db82c2efae64cd75fe433607afc0f7977a1ba92d07b36", "price_changes": [{"asset_id": "14280430495551083637979767621318190014166972932854899391850005153436590870537", "price": "0.11", "size": "600", "side": "BUY", "hash": "59a9ef9d6f6960ebbada355a09f9dafc5695a5a4", "best_bid": "0.6", "best_ask": "0.75"}, {"asset_id": "87012140861789287155140479060990335705763352231140800610453897441247863570797", "price": "0.89", "size": "600", "side": "SELL", "hash": "7d90d08ceb6c9369b60d314539fe6c4d0f778547", "best_bid": "0.25", "best_ask": "0.4"}], "timestamp": "1769384296557", "event_type": "price_change"}}
{"_local_timestamp": "2026-01-25T23:38:25.973576+00:00", "data": {"market": "0x7a4f2671314959ddb54db82c2efae64cd75fe433607afc0f7977a1ba92d07b36", "price_changes": [{"asset_id": "14280430495551083637979767621318190014166972932854899391850005153436590870537", "price": "0.16", "size": "12.5", "side": "BUY", "hash": "3e3a56b476d7280b9b11439dece44fa8e43d4fd5", "best_bid": "0.6", "best_ask": "0.75"}, {"asset_id": "87012140861789287155140479060990335705763352231140800610453897441247863570797", "price": "0.84", "size": "12.5", "side": "SELL", "hash": "623407d578f25a122d74e209da7dfe799e03158d", "best_bid": "0.25", "best_ask": "0.4"}], "timestamp": "1769384305901", "event_type": "price_change"}}
{"_local_timestamp": "2026-01-25T23:38:26.432687+00:00", "data": {"market": "0x7a4f2671314959ddb54db82c2efae64cd75fe433607afc0f7977a1ba92d07b36", "price_changes": [{"asset_id": "14280430495551083637979767621318190014166972932854899391850005153436590870537", "price": "0.12", "size": "13.72", "side": "BUY", "hash": "184648d1848d30ab6c14a18aff5b539f14750931", "best_bid": "0.6", "best_ask": "0.75"}, {"asset_id": "87012140861789287155140479060990335705763352231140800610453897441247863570797", "price": "0.88", "size": "13.72", "side": "SELL", "hash": "f7e5a729f399168fdb0e9df35b5dd3648c4b4e62", "best_bid": "0.25", "best_ask": "0.4"}], "timestamp": "1769384306344", "event_type": "price_change"}}
{"_local_timestamp": "2026-01-25T23:38:29.762715+00:00", "data": {"market": "0x7a4f2671314959ddb54db82c2efae64cd75fe433607afc0f7977a1ba92d07b36", "price_changes": [{"asset_id": "87012140861789287155140479060990335705763352231140800610453897441247863570797", "price": "0.01", "size": "449.08", "side": "BUY", "hash": "05c83ba17c6c00e5260197bbc1a17b203ca943d0", "best_bid": "0.25", "best_ask": "0.4"}, {"asset_id": "14280430495551083637979767621318190014166972932854899391850005153436590870537", "price": "0.99", "size": "449.08", "side": "SELL", "hash": "3b146792a5629ed0d3518dd505153a99542cea30", "best_bid": "0.6", "best_ask": "0.75"}], "timestamp": "1769384309677", "event_type": "price_change"}}
{"_local_timestamp": "2026-01-25T23:38:29.763280+00:00", "data": {"market": "0x7a4f2671314959ddb54db82c2efae64cd75fe433607afc0f7977a1ba92d07b36", "price_changes": [{"asset_id": "87012140861789287155140479060990335705763352231140800610453897441247863570797", "price": "0.03", "size": "5.41", "side": "BUY", "hash": "05c83ba17c6c00e5260197bbc1a17b203ca943d0", "best_bid": "0.25", "best_ask": "0.4"}, {"asset_id": "14280430495551083637979767621318190014166972932854899391850005153436590870537", "price": "0.97", "size": "5.41", "side": "SELL", "hash": "3b146792a5629ed0d3518dd505153a99542cea30", "best_bid": "0.6", "best_ask": "0.75"}], "timestamp": "1769384309677", "event_type": "price_change"}}
{"_local_timestamp": "2026-01-25T23:38:29.763756+00:00", "data": {"market": "0x7a4f2671314959ddb54db82c2efae64cd75fe433607afc0f7977a1ba92d07b36", "price_changes": [{"asset_id": "87012140861789287155140479060990335705763352231140800610453897441247863570797", "price": "0.04", "size": "50", "side": "BUY", "hash": "05c83ba17c6c00e5260197bbc1a17b203ca943d0", "best_bid": "0.25", "best_ask": "0.4"}, {"asset_id": "14280430495551083637979767621318190014166972932854899391850005153436590870537", "price": "0.96", "size": "50", "side": "SELL", "hash": "3b146792a5629ed0d3518dd505153a99542cea30", "best_bid": "0.6", "best_ask": "0.75"}], "timestamp": "1769384309677", "event_type": "price_change"}}
{"_local_timestamp": "2026-01-25T23:38:29.764232+00:00", "data": {"market": "0x7a4f2671314959ddb54db82c2efae64cd75fe433607afc0f7977a1ba92d07b36", "price_changes": [{"asset_id": "87012140861789287155140479060990335705763352231140800610453897441247863570797", "price": "0.06", "size": "0", "side": "BUY", "hash": "05c83ba17c6c00e5260197bbc1a17b203ca943d0", "best_bid": "0.25", "best_ask": "0.4"}, {"asset_id": "14280430495551083637979767621318190014166972932854899391850005153436590870537", "price": "0.94", "size": "0", "side": "SELL", "hash": "3b146792a5629ed0d3518dd505153a99542cea30", "best_bid": "0.6", "best_ask": "0.75"}], "timestamp": "1769384309677", "event_type": "price_change"}}
{"_local_timestamp": "2026-01-25T23:38:29.764694+00:00", "data": {"market": "0x7a4f2671314959ddb54db82c2efae64cd75fe433607afc0f7977a1ba92d07b36", "price_changes": [{"asset_id": "87012140861789287155140479060990335705763352231140800610453897441247863570797", "price": "0.08", "size": "25", "side": "BUY", "hash": "05c83ba17c6c00e5260197bbc1a17b203ca943d0", "best_bid": "0.25", "best_ask": "0.4"}, {"asset_id": "14280430495551083637979767621318190014166972932854899391850005153436590870537", "price": "0.92", "size": "25", "side": "SELL", "hash": "3b146792a5629ed0d3518dd505153a99542cea30", "best_bid": "0.6", "best_ask": "0.75"}], "timestamp": "1769384309677", "event_type": "price_change"}}
{"_local_timestamp": "2026-01-25T23:38:29.765172+00:00", "data": {"market": "0x7a4f2671314959ddb54db82c2efae64cd75fe433607afc0f7977a1ba92d07b36", "price_changes": [{"asset_id": "87012140861789287155140479060990335705763352231140800610453897441247863570797", "price": "0.11", "size": "6.89", "side": "BUY", "hash": "05c83ba17c6c00e5260197bbc1a17b203ca943d0", "best_bid": "0.25", "best_ask": "0.4"}, {"asset_id": "14280430495551083637979767621318190014166972932854899391850005153436590870537", "price": "0.89", "size": "6.89", "side": "SELL", "hash": "3b146792a5629ed0d3518dd505153a99542cea30", "best_bid": "0.6", "best_ask": "0.75"}], "timestamp": "1769384309677", "event_type": "price_change"}}
{"_local_timestamp": "2026-01-25T23:38:30.272056+00:00", "data": {"market": "0x7a4f2671314959ddb54db82c2efae64cd75fe433607afc0f7977a1ba92d07b36", "price_changes": [{"asset_id": "87012140861789287155140479060990335705763352231140800610453897441247863570797", "price": "0.05", "size": "35.47", "side": "BUY", "hash": "e491c89635b74536c583671f8fafc8aa9c9ad96d", "best_bid": "0.25", "best_ask": "0.4"}, {"asset_id": "14280430495551083637979767621318190014166972932854899391850005153436590870537", "price": "0.95", "size": "35.47", "side": "SELL", "hash": "703551b9bc21dbcbeed3f2025f52faab91d0486d", "best_bid": "0.6", "best_ask": "0.75"}], "timestamp": "1769384310200", "event_type": "price_change"}}
{"_local_timestamp": "2026-01-25T23:38:30.272632+00:00", "data": {"market": "0x7a4f2671314959ddb54db82c2efae64cd75fe433607afc0f7977a1ba92d07b36", "price_changes": [{"asset_id": "87012140861789287155140479060990335705763352231140800610453897441247863570797", "price": "0.04", "size": "60.11", "side": "BUY", "hash": "c8cad4e19c34f99478e6dd97863cc6d3c426131a", "best_bid": "0.25", "best_ask": "0.4"}, {"asset_id": "14280430495551083637979767621318190014166972932854899391850005153436590870537", "price": "0.96", "size": "60.11", "side": "SELL", "hash": "67969bdc94d5f3325825c6ac9030d15c12511976", "best_bid": "0.6", "best_ask": "0.75"}], "timestamp": "1769384310201", "event_type": "price_change"}}
{"_local_timestamp": "2026-01-25T23:38:30.273154+00:00", "data": {"market": "0x7a4f2671314959ddb54db82c2efae64cd75fe433607afc0f7977a1ba92d07b36", "price_changes": [{"asset_id": "87012140861789287155140479060990335705763352231140800610453897441247863570797", "price": "0.07", "size": "20.2", "side": "BUY", "hash": "b1ae4d03194fe60c0da47b52fc7eb60bb05a1a39", "best_bid": "0.25", "best_ask": "0.4"}, {"asset_id": "14280430495551083637979767621318190014166972932854899391850005153436590870537", "price": "0.93", "size": "20.2", "side": "SELL", "hash": "881f8d1f64fdc7ce147b0a21d47b8503d417855c", "best_bid": "0.6", "best_ask": "0.75"}], "timestamp": "1769384310202", "event_type": "price_change"}}
{"_local_timestamp": "2026-01-25T23:38:30.273653+00:00", "data": {"market": "0x7a4f2671314959ddb54db82c2efae64cd75fe433607afc0f7977a1ba92d07b36", "price_changes": [{"asset_id": "87012140861789287155140479060990335705763352231140800610453897441247863570797", "price": "0.01", "size": "461.61", "side": "BUY", "hash": "91f379ecb120a5bb4c8468dfbdb680538c3d37c1", "best_bid": "0.25", "best_ask": "0.4"}, {"asset_id": "14280430495551083637979767621318190014166972932854899391850005153436590870537", "price": "0.99", "size": "461.61", "side": "SELL", "hash": "6c1bcaece23689169b7a6f176a1e51ca9f6d7b5d", "best_bid": "0.6", "best_ask": "0.75"}], "timestamp": "1769384310203", "event_type": "price_change"}}
{"_local_timestamp": "2026-01-25T23:38:31.328802+00:00", "data": {"market": "0x7a4f2671314959ddb54db82c2efae64cd75fe433607afc0f7977a1ba92d07b36", "price_changes": [{"asset_id": "14280430495551083637979767621318190014166972932854899391850005153436590870537", "price": "0.11", "size": "1000", "side": "BUY", "hash": "3cb13f3aa533c19c8e81ac7f1abe7e1d34631b20", "best_bid": "0.6", "best_ask": "0.75"}, {"asset_id": "87012140861789287155140479060990335705763352231140800610453897441247863570797", "price": "0.89", "size": "1000", "side": "SELL", "hash": "0b280714d30c44271e15cb8a13cd4fe1c4ddc37d", "best_bid": "0.25", "best_ask": "0.4"}], "timestamp": "1769384311246", "event_type": "price_change"}}
{"_local_timestamp": "2026-01-25T23:38:35.812065+00:00", "data": {"market": "0x7a4f2671314959ddb54db82c2efae64cd75fe433607afc0f7977a1ba92d07b36", "price_changes": [{"asset_id": "14280430495551083637979767621318190014166972932854899391850005153436590870537", "price": "0.75", "size": "0", "side": "SELL", "hash": "49f6a0d5310767fe6fafba55facd59478b3be282", "best_bid": "0.6", "best_ask": "0.83"}, {"asset_id": "87012140861789287155140479060990335705763352231140800610453897441247863570797", "price": "0.25", "size": "0", "side": "BUY", "hash": "cccf99d057e80ac51ba6c6552fa2064eeea426f0", "best_bid": "0.17", "best_ask": "0.4"}], "timestamp": "1769384315747", "event_type": "price_change"}}
{"_local_timestamp": "2026-01-25T23:38:35.812807+00:00", "data": {"market": "0x7a4f2671314959ddb54db82c2efae64cd75fe433607afc0f7977a1ba92d07b36", "asset_id": "87012140861789287155140479060990335705763352231140800610453897441247863570797", "bids": [{"price": "0.01", "size": "461.61"}, {"price": "0.02", "size": "111.28"}, {"price": "0.03", "size": "5.41"}, {"price": "0.04", "size": "60.11"}, {"price": "0.05", "size": "35.47"}, {"price": "0.07", "size": "20.2"}, {"price": "0.08", "size": "25"}, {"price": "0.1", "size": "100"}, {"price": "0.11", "size": "6.89"}, {"price": "0.16", "size": "12.5"}, {"price": "0.17", "size": "5.56"}], "asks": [{"price": "0.99", "size": "12400.34"}, {"price": "0.98", "size": "5111.73"}, {"price": "0.97", "size": "4005.02"}, {"price": "0.96", "size": "55.5"}, {"price": "0.95", "size": "25.99"}, {"price": "0.94", "size": "2000"}, {"price": "0.93", "size": "5.95"}, {"price": "0.92", "size": "25"}, {"price": "0.91", "size": "6.13"}, {"price": "0.89", "size": "1000"}, {"price": "0.88", "size": "13.72"}, {"price": "0.84", "size": "12.5"}, {"price": "0.83", "size": "100"}, {"price": "0.8", "size": "900"}, {"price": "0.79", "size": "61.9"}, {"price": "0.78", "size": "50"}, {"price": "0.77", "size": "5.55"}, {"price": "0.68", "size": "394.95"}, {"price": "0.67", "size": "67.69"}, {"price": "0.4", "size": "100"}], "hash": "cccf99d057e80ac51ba6c6552fa2064eeea426f0", "timestamp": "1769384315747", "event_type": "book"}}
{"_local_timestamp": "2026-01-25T23:38:35.813582+00:00", "data": {"market": "0x7a4f2671314959ddb54db82c2efae64cd75fe433607afc0f7977a1ba92d07b36", "asset_id": "14280430495551083637979767621318190014166972932854899391850005153436590870537", "bids": [{"price": "0.01", "size": "12400.34"}, {"price": "0.02", "size": "5111.73"}, {"price": "0.03", "size": "4005.02"}, {"price": "0.04", "size": "55.5"}, {"price": "0.05", "size": "25.99"}, {"price": "0.06", "size": "2000"}, {"price": "0.07", "size": "5.95"}, {"price": "0.08", "size": "25"}, {"price": "0.09", "size": "6.13"}, {"price": "0.11", "size": "1000"}, {"price": "0.12", "size": "13.72"}, {"price": "0.16", "size": "12.5"}, {"price": "0.17", "size": "100"}, {"price": "0.2", "size": "900"}, {"price": "0.21", "size": "61.9"}, {"price": "0.22", "size": "50"}, {"price": "0.23", "size": "5.55"}, {"price": "0.32", "size": "394.95"}, {"price": "0.33", "size": "67.69"}, {"price": "0.6", "size": "100"}], "asks": [{"price": "0.99", "size": "461.61"}, {"price": "0.98", "size": "111.28"}, {"price": "0.97", "size": "5.41"}, {"price": "0.96", "size": "60.11"}, {"price": "0.95", "size": "35.47"}, {"price": "0.93", "size": "20.2"}, {"price": "0.92", "size": "25"}, {"price": "0.9", "size": "100"}, {"price": "0.89", "size": "6.89"}, {"price": "0.84", "size": "12.5"}, {"price": "0.83", "size": "5.56"}], "hash": "49f6a0d5310767fe6fafba55facd59478b3be282", "timestamp": "1769384315747", "event_type": "book"}}
{"_local_timestamp": "2026-01-25T23:38:35.844466+00:00", "data": {"market": "0x7a4f2671314959ddb54db82c2efae64cd75fe433607afc0f7977a1ba92d07b36", "asset_id": "14280430495551083637979767621318190014166972932854899391850005153436590870537", "price": "0.75", "size": "75", "fee_rate_bps": "0", "side": "BUY", "timestamp": "1769384315775", "event_type": "last_trade_price", "transaction_hash": "0x981434bdb409d950bb4f834ceda7feca6e2881577db2cce9499922c5cbe340af"}}
{"_local_timestamp": "2026-01-25T23:38:44.060637+00:00", "data": {"market": "0x7a4f2671314959ddb54db82c2efae64cd75fe433607afc0f7977a1ba92d07b36", "price_changes": [{"asset_id": "14280430495551083637979767621318190014166972932854899391850005153436590870537", "price": "0.01", "size": "17400.34", "side": "BUY", "hash": "b2fbccdacc07c033c2437adb9de04809a088f720", "best_bid": "0.6", "best_ask": "0.83"}, {"asset_id": "87012140861789287155140479060990335705763352231140800610453897441247863570797", "price": "0.99", "size": "17400.34", "side": "SELL", "hash": "ac039ff31bd0a80061352153933ddd37d2352309", "best_bid": "0.17", "best_ask": "0.4"}], "timestamp": "1769384323967", "event_type": "price_change"}}
{"_local_timestamp": "2026-01-25T23:38:45.712927+00:00", "data": {"market": "0x7a4f2671314959ddb54db82c2efae64cd75fe433607afc0f7977a1ba92d07b36", "price_changes": [{"asset_id": "87012140861789287155140479060990335705763352231140800610453897441247863570797", "price": "0.01", "size": "449.08", "side": "BUY", "hash": "3005497caeff02e9820b9c8885fd296624dc7170", "best_bid": "0.17", "best_ask": "0.4"}, {"asset_id": "14280430495551083637979767621318190014166972932854899391850005153436590870537", "price": "0.99", "size": "449.08", "side": "SELL", "hash": "c8eb14a62e6018c94c610312c46716cb4f13cdba", "best_bid": "0.6", "best_ask": "0.83"}], "timestamp": "1769384325632", "event_type": "price_change"}}
{"_local_timestamp": "2026-01-25T23:38:45.713534+00:00", "data": {"market": "0x7a4f2671314959ddb54db82c2efae64cd75fe433607afc0f7977a1ba92d07b36", "price_changes": [{"asset_id": "87012140861789287155140479060990335705763352231140800610453897441247863570797", "price": "0.04", "size": "50", "side": "BUY", "hash": "3005497caeff02e9820b9c8885fd296624dc7170", "best_bid": "0.17", "best_ask": "0.4"}, {"asset_id": "14280430495551083637979767621318190014166972932854899391850005153436590870537", "price": "0.96", "size": "50", "side": "SELL", "hash": "c8eb14a62e6018c94c610312c46716cb4f13cdba", "best_bid": "0.6", "best_ask": "0.83"}], "timestamp": "1769384325632", "event_type": "price_change"}}
{"_local_timestamp": "2026-01-25T23:38:45.714037+00:00", "data": {"market": "0x7a4f2671314959ddb54db82c2efae64cd75fe433607afc0f7977a1ba92d07b36", "price_changes": [{"asset_id": "87012140861789287155140479060990335705763352231140800610453897441247863570797", "price": "0.07", "size": "0", "side": "BUY", "hash": "3005497caeff02e9820b9c8885fd296624dc7170", "best_bid": "0.17", "best_ask": "0.4"}, {"asset_id": "14280430495551083637979767621318190014166972932854899391850005153436590870537", "price": "0.93", "size": "0", "side": "SELL", "hash": "c8eb14a62e6018c94c610312c46716cb4f13cdba", "best_bid": "0.6", "best_ask": "0.83"}], "timestamp": "1769384325632", "event_type": "price_change"}}
{"_local_timestamp": "2026-01-25T23:38:46.127237+00:00", "data": {"market": "0x7a4f2671314959ddb54db82c2efae64cd75fe433607afc0f7977a1ba92d07b36", "price_changes": [{"asset_id": "87012140861789287155140479060990335705763352231140800610453897441247863570797", "price": "0.03", "size": "28.05", "side": "BUY", "hash": "27fe3078a8f9a86034ad5377d58399236e451e83", "best_bid": "0.17", "best_ask": "0.4"}, {"asset_id": "14280430495551083637979767621318190014166972932854899391850005153436590870537", "price": "0.97", "size": "28.05", "side": "SELL", "hash": "4e2eb1142b441581029a6ab4e527546455cc914f", "best_bid": "0.6", "best_ask": "0.83"}], "timestamp": "1769384326036", "event_type": "price_change"}}
{"_local_timestamp": "2026-01-25T23:38:46.127834+00:00", "data": {"market": "0x7a4f2671314959ddb54db82c2efae64cd75fe433607afc0f7977a1ba92d07b36", "price_changes": [{"asset_id": "87012140861789287155140479060990335705763352231140800610453897441247863570797", "price": "0.01", "size": "464.52", "side": "BUY", "hash": "993b6168b365af8e3567478da2c52a0939726bb3", "best_bid": "0.17", "best_ask": "0.4"}, {"asset_id": "14280430495551083637979767621318190014166972932854899391850005153436590870537", "price": "0.99", "size": "464.52", "side": "SELL", "hash": "b7194c39dae52ce46bea6fbd7f245ff9bf97740f", "best_bid": "0.6", "best_ask": "0.83"}], "timestamp": "1769384326037", "event_type": "price_change"}}
{"_local_timestamp": "2026-01-25T23:38:46.128422+00:00", "data": {"market": "0x7a4f2671314959ddb54db82c2efae64cd75fe433607afc0f7977a1ba92d07b36", "price_changes": [{"asset_id": "87012140861789287155140479060990335705763352231140800610453897441247863570797", "price": "0.05", "size": "57.68", "side": "BUY", "hash": "088a7619f601d94881096bb87b224491c37d805c", "best_bid": "0.17", "best_ask": "0.4"}, {"asset_id": "14280430495551083637979767621318190014166972932854899391850005153436590870537", "price": "0.95", "size": "57.68", "side": "SELL", "hash": "3bb572b0b745140f8f6885df3acbedc7168cc4db", "best_bid": "0.6", "best_ask": "0.83"}], "timestamp": "1769384326038", "event_type": "price_change"}}
{"_local_timestamp": "2026-01-25T23:39:04.798756+00:00", "data": {"market": "0x7a4f2671314959ddb54db82c2efae64cd75fe433607afc0f7977a1ba92d07b36", "price_changes": [{"asset_id": "87012140861789287155140479060990335705763352231140800610453897441247863570797", "price": "0.01", "size": "449.08", "side": "BUY", "hash": "e4ff200dbccb3a5ea2b3741779a7854dc81f4969", "best_bid": "0.17", "best_ask": "0.4"}, {"asset_id": "14280430495551083637979767621318190014166972932854899391850005153436590870537", "price": "0.99", "size": "449.08", "side": "SELL", "hash": "bd4dd710162b1ddcf4306af07b23288f19c94b50", "best_bid": "0.6", "best_ask": "0.83"}], "timestamp": "1769384344703", "event_type": "price_change"}}
{"_local_timestamp": "2026-01-25T23:39:04.799337+00:00", "data": {"market": "0x7a4f2671314959ddb54db82c2efae64cd75fe433607afc0f7977a1ba92d07b36", "price_changes": [{"asset_id": "87012140861789287155140479060990335705763352231140800610453897441247863570797", "price": "0.03", "size": "5.41", "side": "BUY", "hash": "e4ff200dbccb3a5ea2b3741779a7854dc81f4969", "best_bid": "0.17", "best_ask": "0.4"}, {"asset_id": "14280430495551083637979767621318190014166972932854899391850005153436590870537", "price": "0.97", "size": "5.41", "side": "SELL", "hash": "bd4dd710162b1ddcf4306af07b23288f19c94b50", "best_bid": "0.6", "best_ask": "0.83"}], "timestamp": "1769384344703", "event_type": "price_change"}}
{"_local_timestamp": "2026-01-25T23:39:04.799830+00:00", "data": {"market": "0x7a4f2671314959ddb54db82c2efae64cd75fe433607afc0f7977a1ba92d07b36", "price_changes": [{"asset_id": "87012140861789287155140479060990335705763352231140800610453897441247863570797", "price": "0.05", "size": "35.47", "side": "BUY", "hash": "e4ff200dbccb3a5ea2b3741779a7854dc81f4969", "best_bid": "0.17", "best_ask": "0.4"}, {"asset_id": "14280430495551083637979767621318190014166972932854899391850005153436590870537", "price": "0.95", "size": "35.47", "side": "SELL", "hash": "bd4dd710162b1ddcf4306af07b23288f19c94b50", "best_bid": "0.6", "best_ask": "0.83"}], "timestamp": "1769384344703", "event_type": "price_change"}}
{"_local_timestamp": "2026-01-25T23:39:04.800328+00:00", "data": {"market": "0x7a4f2671314959ddb54db82c2efae64cd75fe433607afc0f7977a1ba92d07b36", "price_changes": [{"asset_id": "14280430495551083637979767621318190014166972932854899391850005153436590870537", "price": "0.04", "size": "50", "side": "BUY", "hash": "25cd1222bfc9ffab626f9d54f7fedae100d9871d", "best_bid": "0.6", "best_ask": "0.83"}, {"asset_id": "87012140861789287155140479060990335705763352231140800610453897441247863570797", "price": "0.96", "size": "50", "side": "SELL", "hash": "fa7798b5f87b764cec5e59590adada1e95a466fd", "best_bid": "0.17", "best_ask": "0.4"}], "timestamp": "1769384344703", "event_type": "price_change"}}
{"_local_timestamp": "2026-01-25T23:39:04.800956+00:00", "data": {"market": "0x7a4f2671314959ddb54db82c2efae64cd75fe433607afc0f7977a1ba92d07b36", "price_changes": [{"asset_id": "14280430495551083637979767621318190014166972932854899391850005153436590870537", "price": "0.09", "size": "0", "side": "BUY", "hash": "25cd1222bfc9ffab626f9d54f7fedae100d9871d", "best_bid": "0.6", "best_ask": "0.83"}, {"asset_id": "87012140861789287155140479060990335705763352231140800610453897441247863570797", "price": "0.91", "size": "0", "side": "SELL", "hash": "fa7798b5f87b764cec5e59590adada1e95a466fd", "best_bid": "0.17", "best_ask": "0.4"}], "timestamp": "1769384344703", "event_type": "price_change"}}
{"_local_timestamp": "2026-01-25T23:39:04.801493+00:00", "data": {"market": "0x7a4f2671314959ddb54db82c2efae64cd75fe433607afc0f7977a1ba92d07b36", "price_changes": [{"asset_id": "14280430495551083637979767621318190014166972932854899391850005153436590870537", "price": "0.12", "size": "5.65", "side": "BUY", "hash": "25cd1222bfc9ffab626f9d54f7fedae100d9871d", "best_bid": "0.6", "best_ask": "0.83"}, {"asset_id": "87012140861789287155140479060990335705763352231140800610453897441247863570797", "price": "0.88", "size": "5.65", "side": "SELL", "hash": "fa7798b5f87b764cec5e59590adada1e95a466fd", "best_bid": "0.17", "best_ask": "0.4"}], "timestamp": "1769384344703", "event_type": "price_change"}}
{"_local_timestamp": "2026-01-25T23:39:05.245747+00:00", "data": {"market": "0x7a4f2671314959ddb54db82c2efae64cd75fe433607afc0f7977a1ba92d07b36", "price_changes": [{"asset_id": "14280430495551083637979767621318190014166972932854899391850005153436590870537", "price": "0.03", "size": "4015.13", "side": "BUY", "hash": "f366e5410013d0c6554e1a4f8936491ec6999c08", "best_bid": "0.6", "best_ask": "0.83"}, {"asset_id": "87012140861789287155140479060990335705763352231140800610453897441247863570797", "price": "0.97", "size": "4015.13", "side": "SELL", "hash": "9b3bcbb8c6ffda4780da9cda951443bed37abf05", "best_bid": "0.17", "best_ask": "0.4"}], "timestamp": "1769384345176", "event_type": "price_change"}}
{"_local_timestamp": "2026-01-25T23:39:05.246347+00:00", "data": {"market": "0x7a4f2671314959ddb54db82c2efae64cd75fe433607afc0f7977a1ba92d07b36", "price_changes": [{"asset_id": "14280430495551083637979767621318190014166972932854899391850005153436590870537", "price": "0.07", "size": "13.1", "side": "BUY", "hash": "9e208fe332ae638a427a9720fab48bb083ba4ed5", "best_bid": "0.6", "best_ask": "0.83"}, {"asset_id": "87012140861789287155140479060990335705763352231140800610453897441247863570797", "price": "0.93", "size": "13.1", "side": "SELL", "hash": "88dbadf359d5282168c14c52d7209558bde07dbd", "best_bid": "0.17", "best_ask": "0.4"}], "timestamp": "1769384345177", "event_type": "price_change"}}
{"_local_timestamp": "2026-01-25T23:39:05.246853+00:00", "data": {"market": "0x7a4f2671314959ddb54db82c2efae64cd75fe433607afc0f7977a1ba92d07b36", "price_changes": [{"asset_id": "14280430495551083637979767621318190014166972932854899391850005153436590870537", "price": "0.12", "size": "13.45", "side": "BUY", "hash": "5b1527e9de5c0fa6563fcc632a3d6331f08e43a6", "best_bid": "0.6", "best_ask": "0.83"}, {"asset_id": "87012140861789287155140479060990335705763352231140800610453897441247863570797", "price": "0.88", "size": "13.45", "side": "SELL", "hash": "1b46c9faefdb28cde64bae5787e348cc29bb7806", "best_bid": "0.17", "best_ask": "0.4"}], "timestamp": "1769384345178", "event_type": "price_change"}}
{"_local_timestamp": "2026-01-25T23:39:05.247341+00:00", "data": {"market": "0x7a4f2671314959ddb54db82c2efae64cd75fe433607afc0f7977a1ba92d07b36", "price_changes": [{"asset_id": "87012140861789287155140479060990335705763352231140800610453897441247863570797", "price": "0.05", "size": "59.6", "side": "BUY", "hash": "0ebb3d92c6d295f03809245d78a6daf4d551ff3a", "best_bid": "0.17", "best_ask": "0.4"}, {"asset_id": "14280430495551083637979767621318190014166972932854899391850005153436590870537", "price": "0.95", "size": "59.6", "side": "SELL", "hash": "7c648128a8b79f4aeb8940883ba9bce7961a007b", "best_bid": "0.6", "best_ask": "0.83"}], "timestamp": "1769384345179", "event_type": "price_change"}}
{"_local_timestamp": "2026-01-25T23:39:05.247864+00:00", "data": {"market": "0x7a4f2671314959ddb54db82c2efae64cd75fe433607afc0f7977a1ba92d07b36", "price_changes": [{"asset_id": "87012140861789287155140479060990335705763352231140800610453897441247863570797", "price": "0.03", "size": "30", "side": "BUY", "hash": "83b370944eeba88df67fa35e47dc4ba871727ded", "best_bid": "0.17", "best_ask": "0.4"}, {"asset_id": "14280430495551083637979767621318190014166972932854899391850005153436590870537", "price": "0.97", "size": "30", "side": "SELL", "hash": "0d846649d152d43e0fc5298d61b9c4ea2711775a", "best_bid": "0.6", "best_ask": "0.83"}], "timestamp": "1769384345180", "event_type": "price_change"}}
{"_local_timestamp": "2026-01-25T23:39:33.903232+00:00", "data": {"market": "0x7a4f2671314959ddb54db82c2efae64cd75fe433607afc0f7977a1ba92d07b36", "price_changes": [{"asset_id": "87012140861789287155140479060990335705763352231140800610453897441247863570797", "price": "0.03", "size": "5.41", "side": "BUY", "hash": "7395067bc1c7ebabf8a8b339e5a59ef11ce514fb", "best_bid": "0.16", "best_ask": "0.4"}, {"asset_id": "14280430495551083637979767621318190014166972932854899391850005153436590870537", "price": "0.97", "size": "5.41", "side": "SELL", "hash": "b42c08b865ccb76c21dcfe244a6a4d8ed26e11e8", "best_bid": "0.6", "best_ask": "0.84"}], "timestamp": "1769384373834", "event_type": "price_change"}}
{"_local_timestamp": "2026-01-25T23:39:33.904252+00:00", "data": {"market": "0x7a4f2671314959ddb54db82c2efae64cd75fe433607afc0f7977a1ba92d07b36", "price_changes": [{"asset_id": "87012140861789287155140479060990335705763352231140800610453897441247863570797", "price": "0.05", "size": "20", "side": "BUY", "hash": "7395067bc1c7ebabf8a8b339e5a59ef11ce514fb", "best_bid": "0.16", "best_ask": "0.4"}, {"asset_id": "14280430495551083637979767621318190014166972932854899391850005153436590870537", "price": "0.95", "size": "20", "side": "SELL", "hash": "b42c08b865ccb76c21dcfe244a6a4d8ed26e11e8", "best_bid": "0.6", "best_ask": "0.84"}], "timestamp": "1769384373834", "event_type": "price_change"}}
{"_local_timestamp": "2026-01-25T23:39:33.904751+00:00", "data": {"market": "0x7a4f2671314959ddb54db82c2efae64cd75fe433607afc0f7977a1ba92d07b36", "price_changes": [{"asset_id": "87012140861789287155140479060990335705763352231140800610453897441247863570797", "price": "0.17", "size": "0", "side": "BUY", "hash": "7395067bc1c7ebabf8a8b339e5a59ef11ce514fb", "best_bid": "0.16", "best_ask": "0.4"}, {"asset_id": "14280430495551083637979767621318190014166972932854899391850005153436590870537", "price": "0.83", "size": "0", "side": "SELL", "hash": "b42c08b865ccb76c21dcfe244a6a4d8ed26e11e8", "best_bid": "0.6", "best_ask": "0.84"}], "timestamp": "1769384373834", "event_type": "price_change"}}
{"_local_timestamp": "2026-01-25T23:39:34.370778+00:00", "data": {"market": "0x7a4f2671314959ddb54db82c2efae64cd75fe433607afc0f7977a1ba92d07b36", "price_changes": [{"asset_id": "87012140861789287155140479060990335705763352231140800610453897441247863570797", "price": "0.01", "size": "458.51", "side": "BUY", "hash": "0703325938ca2488cf526b05fc4bdfa8bfca72a7", "best_bid": "0.16", "best_ask": "0.4"}, {"asset_id": "14280430495551083637979767621318190014166972932854899391850005153436590870537", "price": "0.99", "size": "458.51", "side": "SELL", "hash": "6ea900316d31bd6646a9242c85663ad5e9e2515e", "best_bid": "0.6", "best_ask": "0.84"}], "timestamp": "1769384374304", "event_type": "price_change"}}
{"_local_timestamp": "2026-01-25T23:39:34.371403+00:00", "data": {"market": "0x7a4f2671314959ddb54db82c2efae64cd75fe433607afc0f7977a1ba92d07b36", "price_changes": [{"asset_id": "87012140861789287155140479060990335705763352231140800610453897441247863570797", "price": "0.03", "size": "11.23", "side": "BUY", "hash": "7cbce6d720d9b480e0bf9886ab9c6417aa453e75", "best_bid": "0.16", "best_ask": "0.4"}, {"asset_id": "14280430495551083637979767621318190014166972932854899391850005153436590870537", "price": "0.97", "size": "11.23", "side": "SELL", "hash": "d6f5b0df9bb704ff06b429eb9c2b68e9d03ed057", "best_bid": "0.6", "best_ask": "0.84"}], "timestamp": "1769384374305", "event_type": "price_change"}}
{"_local_timestamp": "2026-01-25T23:39:34.371917+00:00", "data": {"market": "0x7a4f2671314959ddb54db82c2efae64cd75fe433607afc0f7977a1ba92d07b36", "price_changes": [{"asset_id": "87012140861789287155140479060990335705763352231140800610453897441247863570797", "price": "0.02", "size": "117.3", "side": "BUY", "hash": "974dc8bdf25599bdea8923903f0877d2feac871e", "best_bid": "0.16", "best_ask": "0.4"}, {"asset_id": "14280430495551083637979767621318190014166972932854899391850005153436590870537", "price": "0.98", "size": "117.3", "side": "SELL", "hash": "c83943a4a2286aad8c6be61cc643fbd96ed8ebb7", "best_bid": "0.6", "best_ask": "0.84"}], "timestamp": "1769384374306", "event_type": "price_change"}}
{"_local_timestamp": "2026-01-25T23:39:34.373079+00:00", "data": {"market": "0x7a4f2671314959ddb54db82c2efae64cd75fe433607afc0f7977a1ba92d07b36", "price_changes": [{"asset_id": "87012140861789287155140479060990335705763352231140800610453897441247863570797", "price": "0.04", "size": "58.25", "side": "BUY", "hash": "8a9a06e91330b81bcc241f95eeca6cbd6d4e8115", "best_bid": "0.16", "best_ask": "0.4"}, {"asset_id": "14280430495551083637979767621318190014166972932854899391850005153436590870537", "price": "0.96", "size": "58.25", "side": "SELL", "hash": "7e552bb9962b302150fe465e503e650f665737c3", "best_bid": "0.6", "best_ask": "0.84"}], "timestamp": "1769384374307", "event_type": "price_change"}}
{"_local_timestamp": "2026-01-25T23:39:34.373583+00:00", "data": {"market": "0x7a4f2671314959ddb54db82c2efae64cd75fe433607afc0f7977a1ba92d07b36", "price_changes": [{"asset_id": "87012140861789287155140479060990335705763352231140800610453897441247863570797", "price": "0.06", "size": "15.08", "side": "BUY", "hash": "d098097e7c1500420ce2c54351446f32c495d42e", "best_bid": "0.16", "best_ask": "0.4"}, {"asset_id": "14280430495551083637979767621318190014166972932854899391850005153436590870537", "price": "0.94", "size": "15.08", "side": "SELL", "hash": "3e1c1136caaaf98a7c7ec34202b0b6de50fbb03f", "best_bid": "0.6", "best_ask": "0.84"}], "timestamp": "1769384374308", "event_type": "price_change"}}
{"_local_timestamp": "2026-01-25T23:39:34.374070+00:00", "data": {"market": "0x7a4f2671314959ddb54db82c2efae64cd75fe433607afc0f7977a1ba92d07b36", "price_changes": [{"asset_id": "87012140861789287155140479060990335705763352231140800610453897441247863570797", "price": "0.09", "size": "6.21", "side": "BUY", "hash": "ca016d167b3b261b2a9507bf7729a91eafac6a90", "best_bid": "0.16", "best_ask": "0.4"}, {"asset_id": "14280430495551083637979767621318190014166972932854899391850005153436590870537", "price": "0.91", "size": "6.21", "side": "SELL", "hash": "8b2a669603fd1e0dd6bc01208b34fc1882b934d8", "best_bid": "0.6", "best_ask": "0.84"}], "timestamp": "1769384374309", "event_type": "price_change"}}
{"_local_timestamp": "2026-01-25T23:39:34.374560+00:00", "data": {"market": "0x7a4f2671314959ddb54db82c2efae64cd75fe433607afc0f7977a1ba92d07b36", "price_changes": [{"asset_id": "87012140861789287155140479060990335705763352231140800610453897441247863570797", "price": "0.11", "size": "17.42", "side": "BUY", "hash": "f291d692454d452a4e845cf02cbbba42aa58f0f0", "best_bid": "0.16", "best_ask": "0.4"}, {"asset_id": "14280430495551083637979767621318190014166972932854899391850005153436590870537", "price": "0.89", "size": "17.42", "side": "SELL", "hash": "0f2af0fef87301496351aebe490695735ee0e763", "best_bid": "0.6", "best_ask": "0.84"}], "timestamp": "1769384374310", "event_type": "price_change"}}
{"_local_timestamp": "2026-01-25T23:39:34.375059+00:00", "data": {"market": "0x7a4f2671314959ddb54db82c2efae64cd75fe433607afc0f7977a1ba92d07b36", "price_changes": [{"asset_id": "87012140861789287155140479060990335705763352231140800610453897441247863570797", "price": "0.05", "size": "26.4", "side": "BUY", "hash": "b38207f8bd82e94e256044d65200309b6a8009ec", "best_bid": "0.16", "best_ask": "0.4"}, {"asset_id": "14280430495551083637979767621318190014166972932854899391850005153436590870537", "price": "0.95", "size": "26.4", "side": "SELL", "hash": "012b26aa08eb1950acdbc53f07849de3b2f2ac52", "best_bid": "0.6", "best_ask": "0.84"}], "timestamp": "1769384374311", "event_type": "price_change"}}
{"_local_timestamp": "2026-01-25T23:39:36.553779+00:00", "data": {"market": "0x7a4f2671314959ddb54db82c2efae64cd75fe433607afc0f7977a1ba92d07b36", "price_changes": [{"asset_id": "14280430495551083637979767621318190014166972932854899391850005153436590870537", "price": "0.03", "size": "4005.02", "side": "BUY", "hash": "321d1c39f85464cf13fd521b5ca966e490630ca9", "best_bid": "0.6", "best_ask": "0.84"}, {"asset_id": "87012140861789287155140479060990335705763352231140800610453897441247863570797", "price": "0.97", "size": "4005.02", "side": "SELL", "hash": "daee69856cd8651d0e427c24225ccf66c67d0fff", "best_bid": "0.16", "best_ask": "0.4"}], "timestamp": "1769384376492", "event_type": "price_change"}}
{"_local_timestamp": "2026-01-25T23:39:36.554397+00:00", "data": {"market": "0x7a4f2671314959ddb54db82c2efae64cd75fe433607afc0f7977a1ba92d07b36", "price_changes": [{"asset_id": "14280430495551083637979767621318190014166972932854899391850005153436590870537", "price": "0.07", "size": "5.95", "side": "BUY", "hash": "321d1c39f85464cf13fd521b5ca966e490630ca9", "best_bid": "0.6", "best_ask": "0.84"}, {"asset_id": "87012140861789287155140479060990335705763352231140800610453897441247863570797", "price": "0.93", "size": "5.95", "side": "SELL", "hash": "daee69856cd8651d0e427c24225ccf66c67d0fff", "best_bid": "0.16", "best_ask": "0.4"}], "timestamp": "1769384376492", "event_type": "price_change"}}
{"_local_timestamp": "2026-01-25T23:39:36.562514+00:00", "data": {"market": "0x7a4f2671314959ddb54db82c2efae64cd75fe433607afc0f7977a1ba92d07b36", "price_changes": [{"asset_id": "14280430495551083637979767621318190014166972932854899391850005153436590870537", "price": "0.12", "size": "5.65", "side": "BUY", "hash": "321d1c39f85464cf13fd521b5ca966e490630ca9", "best_bid": "0.6", "best_ask": "0.84"}, {"asset_id": "87012140861789287155140479060990335705763352231140800610453897441247863570797", "price": "0.88", "size": "5.65", "side": "SELL", "hash": "daee69856cd8651d0e427c24225ccf66c67d0fff", "best_bid": "0.16", "best_ask": "0.4"}], "timestamp": "1769384376492", "event_type": "price_change"}}
{"_local_timestamp": "2026-01-25T23:39:36.935099+00:00", "data": {"market": "0x7a4f2671314959ddb54db82c2efae64cd75fe433607afc0f7977a1ba92d07b36", "price_changes": [{"asset_id": "14280430495551083637979767621318190014166972932854899391850005153436590870537", "price": "0.04", "size": "59.15", "side": "BUY", "hash": "713dd0fac1febe97e657c824e7c003e7e72388e1", "best_bid": "0.6", "best_ask": "0.84"}, {"asset_id": "87012140861789287155140479060990335705763352231140800610453897441247863570797", "price": "0.96", "size": "59.15", "side": "SELL", "hash": "fceee0e4b2249bd8bd64fbf5b0955208e9bf68d6", "best_bid": "0.16", "best_ask": "0.4"}], "timestamp": "1769384376872", "event_type": "price_change"}}
{"_local_timestamp": "2026-01-25T23:39:36.943380+00:00", "data": {"market": "0x7a4f2671314959ddb54db82c2efae64cd75fe433607afc0f7977a1ba92d07b36", "price_changes": [{"asset_id": "14280430495551083637979767621318190014166972932854899391850005153436590870537", "price": "0.09", "size": "9.6", "side": "BUY", "hash": "33588e1b70a395ea3685844e49cd4001beb1f519", "best_bid": "0.6", "best_ask": "0.84"}, {"asset_id": "87012140861789287155140479060990335705763352231140800610453897441247863570797", "price": "0.91", "size": "9.6", "side": "SELL", "hash": "eccba00a24d7e07f9be5e857a5f80af94f6d6e18", "best_bid": "0.16", "best_ask": "0.4"}], "timestamp": "1769384376873", "event_type": "price_change"}}
{"_local_timestamp": "2026-01-25T23:39:36.943951+00:00", "data": {"market": "0x7a4f2671314959ddb54db82c2efae64cd75fe433607afc0f7977a1ba92d07b36", "price_changes": [{"asset_id": "14280430495551083637979767621318190014166972932854899391850005153436590870537", "price": "0.06", "size": "2008.49", "side": "BUY", "hash": "d566f1b15ae8fea8af0fb21125cd89a46996a5a6", "best_bid": "0.6", "best_ask": "0.84"}, {"asset_id": "87012140861789287155140479060990335705763352231140800610453897441247863570797", "price": "0.94", "size": "2008.49", "side": "SELL", "hash": "b874b2733250c05b7bb05b3be0a10b3179117c81", "best_bid": "0.16", "best_ask": "0.4"}], "timestamp": "1769384376874", "event_type": "price_change"}}
{"_local_timestamp": "2026-01-25T23:39:57.454430+00:00", "data": {"market": "0x7a4f2671314959ddb54db82c2efae64cd75fe433607afc0f7977a1ba92d07b36", "price_changes": [{"asset_id": "87012140861789287155140479060990335705763352231140800610453897441247863570797", "price": "0.04", "size": "50", "side": "BUY", "hash": "55d4df9b2bada1e53b67b8775a8fd25895f9343a", "best_bid": "0.16", "best_ask": "0.4"}, {"asset_id": "14280430495551083637979767621318190014166972932854899391850005153436590870537", "price": "0.96", "size": "50", "side": "SELL", "hash": "a361f4b78955dcd48627c4cf085d78c0a4f54b1b", "best_bid": "0.6", "best_ask": "0.84"}], "timestamp": "1769384397392", "event_type": "price_change"}}
{"_local_timestamp": "2026-01-25T23:39:57.455072+00:00", "data": {"market": "0x7a4f2671314959ddb54db82c2efae64cd75fe433607afc0f7977a1ba92d07b36", "price_changes": [{"asset_id": "87012140861789287155140479060990335705763352231140800610453897441247863570797", "price": "0.11", "size": "6.89", "side": "BUY", "hash": "55d4df9b2bada1e53b67b8775a8fd25895f9343a", "best_bid": "0.16", "best_ask": "0.4"}, {"asset_id": "14280430495551083637979767621318190014166972932854899391850005153436590870537", "price": "0.89", "size": "6.89", "side": "SELL", "hash": "a361f4b78955dcd48627c4cf085d78c0a4f54b1b", "best_bid": "0.6", "best_ask": "0.84"}], "timestamp": "1769384397392", "event_type": "price_change"}}
{"_local_timestamp": "2026-01-25T23:39:57.770142+00:00", "data": {"market": "0x7a4f2671314959ddb54db82c2efae64cd75fe433607afc0f7977a1ba92d07b36", "price_changes": [{"asset_id": "87012140861789287155140479060990335705763352231140800610453897441247863570797", "price": "0.03", "size": "22.74", "side": "BUY", "hash": "0f267a7c11fe3f58160a2553141989a889310806", "best_bid": "0.16", "best_ask": "0.4"}, {"asset_id": "14280430495551083637979767621318190014166972932854899391850005153436590870537", "price": "0.97", "size": "22.74", "side": "SELL", "hash": "62ba41bc57d3e4659c5f8d6688b01185e08f7e28", "best_bid": "0.6", "best_ask": "0.84"}], "timestamp": "1769384397708", "event_type": "price_change"}}
