{"_local_timestamp": "2026-01-25T23:34:08.738091+00:00", "data": [{"market": "0x7a4f2671314959ddb54db82c2efae64cd75fe433607afc0f7977a1ba92d07b36", "asset_id": "14280430495551083637979767621318190014166972932854899391850005153436590870537", "timestamp": "1769384033984", "hash": "aaed6b1ce869c1790c63587dcdfc3140129fef81", "bids": [{"price": "0.01", "size": "12400.34"}, {"price": "0.02", "size": "5111.73"}, {"price": "0.03", "size": "4005.02"}, {"price": "0.04", "size": "58.36"}, {"price": "0.05", "size": "20"}, {"price": "0.06", "size": "2007.76"}, {"price": "0.08", "size": "25"}, {"price": "0.09", "size": "6.51"}, {"price": "0.11", "size": "100"}, {"price": "0.12", "size": "14.57"}, {"price": "0.16", "size": "12.5"}, {"price": "0.17", "size": "100"}, {"price": "0.2", "size": "900"}, {"price": "0.21", "size": "61.9"}, {"price": "0.22", "size": "50"}, {"price": "0.23", "size": "5.55"}, {"price": "0.32", "size": "394.95"}, {"price": "0.33", "size": "67.69"}, {"price": "0.45", "size": "9.94"}], "asks": [{"price": "0.99", "size": "457.54"}, {"price": "0.98", "size": "111.28"}, {"price": "0.97", "size": "26.5"}, {"price": "0.96", "size": "50"}, {"price": "0.95", "size": "20"}, {"price": "0.94", "size": "12.67"}, {"price": "0.92", "size": "25"}, {"price": "0.91", "size": "8.37"}, {"price": "0.9", "size": "100"}, {"price": "0.88", "size": "9.29"}, {"price": "0.84", "size": "12.5"}, {"price": "0.83", "size": "6.32"}, {"price": "0.75", "size": "75.05"}], "event_type": "book", "last_trade_price": "0.550"}, {"market": "0x7a4f2671314959ddb54db82c2efae64cd75fe433607afc0f7977a1ba92d07b36", "asset_id": "87012140861789287155140479060990335705763352231140800610453897441247863570797", "timestamp": "1769384033984", "hash": "b7f56e2dc6aceb35bfd52d048b67cc9305f63454", "bids": [{"price": "0.01", "size": "457.54"}, {"price": "0.02", "size": "111.28"}, {"price": "0.03", "size": "26.5"}, {"price": "0.04", "size": "50"}, {"price": "0.05", "size": "20"}, {"price": "0.06", "size": "12.67"}, {"price": "0.08", "size": "25"}, {"price": "0.09", "size": "8.37"}, {"price": "0.1", "size": "100"}, {"price": "0.12", "size": "9.29"}, {"price": "0.16", "size": "12.5"}, {"price": "0.17", "size": "6.32"}, {"price": "0.25", "size": "75.05"}], "asks": [{"price": "0.99", "size": "12400.34"}, {"price": "0.98", "size": "5111.73"}, {"price": "0.97", "size": "4005.02"}, {"price": "0.96", "size": "58.36"}, {"price": "0.95", "size": "20"}, {"price": "0.94", "size": "2007.76"}, {"price": "0.92", "size": "25"}, {"price": "0.91", "size": "6.51"}, {"price": "0.89", "size": "100"}, {"price": "0.88", "size": "14.57"}, {"price": "0.84", "size": "12.5"}, {"price": "0.83", "size": "100"}, {"price": "0.8", "size": "900"}, {"price": "0.79", "size": "61.9"}, {"price": "0.78", "size": "50"}, {"price": "0.77", "size": "5.55"}, {"price": "0.68", "size": "394.95"}, {"price": "0.67", "size": "67.69"}, {"price": "0.55", "size": "9.94"}], "event_type": "book", "last_trade_price": "0.550"}]}
{"_local_timestamp": "2026-01-25T23:34:53.165854+00:00", "data": {"market": "0x7a4f2671314959ddb54db82c2efae64cd75fe433607afc0f7977a1ba92d07b36", "price_changes": [{"asset_id": "14280430495551083637979767621318190014166972932854899391850005153436590870537", "price": "0.09", "size": "0", "side": "BUY", "hash": "9763c65248f03a2a06fcd04ced6d2b3f17eb3c0b", "best_bid": "0.45", "best_ask": "0.75"}, {"asset_id": "87012140861789287155140479060990335705763352231140800610453897441247863570797", "price": "0.91", "size": "0", "side": "SELL", "hash": "d0ac7e974ef1ecd8e0e0a2378867380522724a29", "best_bid": "0.25", "best_ask": "0.55"}], "timestamp": "1769384093100", "event_type": "price_change"}}
{"_local_timestamp": "2026-01-25T23:34:53.166709+00:00", "data": {"market": "0x7a4f2671314959ddb54db82c2efae64cd75fe433607afc0f7977a1ba92d07b36", "price_changes": [{"asset_id": "14280430495551083637979767621318190014166972932854899391850005153436590870537", "price": "0.12", "size": "0", "side": "BUY", "hash": "9763c65248f03a2a06fcd04ced6d2b3f17eb3c0b", "best_bid": "0.45", "best_ask": "0.75"}, {"asset_id": "87012140861789287155140479060990335705763352231140800610453897441247863570797", "price": "0.88", "size": "0", "side": "SELL", "hash": "d0ac7e974ef1ecd8e0e0a2378867380522724a29", "best_bid": "0.25", "best_ask": "0.55"}], "timestamp": "1769384093100", "event_type": "price_change"}}
{"_local_timestamp": "2026-01-25T23:34:53.501353+00:00", "data": {"market": "0x7a4f2671314959ddb54db82c2efae64cd75fe433607afc0f7977a1ba92d07b36", "price_changes": [{"asset_id": "14280430495551083637979767621318190014166972932854899391850005153436590870537", "price": "0.13", "size": "12.03", "side": "BUY", "hash": "9e0cc540e609b8ddaa851f953f311fb6f52152fa", "best_bid": "0.45", "best_ask": "0.75"}, {"asset_id": "87012140861789287155140479060990335705763352231140800610453897441247863570797", "price": "0.87", "size": "12.03", "side": "SELL", "hash": "8d54ae322a35aafb6ff7d503f09f263a3b59123b", "best_bid": "0.25", "best_ask": "0.55"}], "timestamp": "1769384093438", "event_type": "price_change"}}
{"_local_timestamp": "2026-01-25T23:34:53.507392+00:00", "data": {"market": "0x7a4f2671314959ddb54db82c2efae64cd75fe433607afc0f7977a1ba92d07b36", "price_changes": [{"asset_id": "14280430495551083637979767621318190014166972932854899391850005153436590870537", "price": "0.09", "size": "8.55", "side": "BUY", "hash": "0d6036d3751acec22e8b3cf701e2a89df9394642", "best_bid": "0.45", "best_ask": "0.75"}, {"asset_id": "87012140861789287155140479060990335705763352231140800610453897441247863570797", "price": "0.91", "size": "8.55", "side": "SELL", "hash": "fe28cb08c879b1cef9adf17a107af6444913012a", "best_bid": "0.25", "best_ask": "0.55"}], "timestamp": "1769384093439", "event_type": "price_change"}}
{"_local_timestamp": "2026-01-25T23:35:23.942238+00:00", "data": {"market": "0x7a4f2671314959ddb54db82c2efae64cd75fe433607afc0f7977a1ba92d07b36", "price_changes": [{"asset_id": "87012140861789287155140479060990335705763352231140800610453897441247863570797", "price": "0.03", "size": "17.4", "side": "BUY", "hash": "4b4211a38ec3a6d2cdc649c44ca4434a5c8449bc", "best_bid": "0.25", "best_ask": "0.55"}, {"asset_id": "14280430495551083637979767621318190014166972932854899391850005153436590870537", "price": "0.97", "size": "17.4", "side": "SELL", "hash": "859423d78d9d81f01b9a39809d311edd4af88aa4", "best_bid": "0.45", "best_ask": "0.75"}], "timestamp": "1769384123696", "event_type": "price_change"}}
{"_local_timestamp": "2026-01-25T23:35:23.943063+00:00", "data": {"market": "0x7a4f2671314959ddb54db82c2efae64cd75fe433607afc0f7977a1ba92d07b36", "price_changes": [{"asset_id": "87012140861789287155140479060990335705763352231140800610453897441247863570797", "price": "0.09", "size": "0", "side": "BUY", "hash": "4b4211a38ec3a6d2cdc649c44ca4434a5c8449bc", "best_bid": "0.25", "best_ask": "0.55"}, {"asset_id": "14280430495551083637979767621318190014166972932854899391850005153436590870537", "price": "0.91", "size": "0", "side": "SELL", "hash": "859423d78d9d81f01b9a39809d311edd4af88aa4", "best_bid": "0.45", "best_ask": "0.75"}], "timestamp": "1769384123696", "event_type": "price_change"}}
{"_local_timestamp": "2026-01-25T23:35:23.943370+00:00", "data": {"market": "0x7a4f2671314959ddb54db82c2efae64cd75fe433607afc0f7977a1ba92d07b36", "price_changes": [{"asset_id": "87012140861789287155140479060990335705763352231140800610453897441247863570797", "price": "0.12", "size": "0", "side": "BUY", "hash": "4b4211a38ec3a6d2cdc649c44ca4434a5c8449bc", "best_bid": "0.25", "best_ask": "0.55"}, {"asset_id": "14280430495551083637979767621318190014166972932854899391850005153436590870537", "price": "0.88", "size": "0", "side": "SELL", "hash": "859423d78d9d81f01b9a39809d311edd4af88aa4", "best_bid": "0.45", "best_ask": "0.75"}], "timestamp": "1769384123696", "event_type": "price_change"}}
{"_local_timestamp": "2026-01-25T23:35:24.427029+00:00", "data": {"market": "0x7a4f2671314959ddb54db82c2efae64cd75fe433607afc0f7977a1ba92d07b36", "price_changes": [{"asset_id": "87012140861789287155140479060990335705763352231140800610453897441247863570797", "price": "0.04", "size": "59.09", "side": "BUY", "hash": "a2c38311a65c548688342405b320f4d4ab7f79d6", "best_bid": "0.25", "best_ask": "0.55"}, {"asset_id": "14280430495551083637979767621318190014166972932854899391850005153436590870537", "price": "0.96", "size": "59.09", "side": "SELL", "hash": "8851be95f63df6f6f3630a33f81bedb523a8cd27", "best_bid": "0.45", "best_ask": "0.75"}], "timestamp": "1769384124081", "event_type": "price_change"}}
{"_local_timestamp": "2026-01-25T23:35:24.435129+00:00", "data": {"market": "0x7a4f2671314959ddb54db82c2efae64cd75fe433607afc0f7977a1ba92d07b36", "price_changes": [{"asset_id": "87012140861789287155140479060990335705763352231140800610453897441247863570797", "price": "0.13", "size": "7.46", "side": "BUY", "hash": "c8fa1f7d8495a024a8e971d2e89fc99ce99fadf5", "best_bid": "0.25", "best_ask": "0.55"}, {"asset_id": "14280430495551083637979767621318190014166972932854899391850005153436590870537", "price": "0.87", "size": "7.46", "side": "SELL", "hash": "3bd0ff261b3926a18fde1c2b92a89f2e8095accd", "best_bid": "0.45", "best_ask": "0.75"}], "timestamp": "1769384124085", "event_type": "price_change"}}
{"_local_timestamp": "2026-01-25T23:35:24.442728+00:00", "data": {"market": "0x7a4f2671314959ddb54db82c2efae64cd75fe433607afc0f7977a1ba92d07b36", "price_changes": [{"asset_id": "87012140861789287155140479060990335705763352231140800610453897441247863570797", "price": "0.1", "size": "108.08", "side": "BUY", "hash": "57bae2be7043714d63101c43fe4654d6e69ec5e9", "best_bid": "0.25", "best_ask": "0.55"}, {"asset_id": "14280430495551083637979767621318190014166972932854899391850005153436590870537", "price": "0.9", "size": "108.08", "side": "SELL", "hash": "764918085d49c0809e3fdb72747bbda8d45d5f15", "best_bid": "0.45", "best_ask": "0.75"}], "timestamp": "1769384124090", "event_type": "price_change"}}
{"_local_timestamp": "2026-01-25T23:35:42.856947+00:00", "data": {"market": "0x7a4f2671314959ddb54db82c2efae64cd75fe433607afc0f7977a1ba92d07b36", "price_changes": [{"asset_id": "87012140861789287155140479060990335705763352231140800610453897441247863570797", "price": "0.04", "size": "50", "side": "BUY", "hash": "f2608d73a8d383cfaa739e9017eed88c5bf6f000", "best_bid": "0.25", "best_ask": "0.55"}, {"asset_id": "14280430495551083637979767621318190014166972932854899391850005153436590870537", "price": "0.96", "size": "50", "side": "SELL", "hash": "0873f242644b46aeeb33e5327fd1925bba88d89b", "best_bid": "0.45", "best_ask": "0.75"}], "timestamp": "1769384142789", "event_type": "price_change"}}
{"_local_timestamp": "2026-01-25T23:35:42.857634+00:00", "data": {"market": "0x7a4f2671314959ddb54db82c2efae64cd75fe433607afc0f7977a1ba92d07b36", "price_changes": [{"asset_id": "87012140861789287155140479060990335705763352231140800610453897441247863570797", "price": "0.1", "size": "100", "side": "BUY", "hash": "f2608d73a8d383cfaa739e9017eed88c5bf6f000", "best_bid": "0.25", "best_ask": "0.55"}, {"asset_id": "14280430495551083637979767621318190014166972932854899391850005153436590870537", "price": "0.9", "size": "100", "side": "SELL", "hash": "0873f242644b46aeeb33e5327fd1925bba88d89b", "best_bid": "0.45", "best_ask": "0.75"}], "timestamp": "1769384142789", "event_type": "price_change"}}
{"_local_timestamp": "2026-01-25T23:35:42.857923+00:00", "data": {"market": "0x7a4f2671314959ddb54db82c2efae64cd75fe433607afc0f7977a1ba92d07b36", "price_changes": [{"asset_id": "87012140861789287155140479060990335705763352231140800610453897441247863570797", "price": "0.13", "size": "0", "side": "BUY", "hash": "f2608d73a8d383cfaa739e9017eed88c5bf6f000", "best_bid": "0.25", "best_ask": "0.55"}, {"asset_id": "14280430495551083637979767621318190014166972932854899391850005153436590870537", "price": "0.87", "size": "0", "side": "SELL", "hash": "0873f242644b46aeeb33e5327fd1925bba88d89b", "best_bid": "0.45", "best_ask": "0.75"}], "timestamp": "1769384142789", "event_type": "price_change"}}
{"_local_timestamp": "2026-01-25T23:35:42.858202+00:00", "data": {"market": "0x7a4f2671314959ddb54db82c2efae64cd75fe433607afc0f7977a1ba92d07b36", "price_changes": [{"asset_id": "14280430495551083637979767621318190014166972932854899391850005153436590870537", "price": "0.09", "size": "0", "side": "BUY", "hash": "666d2b337714632384a53215567e0824937b6b6c", "best_bid": "0.45", "best_ask": "0.75"}, {"asset_id": "87012140861789287155140479060990335705763352231140800610453897441247863570797", "price": "0.91", "size": "0", "side": "SELL", "hash": "32d3da5eeae49d336f056a832c3eb8ad7336e1c7", "best_bid": "0.25", "best_ask": "0.55"}], "timestamp": "1769384142790", "event_type": "price_change"}}
{"_local_timestamp": "2026-01-25T23:35:42.858530+00:00", "data": {"market": "0x7a4f2671314959ddb54db82c2efae64cd75fe433607afc0f7977a1ba92d07b36", "price_changes": [{"asset_id": "14280430495551083637979767621318190014166972932854899391850005153436590870537", "price": "0.13", "size": "0", "side": "BUY", "hash": "666d2b337714632384a53215567e0824937b6b6c", "best_bid": "0.45", "best_ask": "0.75"}, {"asset_id": "87012140861789287155140479060990335705763352231140800610453897441247863570797", "price": "0.87", "size": "0", "side": "SELL", "hash": "32d3da5eeae49d336f056a832c3eb8ad7336e1c7", "best_bid": "0.25", "best_ask": "0.55"}], "timestamp": "1769384142790", "event_type": "price_change"}}
{"_local_timestamp": "2026-01-25T23:35:45.284186+00:00", "data": {"market": "0x7a4f2671314959ddb54db82c2efae64cd75fe433607afc0f7977a1ba92d07b36", "price_changes": [{"asset_id": "14280430495551083637979767621318190014166972932854899391850005153436590870537", "price": "0.07", "size": "5.95", "side": "BUY", "hash": "9a1f4744ea72d7e59ed03b26a3e3918014af2eea", "best_bid": "0.45", "best_ask": "0.75"}, {"asset_id": "87012140861789287155140479060990335705763352231140800610453897441247863570797", "price": "0.93", "size": "5.95", "side": "SELL", "hash": "9b07b71f56e9dfe903badfce7e173b5e8739e032", "best_bid": "0.25", "best_ask": "0.55"}], "timestamp": "1769384145217", "event_type": "price_change"}}
{"_local_timestamp": "2026-01-25T23:35:45.284579+00:00", "data": {"market": "0x7a4f2671314959ddb54db82c2efae64cd75fe433607afc0f7977a1ba92d07b36", "price_changes": [{"asset_id": "14280430495551083637979767621318190014166972932854899391850005153436590870537", "price": "0.03", "size": "4011.26", "side": "BUY", "hash": "e4d52a40bde20a54f9d13bd7af6b1210228c951d", "best_bid": "0.45", "best_ask": "0.75"}, {"asset_id": "87012140861789287155140479060990335705763352231140800610453897441247863570797", "price": "0.97", "size": "4011.26", "side": "SELL", "hash": "af260e2628f983d783374e5486a7971c04927fd1", "best_bid": "0.25", "best_ask": "0.55"}], "timestamp": "1769384145218", "event_type": "price_change"}}
{"_local_timestamp": "2026-01-25T23:35:45.284886+00:00", "data": {"market": "0x7a4f2671314959ddb54db82c2efae64cd75fe433607afc0f7977a1ba92d07b36", "price_changes": [{"asset_id": "14280430495551083637979767621318190014166972932854899391850005153436590870537", "price": "0.05", "size": "25.99", "side": "BUY", "hash": "9b426823c93e4761d6f994f752de10e1b69dc82a", "best_bid": "0.45", "best_ask": "0.75"}, {"asset_id": "87012140861789287155140479060990335705763352231140800610453897441247863570797", "price": "0.95", "size": "25.99", "side": "SELL", "hash": "bcd9e1d68e1a4daa2de10c02ec6e76ccc451ad4c", "best_bid": "0.25", "best_ask": "0.55"}], "timestamp": "1769384145219", "event_type": "price_change"}}
{"_local_timestamp": "2026-01-25T23:35:45.289275+00:00", "data": {"market": "0x7a4f2671314959ddb54db82c2efae64cd75fe433607afc0f7977a1ba92d07b36", "price_changes": [{"asset_id": "14280430495551083637979767621318190014166972932854899391850005153436590870537", "price": "0.14", "size": "6.64", "side": "BUY", "hash": "56ee77ef01e6f37ea43a31a23360aeea84c17e80", "best_bid": "0.45", "best_ask": "0.75"}, {"asset_id": "87012140861789287155140479060990335705763352231140800610453897441247863570797", "price": "0.86", "size": "6.64", "side": "SELL", "hash": "ea69d67bfcc7b7e8558fa2cd599c1a96f875c060", "best_bid": "0.25", "best_ask": "0.55"}], "timestamp": "1769384145220", "event_type": "price_change"}}
{"_local_timestamp": "2026-01-25T23:35:45.289730+00:00", "data": {"market": "0x7a4f2671314959ddb54db82c2efae64cd75fe433607afc0f7977a1ba92d07b36", "price_changes": [{"asset_id": "14280430495551083637979767621318190014166972932854899391850005153436590870537", "price": "0.1", "size": "5", "side": "BUY", "hash": "a1da9ad621db316c461b026fa94566992f3f74c1", "best_bid": "0.45", "best_ask": "0.75"}, {"asset_id": "87012140861789287155140479060990335705763352231140800610453897441247863570797", "price": "0.9", "size": "5", "side": "SELL", "hash": "97cd9c5e72f069a23d09615991c824cbad93d082", "best_bid": "0.25", "best_ask": "0.55"}], "timestamp": "1769384145221", "event_type": "price_change"}}
{"_local_timestamp": "2026-01-25T23:35:47.731486+00:00", "data": {"market": "0x7a4f2671314959ddb54db82c2efae64cd75fe433607afc0f7977a1ba92d07b36", "price_changes": [{"asset_id": "87012140861789287155140479060990335705763352231140800610453897441247863570797", "price": "0.05", "size": "30.12", "side": "BUY", "hash": "385f42e8dd92317f77a7f407f6d472abfea87355", "best_bid": "0.25", "best_ask": "0.55"}, {"asset_id": "14280430495551083637979767621318190014166972932854899391850005153436590870537", "price": "0.95", "size": "30.12", "side": "SELL", "hash": "c4a74abf664134bd8ed1fb5287bb0239f08ccb95", "best_bid": "0.45", "best_ask": "0.75"}], "timestamp": "1769384147659", "event_type": "price_change"}}
{"_local_timestamp": "2026-01-25T23:35:47.731948+00:00", "data": {"market": "0x7a4f2671314959ddb54db82c2efae64cd75fe433607afc0f7977a1ba92d07b36", "price_changes": [{"asset_id": "87012140861789287155140479060990335705763352231140800610453897441247863570797", "price": "0.11", "size": "14.87", "side": "BUY", "hash": "d041fb17cc8bad4e7c1fa393575ab18369ea43e6", "best_bid": "0.25", "best_ask": "0.55"}, {"asset_id": "14280430495551083637979767621318190014166972932854899391850005153436590870537", "price": "0.89", "size": "14.87", "side": "SELL", "hash": "d033a10250c3eabecfcff72b68454a763f9538eb", "best_bid": "0.45", "best_ask": "0.75"}], "timestamp": "1769384147660", "event_type": "price_change"}}
{"_local_timestamp": "2026-01-25T23:36:17.957394+00:00", "data": {"market": "0x7a4f2671314959ddb54db82c2efae64cd75fe433607afc0f7977a1ba92d07b36", "price_changes": [{"asset_id": "14280430495551083637979767621318190014166972932854899391850005153436590870537", "price": "0.45", "size": "0", "side": "BUY", "hash": "755e2cfeeecbf8213d25d2df35b4c0bee40024b2", "best_bid": "0.33", "best_ask": "0.75"}, {"asset_id": "87012140861789287155140479060990335705763352231140800610453897441247863570797", "price": "0.55", "size": "0", "side": "SELL", "hash": "4d7f046552fb8c61874f1f97f521835a257a0ed1", "best_bid": "0.25", "best_ask": "0.67"}], "timestamp": "1769384177884", "event_type": "price_change"}}
{"_local_timestamp": "2026-01-25T23:36:43.520767+00:00", "data": {"market": "0x7a4f2671314959ddb54db82c2efae64cd75fe433607afc0f7977a1ba92d07b36", "price_changes": [{"asset_id": "87012140861789287155140479060990335705763352231140800610453897441247863570797", "price": "0.6", "size": "100", "side": "BUY", "hash": "59baf4f86ea7e4aae2f7f6841f8c9e971a64e24c", "best_bid": "0.6", "best_ask": "0.67"}, {"asset_id": "14280430495551083637979767621318190014166972932854899391850005153436590870537", "price": "0.4", "size": "100", "side": "SELL", "hash": "509b6cf50ff095539af22dbe4c3a6a092607c33f", "best_bid": "0.33", "best_ask": "0.4"}], "timestamp": "1769384203454", "event_type": "price_change"}}
{"_local_timestamp": "2026-01-25T23:36:57.871452+00:00", "data": {"market": "0x7a4f2671314959ddb54db82c2efae64cd75fe433607afc0f7977a1ba92d07b36", "price_changes": [{"asset_id": "87012140861789287155140479060990335705763352231140800610453897441247863570797", "price": "0.02", "size": "2111.28", "side": "BUY", "hash": "6a28406e608d6868fe0e8698d56c363bb9d43072", "best_bid": "0.6", "best_ask": "0.67"}, {"asset_id": "14280430495551083637979767621318190014166972932854899391850005153436590870537", "price": "0.98", "size": "2111.28", "side": "SELL", "hash": "5d4070402edb3c6f04fddf1bcf22f4f5448b6afe", "best_bid": "0.33", "best_ask": "0.4"}], "timestamp": "1769384217579", "event_type": "price_change"}}
{"_local_timestamp": "2026-01-25T23:36:57.882878+00:00", "data": {"market": "0x7a4f2671314959ddb54db82c2efae64cd75fe433607afc0f7977a1ba92d07b36", "price_changes": [{"asset_id": "87012140861789287155140479060990335705763352231140800610453897441247863570797", "price": "0.1", "size": "800", "side": "BUY", "hash": "9600a5ab0355e45566c7e579ca911bf7e46602a4", "best_bid": "0.6", "best_ask": "0.67"}, {"asset_id": "14280430495551083637979767621318190014166972932854899391850005153436590870537", "price": "0.9", "size": "800", "side": "SELL", "hash": "c00976e59ed03d433fa509b55593f9ba8ee1846c", "best_bid": "0.33", "best_ask": "0.4"}], "timestamp": "1769384217581", "event_type": "price_change"}}
{"_local_timestamp": "2026-01-25T23:36:57.883501+00:00", "data": {"market": "0x7a4f2671314959ddb54db82c2efae64cd75fe433607afc0f7977a1ba92d07b36", "price_changes": [{"asset_id": "87012140861789287155140479060990335705763352231140800610453897441247863570797", "price": "0.01", "size": "5457.54", "side": "BUY", "hash": "f8e048bde9b9f28e7006b664caa41ddc67e289a4", "best_bid": "0.6", "best_ask": "0.67"}, {"asset_id": "14280430495551083637979767621318190014166972932854899391850005153436590870537", "price": "0.99", "size": "5457.54", "side": "SELL", "hash": "7c133a6a1a337708e535e00768aa2767a2de048d", "best_bid": "0.33", "best_ask": "0.4"}], "timestamp": "1769384217584", "event_type": "price_change"}}
{"_local_timestamp": "2026-01-25T23:36:57.883850+00:00", "data": {"market": "0x7a4f2671314959ddb54db82c2efae64cd75fe433607afc0f7977a1ba92d07b36", "price_changes": [{"asset_id": "87012140861789287155140479060990335705763352231140800610453897441247863570797", "price": "0.03", "size": "2017.4", "side": "BUY", "hash": "409b6f688307954a252aadaa0af0ea50a4d4b758", "best_bid": "0.6", "best_ask": "0.67"}, {"asset_id": "14280430495551083637979767621318190014166972932854899391850005153436590870537", "price": "0.97", "size": "2017.4", "side": "SELL", "hash": "456931e23c80552ffde0d1f902931ade64574b69", "best_bid": "0.33", "best_ask": "0.4"}], "timestamp": "1769384217586", "event_type": "price_change"}}
{"_local_timestamp": "2026-01-25T23:36:57.884201+00:00", "data": {"market": "0x7a4f2671314959ddb54db82c2efae64cd75fe433607afc0f7977a1ba92d07b36", "price_changes": [{"asset_id": "87012140861789287155140479060990335705763352231140800610453897441247863570797", "price": "0.06", "size": "1012.67", "side": "BUY", "hash": "fee691ce84affbcd6c9398982126b2bc2a7f8f88", "best_bid": "0.6", "best_ask": "0.67"}, {"asset_id": "14280430495551083637979767621318190014166972932854899391850005153436590870537", "price": "0.94", "size": "1012.67", "side": "SELL", "hash": "b85c7dca226e7a83a7bd270ac5dd7f0d3e7734d6", "best_bid": "0.33", "best_ask": "0.4"}], "timestamp": "1769384217588", "event_type": "price_change"}}
{"_local_timestamp": "2026-01-25T23:37:05.497854+00:00", "data": {"market": "0x7a4f2671314959ddb54db82c2efae64cd75fe433607afc0f7977a1ba92d07b36", "price_changes": [{"asset_id": "87012140861789287155140479060990335705763352231140800610453897441247863570797", "price": "0.02", "size": "4111.28", "side": "BUY", "hash": "0343fcc0a609b4c5450b45b80a7f86c1063da1f3", "best_bid": "0.6", "best_ask": "0.67"}, {"asset_id": "14280430495551083637979767621318190014166972932854899391850005153436590870537", "price": "0.98", "size": "4111.28", "side": "SELL", "hash": "7eecd648628a76d6940e67955943c022f797f512", "best_bid": "0.33", "best_ask": "0.4"}], "timestamp": "1769384225428", "event_type": "price_change"}}
{"_local_timestamp": "2026-01-25T23:37:05.498378+00:00", "data": {"market": "0x7a4f2671314959ddb54db82c2efae64cd75fe433607afc0f7977a1ba92d07b36", "price_changes": [{"asset_id": "87012140861789287155140479060990335705763352231140800610453897441247863570797", "price": "0.01", "size": "10457.54", "side": "BUY", "hash": "6d1c1b5087ef1941770336ffdbfc38ca7c74c065", "best_bid": "0.6", "best_ask": "0.67"}, {"asset_id": "14280430495551083637979767621318190014166972932854899391850005153436590870537", "price": "0.99", "size": "10457.54", "side": "SELL", "hash": "c3252e42b6c757a810198ec8bbf1cd80488f1e1b", "best_bid": "0.33", "best_ask": "0.4"}], "timestamp": "1769384225429", "event_type": "price_change"}}
{"_local_timestamp": "2026-01-25T23:37:05.498821+00:00", "data": {"market": "0x7a4f2671314959ddb54db82c2efae64cd75fe433607afc0f7977a1ba92d07b36", "price_changes": [{"asset_id": "87012140861789287155140479060990335705763352231140800610453897441247863570797", "price": "0.06", "size": "2012.67", "side": "BUY", "hash": "9adbce87551bafc4bfe4bc197a72973093f8d198", "best_bid": "0.6", "best_ask": "0.67"}, {"asset_id": "14280430495551083637979767621318190014166972932854899391850005153436590870537", "price": "0.94", "size": "2012.67", "side": "SELL", "hash": "b2cb066783adc00abd40c873b76ef604fb0f079b", "best_bid": "0.33", "best_ask": "0.4"}], "timestamp": "1769384225430", "event_type": "price_change"}}
{"_local_timestamp": "2026-01-25T23:37:05.499836+00:00", "data": {"market": "0x7a4f2671314959ddb54db82c2efae64cd75fe433607afc0f7977a1ba92d07b36", "price_changes": [{"asset_id": "87012140861789287155140479060990335705763352231140800610453897441247863570797", "price": "0.03", "size": "4017.4", "side": "BUY", "hash": "2998610ffad72fe5418c58ba2c6abf0b617f24c6", "best_bid": "0.6", "best_ask": "0.67"}, {"asset_id": "14280430495551083637979767621318190014166972932854899391850005153436590870537", "price": "0.97", "size": "4017.4", "side": "SELL", "hash": "9cbc83717e44a4804c2a40b8763c7a844811749a", "best_bid": "0.33", "best_ask": "0.4"}], "timestamp": "1769384225431", "event_type": "price_change"}}
{"_local_timestamp": "2026-01-25T23:37:05.500316+00:00", "data": {"market": "0x7a4f2671314959ddb54db82c2efae64cd75fe433607afc0f7977a1ba92d07b36", "price_changes": [{"asset_id": "87012140861789287155140479060990335705763352231140800610453897441247863570797", "price": "0.1", "size": "1500", "side": "BUY", "hash": "43a2455d96f9178cb33f98c315744dc0ebd527f0", "best_bid": "0.6", "best_ask": "0.67"}, {"asset_id": "14280430495551083637979767621318190014166972932854899391850005153436590870537", "price": "0.9", "size": "1500", "side": "SELL", "hash": "249fd0eea4a7f92e313f3969c3d971a4d58a04ac", "best_bid": "0.33", "best_ask": "0.4"}], "timestamp": "1769384225431", "event_type": "price_change"}}
{"_local_timestamp": "2026-01-25T23:37:09.986160+00:00", "data": {"market": "0x7a4f2671314959ddb54db82c2efae64cd75fe433607afc0f7977a1ba92d07b36", "price_changes": [{"asset_id": "14280430495551083637979767621318190014166972932854899391850005153436590870537", "price": "0.03", "size": "4005.02", "side": "BUY", "hash": "527ca1e2c855f60eede0c104ba8b52168efb5572", "best_bid": "0.33", "best_ask": "0.4"}, {"asset_id": "87012140861789287155140479060990335705763352231140800610453897441247863570797", "price": "0.97", "size": "4005.02", "side": "SELL", "hash": "9c51e15af6dc699121dff9d7521131707f6a5d42", "best_bid": "0.6", "best_ask": "0.67"}], "timestamp": "1769384229912", "event_type": "price_change"}}
{"_local_timestamp": "2026-01-25T23:37:09.986600+00:00", "data": {"market": "0x7a4f2671314959ddb54db82c2efae64cd75fe433607afc0f7977a1ba92d07b36", "price_changes": [{"asset_id": "14280430495551083637979767621318190014166972932854899391850005153436590870537", "price": "0.04", "size": "50", "side": "BUY", "hash": "527ca1e2c855f60eede0c104ba8b52168efb5572", "best_bid": "0.33", "best_ask": "0.4"}, {"asset_id": "87012140861789287155140479060990335705763352231140800610453897441247863570797", "price": "0.96", "size": "50", "side": "SELL", "hash": "9c51e15af6dc699121dff9d7521131707f6a5d42", "best_bid": "0.6", "best_ask": "0.67"}], "timestamp": "1769384229912", "event_type": "price_change"}}
{"_local_timestamp": "2026-01-25T23:37:09.986932+00:00", "data": {"market": "0x7a4f2671314959ddb54db82c2efae64cd75fe433607afc0f7977a1ba92d07b36", "price_changes": [{"asset_id": "14280430495551083637979767621318190014166972932854899391850005153436590870537", "price": "0.06", "size": "2000", "side": "BUY", "hash": "527ca1e2c855f60eede0c104ba8b52168efb5572", "best_bid": "0.33", "best_ask": "0.4"}, {"asset_id": "87012140861789287155140479060990335705763352231140800610453897441247863570797", "price": "0.94", "size": "2000", "side": "SELL", "hash": "9c51e15af6dc699121dff9d7521131707f6a5d42", "best_bid": "0.6", "best_ask": "0.67"}], "timestamp": "1769384229912", "event_type": "price_change"}}
{"_local_timestamp": "2026-01-25T23:37:09.987278+00:00", "data": {"market": "0x7a4f2671314959ddb54db82c2efae64cd75fe433607afc0f7977a1ba92d07b36", "price_changes": [{"asset_id": "14280430495551083637979767621318190014166972932854899391850005153436590870537", "price": "0.1", "size": "0", "side": "BUY", "hash": "527ca1e2c855f60eede0c104ba8b52168efb5572", "best_bid": "0.33", "best_ask": "0.4"}, {"asset_id": "87012140861789287155140479060990335705763352231140800610453897441247863570797", "price": "0.9", "size": "0", "side": "SELL", "hash": "9c51e15af6dc699121dff9d7521131707f6a5d42", "best_bid": "0.6", "best_ask": "0.67"}], "timestamp": "1769384229912", "event_type": "price_change"}}
{"_local_timestamp": "2026-01-25T23:37:09.987597+00:00", "data": {"market": "0x7a4f2671314959ddb54db82c2efae64cd75fe433607afc0f7977a1ba92d07b36", "price_changes": [{"asset_id": "14280430495551083637979767621318190014166972932854899391850005153436590870537", "price": "0.14", "size": "0", "side": "BUY", "hash": "527ca1e2c855f60eede0c104ba8b52168efb5572", "best_bid": "0.33", "best_ask": "0.4"}, {"asset_id": "87012140861789287155140479060990335705763352231140800610453897441247863570797", "price": "0.86", "size": "0", "side": "SELL", "hash": "9c51e15af6dc699121dff9d7521131707f6a5d42", "best_bid": "0.6", "best_ask": "0.67"}], "timestamp": "1769384229912", "event_type": "price_change"}}
{"_local_timestamp": "2026-01-25T23:37:09.987930+00:00", "data": {"market": "0x7a4f2671314959ddb54db82c2efae64cd75fe433607afc0f7977a1ba92d07b36", "price_changes": [{"asset_id": "87012140861789287155140479060990335705763352231140800610453897441247863570797", "price": "0.01", "size": "10449.08", "side": "BUY", "hash": "410cffd3df33f7184f097dec0a1986570b428bbf", "best_bid": "0.6", "best_ask": "0.67"}, {"asset_id": "14280430495551083637979767621318190014166972932854899391850005153436590870537", "price": "0.99", "size": "10449.08", "side": "SELL", "hash": "3404abcbf85c36bab40348559332d8a9999982ba", "best_bid": "0.33", "best_ask": "0.4"}], "timestamp": "1769384229912", "event_type": "price_change"}}
{"_local_timestamp": "2026-01-25T23:37:09.988266+00:00", "data": {"market": "0x7a4f2671314959ddb54db82c2efae64cd75fe433607afc0f7977a1ba92d07b36", "price_changes": [{"asset_id": "87012140861789287155140479060990335705763352231140800610453897441247863570797", "price": "0.03", "size": "4011.27", "side": "BUY", "hash": "410cffd3df33f7184f097dec0a1986570b428bbf", "best_bid": "0.6", "best_ask": "0.67"}, {"asset_id": "14280430495551083637979767621318190014166972932854899391850005153436590870537", "price": "0.97", "size": "4011.27", "side": "SELL", "hash": "3404abcbf85c36bab40348559332d8a9999982ba", "best_bid": "0.33", "best_ask": "0.4"}], "timestamp": "1769384229912", "event_type": "price_change"}}
{"_local_timestamp": "2026-01-25T23:37:09.988597+00:00", "data": {"market": "0x7a4f2671314959ddb54db82c2efae64cd75fe433607afc0f7977a1ba92d07b36", "price_changes": [{"asset_id": "87012140861789287155140479060990335705763352231140800610453897441247863570797", "price": "0.05", "size": "20", "side": "BUY", "hash": "410cffd3df33f7184f097dec0a1986570b428bbf", "best_bid": "0.6", "best_ask": "0.67"}, {"asset_id": "14280430495551083637979767621318190014166972932854899391850005153436590870537", "price": "0.95", "size": "20", "side": "SELL", "hash": "3404abcbf85c36bab40348559332d8a9999982ba", "best_bid": "0.33", "best_ask": "0.4"}], "timestamp": "1769384229912", "event_type": "price_change"}}
{"_local_timestamp": "2026-01-25T23:37:09.989010+00:00", "data": {"market": "0x7a4f2671314959ddb54db82c2efae64cd75fe433607afc0f7977a1ba92d07b36", "price_changes": [{"asset_id": "87012140861789287155140479060990335705763352231140800610453897441247863570797", "price": "0.06", "size": "2000", "side": "BUY", "hash": "410cffd3df33f7184f097dec0a1986570b428bbf", "best_bid": "0.6", "best_ask": "0.67"}, {"asset_id": "14280430495551083637979767621318190014166972932854899391850005153436590870537", "price": "0.94", "size": "2000", "side": "SELL", "hash": "3404abcbf85c36bab40348559332d8a9999982ba", "best_bid": "0.33", "best_ask": "0.4"}], "timestamp": "1769384229912", "event_type": "price_change"}}
{"_local_timestamp": "2026-01-25T23:37:09.989442+00:00", "data": {"market": "0x7a4f2671314959ddb54db82c2efae64cd75fe433607afc0f7977a1ba92d07b36", "price_changes": [{"asset_id": "87012140861789287155140479060990335705763352231140800610453897441247863570797", "price": "0.11", "size": "0", "side": "BUY", "hash": "410cffd3df33f7184f097dec0a1986570b428bbf", "best_bid": "0.6", "best_ask": "0.67"}, {"asset_id": "14280430495551083637979767621318190014166972932854899391850005153436590870537", "price": "0.89", "size": "0", "side": "SELL", "hash": "3404abcbf85c36bab40348559332d8a9999982ba", "best_bid": "0.33", "best_ask": "0.4"}], "timestamp": "1769384229912", "event_type": "price_change"}}
{"_local_timestamp": "2026-01-25T23:37:09.989795+00:00", "data": {"market": "0x7a4f2671314959ddb54db82c2efae64cd75fe433607afc0f7977a1ba92d07b36", "price_changes": [{"asset_id": "87012140861789287155140479060990335705763352231140800610453897441247863570797", "price": "0.17", "size": "0", "side": "BUY", "hash": "410cffd3df33f7184f097dec0a1986570b428bbf", "best_bid": "0.6", "best_ask": "0.67"}, {"asset_id": "14280430495551083637979767621318190014166972932854899391850005153436590870537", "price": "0.83", "size": "0", "side": "SELL", "hash": "3404abcbf85c36bab40348559332d8a9999982ba", "best_bid": "0.33", "best_ask": "0.4"}], "timestamp": "1769384229912", "event_type": "price_change"}}
{"_local_timestamp": "2026-01-25T23:37:10.271542+00:00", "data": {"market": "0x7a4f2671314959ddb54db82c2efae64cd75fe433607afc0f7977a1ba92d07b36", "price_changes": [{"asset_id": "14280430495551083637979767621318190014166972932854899391850005153436590870537", "price": "0.15", "size": "6.45", "side": "BUY", "hash": "ed1b2eca0d6f9ac2abf69dcfa243105ed1ad84b1", "best_bid": "0.33", "best_ask": "0.4"}, {"asset_id": "87012140861789287155140479060990335705763352231140800610453897441247863570797", "price": "0.85", "size": "6.45", "side": "SELL", "hash": "9cdf284b6e24aaf4f18f9f450e8460eb06c2136f", "best_bid": "0.6", "best_ask": "0.67"}], "timestamp": "1769384230199", "event_type": "price_change"}}
{"_local_timestamp": "2026-01-25T23:37:10.272176+00:00", "data": {"market": "0x7a4f2671314959ddb54db82c2efae64cd75fe433607afc0f7977a1ba92d07b36", "price_changes": [{"asset_id": "14280430495551083637979767621318190014166972932854899391850005153436590870537", "price": "0.12", "size": "5.65", "side": "BUY", "hash": "1f5553029530b1d79fe455e5adacc3c32b6b372d", "best_bid": "0.33", "best_ask": "0.4"}, {"asset_id": "87012140861789287155140479060990335705763352231140800610453897441247863570797", "price": "0.88", "size": "5.65", "side": "SELL", "hash": "c7a3daffbc8d13fe38376d24ffc1cdb626e1d7e0", "best_bid": "0.6", "best_ask": "0.67"}], "timestamp": "1769384230200", "event_type": "price_change"}}
{"_local_timestamp": "2026-01-25T23:37:10.272544+00:00", "data": {"market": "0x7a4f2671314959ddb54db82c2efae64cd75fe433607afc0f7977a1ba92d07b36", "price_changes": [{"asset_id": "14280430495551083637979767621318190014166972932854899391850005153436590870537", "price": "0.04", "size": "55.5", "side": "BUY", "hash": "8a3b58c375d37072d495f66aa92d578188a61ed0", "best_bid": "0.33", "best_ask": "0.4"}, {"asset_id": "87012140861789287155140479060990335705763352231140800610453897441247863570797", "price": "0.96", "size": "55.5", "side": "SELL", "hash": "147146147815bfcf1ffb97d44043a5be6be57fa4", "best_bid": "0.6", "best_ask": "0.67"}], "timestamp": "1769384230201", "event_type": "price_change"}}
{"_local_timestamp": "2026-01-25T23:37:10.272886+00:00", "data": {"market": "0x7a4f2671314959ddb54db82c2efae64cd75fe433607afc0f7977a1ba92d07b36", "price_changes": [{"asset_id": "14280430495551083637979767621318190014166972932854899391850005153436590870537", "price": "0.09", "size": "6.13", "side": "BUY", "hash": "9003a0fd51dc7faa8c1a8408d4fe20d9cb019306", "best_bid": "0.33", "best_ask": "0.4"}, {"asset_id": "87012140861789287155140479060990335705763352231140800610453897441247863570797", "price": "0.91", "size": "6.13", "side": "SELL", "hash": "26cd108e891babad30dd0eb5026efb1809a2819d", "best_bid": "0.6", "best_ask": "0.67"}], "timestamp": "1769384230202", "event_type": "price_change"}}
{"_local_timestamp": "2026-01-25T23:37:10.345597+00:00", "data": {"market": "0x7a4f2671314959ddb54db82c2efae64cd75fe433607afc0f7977a1ba92d07b36", "price_changes": [{"asset_id": "87012140861789287155140479060990335705763352231140800610453897441247863570797", "price": "0.12", "size": "5.39", "side": "BUY", "hash": "c3b5a343a546241f3ed9a65ea9581466c74bcbe2", "best_bid": "0.6", "best_ask": "0.67"}, {"asset_id": "14280430495551083637979767621318190014166972932854899391850005153436590870537", "price": "0.88", "size": "5.39", "side": "SELL", "hash": "9e5da31a432407861778f2bc85257fcf5faba4d1", "best_bid": "0.33", "best_ask": "0.4"}], "timestamp": "1769384230283", "event_type": "price_change"}}
{"_local_timestamp": "2026-01-25T23:37:10.351927+00:00", "data": {"market": "0x7a4f2671314959ddb54db82c2efae64cd75fe433607afc0f7977a1ba92d07b36", "price_changes": [{"asset_id": "87012140861789287155140479060990335705763352231140800610453897441247863570797", "price": "0.07", "size": "10.74", "side": "BUY", "hash": "c99130cb3ccfbf68f9cadc47c139186e98216540", "best_bid": "0.6", "best_ask": "0.67"}, {"asset_id": "14280430495551083637979767621318190014166972932854899391850005153436590870537", "price": "0.93", "size": "10.74", "side": "SELL", "hash": "f682d51845d402fbc0d30d95e0759ea351ebe490", "best_bid": "0.33", "best_ask": "0.4"}], "timestamp": "1769384230284", "event_type": "price_change"}}
{"_local_timestamp": "2026-01-25T23:37:10.352403+00:00", "data": {"market": "0x7a4f2671314959ddb54db82c2efae64cd75fe433607afc0f7977a1ba92d07b36", "price_changes": [{"asset_id": "87012140861789287155140479060990335705763352231140800610453897441247863570797", "price": "0.05", "size": "26.67", "side": "BUY", "hash": "dac1d1aea078bbfcdf8092a9aba7fdff5034844b", "best_bid": "0.6", "best_ask": "0.67"}, {"asset_id": "14280430495551083637979767621318190014166972932854899391850005153436590870537", "price": "0.95", "size": "26.67", "side": "SELL", "hash": "8940e7cb22210a88d87e2ef20e9a00bc81a3803f", "best_bid": "0.33", "best_ask": "0.4"}], "timestamp": "1769384230285", "event_type": "price_change"}}
{"_local_timestamp": "2026-01-25T23:37:10.352938+00:00", "data": {"market": "0x7a4f2671314959ddb54db82c2efae64cd75fe433607afc0f7977a1ba92d07b36", "price_changes": [{"asset_id": "87012140861789287155140479060990335705763352231140800610453897441247863570797", "price": "0.26", "size": "6.02", "side": "BUY", "hash": "eef58f3e6e9783dcbfd481865ef7ff8aef07bda5", "best_bid": "0.6", "best_ask": "0.67"}, {"asset_id": "14280430495551083637979767621318190014166972932854899391850005153436590870537", "price": "0.74", "size": "6.02", "side": "SELL", "hash": "44c60002b615fe38bfbe3e232d03e957b766722a", "best_bid": "0.33", "best_ask": "0.4"}], "timestamp": "1769384230286", "event_type": "price_change"}}
{"_local_timestamp": "2026-01-25T23:37:10.353403+00:00", "data": {"market": "0x7a4f2671314959ddb54db82c2efae64cd75fe433607afc0f7977a1ba92d07b36", "price_changes": [{"asset_id": "87012140861789287155140479060990335705763352231140800610453897441247863570797", "price": "0.17", "size": "5.56", "side": "BUY", "hash": "f9307c7497724f0ba75c587762360aa93cdec6bd", "best_bid": "0.6", "best_ask": "0.67"}, {"asset_id": "14280430495551083637979767621318190014166972932854899391850005153436590870537", "price": "0.83", "size": "5.56", "side": "SELL", "hash": "3429917a377c9fef97aa3833fe6de6001b8acab7", "best_bid": "0.33", "best_ask": "0.4"}], "timestamp": "1769384230287", "event_type": "price_change"}}
{"_local_timestamp": "2026-01-25T23:37:29.627560+00:00", "data": {"market": "0x7a4f2671314959ddb54db82c2efae64cd75fe433607afc0f7977a1ba92d07b36", "price_changes": [{"asset_id": "87012140861789287155140479060990335705763352231140800610453897441247863570797", "price": "0.6", "size": "0", "side": "BUY", "hash": "169e4e6fe07c7ee7b8a8d3485eaeff6ab250052e", "best_bid": "0.26", "best_ask": "0.67"}, {"asset_id": "14280430495551083637979767621318190014166972932854899391850005153436590870537", "price": "0.4", "size": "0", "side": "SELL", "hash": "63ae2a47352662f3ab988073aa46b2b4b126391c", "best_bid": "0.33", "best_ask": "0.74"}], "timestamp": "1769384249558", "event_type": "price_change"}}
{"_local_timestamp": "2026-01-25T23:37:35.724240+00:00", "data": {"market": "0x7a4f2671314959ddb54db82c2efae64cd75fe433607afc0f7977a1ba92d07b36", "price_changes": [{"asset_id": "14280430495551083637979767621318190014166972932854899391850005153436590870537", "price": "0.15", "size": "0", "side": "BUY", "hash": "75ef6a2cd76d982e3a3771700e98fe72b691e5e2", "best_bid": "0.33", "best_ask": "0.74"}, {"asset_id": "87012140861789287155140479060990335705763352231140800610453897441247863570797", "price": "0.85", "size": "0", "side": "SELL", "hash": "e0c573295a056efcab2ad8bec9090e15af6967dd", "best_bid": "0.26", "best_ask": "0.67"}], "timestamp": "1769384255660", "event_type": "price_change"}}
{"_local_timestamp": "2026-01-25T23:37:35.732184+00:00", "data": {"market": "0x7a4f2671314959ddb54db82c2efae64cd75fe433607afc0f7977a1ba92d07b36", "price_changes": [{"asset_id": "87012140861789287155140479060990335705763352231140800610453897441247863570797", "price": "0.07", "size": "0", "side": "BUY", "hash": "0bb5d683e19eaff92629f43206dbd20d7c2b7abb", "best_bid": "0.26", "best_ask": "0.67"}, {"asset_id": "14280430495551083637979767621318190014166972932854899391850005153436590870537", "price": "0.93", "size": "0", "side": "SELL", "hash": "9796629e60160d4ebf8cb2731c00600ae8a92272", "best_bid": "0.33", "best_ask": "0.74"}], "timestamp": "1769384255660", "event_type": "price_change"}}
{"_local_timestamp": "2026-01-25T23:37:35.732664+00:00", "data": {"market": "0x7a4f2671314959ddb54db82c2efae64cd75fe433607afc0f7977a1ba92d07b36", "price_changes": [{"asset_id": "87012140861789287155140479060990335705763352231140800610453897441247863570797", "price": "0.12", "size": "0", "side": "BUY", "hash": "0bb5d683e19eaff92629f43206dbd20d7c2b7abb", "best_bid": "0.26", "best_ask": "0.67"}, {"asset_id": "14280430495551083637979767621318190014166972932854899391850005153436590870537", "price": "0.88", "size": "0", "side": "SELL", "hash": "9796629e60160d4ebf8cb2731c00600ae8a92272", "best_bid": "0.33", "best_ask": "0.74"}], "timestamp": "1769384255660", "event_type": "price_change"}}
{"_local_timestamp": "2026-01-25T23:37:36.293076+00:00", "data": {"market": "0x7a4f2671314959ddb54db82c2efae64cd75fe433607afc0f7977a1ba92d07b36", "price_changes": [{"asset_id": "87012140861789287155140479060990335705763352231140800610453897441247863570797", "price": "0.06", "size": "2005.19", "side": "BUY", "hash": "9b0d0366ed6ae4d6bc6288b801599dd88c8387d6", "best_bid": "0.26", "best_ask": "0.67"}, {"asset_id": "14280430495551083637979767621318190014166972932854899391850005153436590870537", "price": "0.94", "size": "2005.19", "side": "SELL", "hash": "519302248fca96c6583253701dad9b2ef7d14216", "best_bid": "0.33", "best_ask": "0.74"}], "timestamp": "1769384256220", "event_type": "price_change"}}
{"_local_timestamp": "2026-01-25T23:37:36.293573+00:00", "data": {"market": "0x7a4f2671314959ddb54db82c2efae64cd75fe433607afc0f7977a1ba92d07b36", "price_changes": [{"asset_id": "87012140861789287155140479060990335705763352231140800610453897441247863570797", "price": "0.11", "size": "6.89", "side": "BUY", "hash": "d84ba24ac720db794975f096814c6b84944cd2d1", "best_bid": "0.26", "best_ask": "0.67"}, {"asset_id": "14280430495551083637979767621318190014166972932854899391850005153436590870537", "price": "0.89", "size": "6.89", "side": "SELL", "hash": "1338d796af569dd284fb3026c630617b69af8dc8", "best_bid": "0.33", "best_ask": "0.74"}], "timestamp": "1769384256222", "event_type": "price_change"}}
{"_local_timestamp": "2026-01-25T23:37:36.293985+00:00", "data": {"market": "0x7a4f2671314959ddb54db82c2efae64cd75fe433607afc0f7977a1ba92d07b36", "price_changes": [{"asset_id": "14280430495551083637979767621318190014166972932854899391850005153436590870537", "price": "0.16", "size": "18.55", "side": "BUY", "hash": "419880d8ec06a481212277a853b5cb1fef43bf3c", "best_bid": "0.33", "best_ask": "0.74"}, {"asset_id": "87012140861789287155140479060990335705763352231140800610453897441247863570797", "price": "0.84", "size": "18.55", "side": "SELL", "hash": "a4155c302f54b5a1e17c971f2b15433abb0904d4", "best_bid": "0.26", "best_ask": "0.67"}], "timestamp": "1769384256222", "event_type": "price_change"}}
{"_local_timestamp": "2026-01-25T23:37:36.294469+00:00", "data": {"market": "0x7a4f2671314959ddb54db82c2efae64cd75fe433607afc0f7977a1ba92d07b36", "price_changes": [{"asset_id": "87012140861789287155140479060990335705763352231140800610453897441247863570797", "price": "0.04", "size": "58.27", "side": "BUY", "hash": "a2bf25cfeaec1da152b7814597acf5d37f11fece", "best_bid": "0.26", "best_ask": "0.67"}, {"asset_id": "14280430495551083637979767621318190014166972932854899391850005153436590870537", "price": "0.96", "size": "58.27", "side": "SELL", "hash": "22ea6f78195dede0617eec8019d7137fc3a16051", "best_bid": "0.33", "best_ask": "0.74"}], "timestamp": "1769384256223", "event_type": "price_change"}}
{"_local_timestamp": "2026-01-25T23:37:36.928446+00:00", "data": {"market": "0x7a4f2671314959ddb54db82c2efae64cd75fe433607afc0f7977a1ba92d07b36", "price_changes": [{"asset_id": "87012140861789287155140479060990335705763352231140800610453897441247863570797", "price": "0.03", "size": "4005.41", "side": "BUY", "hash": "f8ee2dda7a84f0f5c6b76e6f182df8ead0992d64", "best_bid": "0.26", "best_ask": "0.67"}, {"asset_id": "14280430495551083637979767621318190014166972932854899391850005153436590870537", "price": "0.97", "size": "4005.41", "side": "SELL", "hash": "0dcfe725043eb6580880978160bc8cce8517f618", "best_bid": "0.33", "best_ask": "0.74"}], "timestamp": "1769384256863", "event_type": "price_change"}}
{"_local_timestamp": "2026-01-25T23:37:36.928971+00:00", "data": {"market": "0x7a4f2671314959ddb54db82c2efae64cd75fe433607afc0f7977a1ba92d07b36", "price_changes": [{"asset_id": "87012140861789287155140479060990335705763352231140800610453897441247863570797", "price": "0.05", "size": "20", "side": "BUY", "hash": "f8ee2dda7a84f0f5c6b76e6f182df8ead0992d64", "best_bid": "0.26", "best_ask": "0.67"}, {"asset_id": "14280430495551083637979767621318190014166972932854899391850005153436590870537", "price": "0.95", "size": "20", "side": "SELL", "hash": "0dcfe725043eb6580880978160bc8cce8517f618", "best_bid": "0.33", "best_ask": "0.74"}], "timestamp": "1769384256863", "event_type": "price_change"}}
{"_local_timestamp": "2026-01-25T23:37:37.320731+00:00", "data": {"market": "0x7a4f2671314959ddb54db82c2efae64cd75fe433607afc0f7977a1ba92d07b36", "price_changes": [{"asset_id": "87012140861789287155140479060990335705763352231140800610453897441247863570797", "price": "0.08", "size": "31.38", "side": "BUY", "hash": "b99f15abccb8d370d951fdb82348d2cf292d094e", "best_bid": "0.26", "best_ask": "0.67"}, {"asset_id": "14280430495551083637979767621318190014166972932854899391850005153436590870537", "price": "0.92", "size": "31.38", "side": "SELL", "hash": "c968335d6f4815868304813516f2299bbb88be65", "best_bid": "0.33", "best_ask": "0.74"}], "timestamp": "1769384257227", "event_type": "price_change"}}
{"_local_timestamp": "2026-01-25T23:37:45.676125+00:00", "data": {"market": "0x7a4f2671314959ddb54db82c2efae64cd75fe433607afc0f7977a1ba92d07b36", "price_changes": [{"asset_id": "87012140861789287155140479060990335705763352231140800610453897441247863570797", "price": "0.02", "size": "2111.28", "side": "BUY", "hash": "5a74bf1528018cfc42853e45e420d1f82853572f", "best_bid": "0.26", "best_ask": "0.67"}, {"asset_id": "14280430495551083637979767621318190014166972932854899391850005153436590870537", "price": "0.98", "size": "2111.28", "side": "SELL", "hash": "562c74841b84cd4e2051d1e56caa15fb16aed289", "best_bid": "0.33", "best_ask": "0.74"}], "timestamp": "1769384265600", "event_type": "price_change"}}
{"_local_timestamp": "2026-01-25T23:37:45.679585+00:00", "data": {"market": "0x7a4f2671314959ddb54db82c2efae64cd75fe433607afc0f7977a1ba92d07b36", "price_changes": [{"asset_id": "87012140861789287155140479060990335705763352231140800610453897441247863570797", "price": "0.01", "size": "5449.08", "side": "BUY", "hash": "5a74bf1528018cfc42853e45e420d1f82853572f", "best_bid": "0.26", "best_ask": "0.67"}, {"asset_id": "14280430495551083637979767621318190014166972932854899391850005153436590870537", "price": "0.99", "size": "5449.08", "side": "SELL", "hash": "562c74841b84cd4e2051d1e56caa15fb16aed289", "best_bid": "0.33", "best_ask": "0.74"}], "timestamp": "1769384265600", "event_type": "price_change"}}
{"_local_timestamp": "2026-01-25T23:37:45.681836+00:00", "data": {"market": "0x7a4f2671314959ddb54db82c2efae64cd75fe433607afc0f7977a1ba92d07b36", "price_changes": [{"asset_id": "87012140861789287155140479060990335705763352231140800610453897441247863570797", "price": "0.06", "size": "1005.19", "side": "BUY", "hash": "5a74bf1528018cfc42853e45e420d1f82853572f", "best_bid": "0.26", "best_ask": "0.67"}, {"asset_id": "14280430495551083637979767621318190014166972932854899391850005153436590870537", "price": "0.94", "size": "1005.19", "side": "SELL", "hash": "562c74841b84cd4e2051d1e56caa15fb16aed289", "best_bid": "0.33", "best_ask": "0.74"}], "timestamp": "1769384265600", "event_type": "price_change"}}
{"_local_timestamp": "2026-01-25T23:37:45.682278+00:00", "data": {"market": "0x7a4f2671314959ddb54db82c2efae64cd75fe433607afc0f7977a1ba92d07b36", "price_changes": [{"asset_id": "87012140861789287155140479060990335705763352231140800610453897441247863570797", "price": "0.03", "size": "2005.41", "side": "BUY", "hash": "5a74bf1528018cfc42853e45e420d1f82853572f", "best_bid": "0.26", "best_ask": "0.67"}, {"asset_id": "14280430495551083637979767621318190014166972932854899391850005153436590870537", "price": "0.97", "size": "2005.41", "side": "SELL", "hash": "562c74841b84cd4e2051d1e56caa15fb16aed289", "best_bid": "0.33", "best_ask": "0.74"}], "timestamp": "1769384265600", "event_type": "price_change"}}
{"_local_timestamp": "2026-01-25T23:37:45.682699+00:00", "data": {"market": "0x7a4f2671314959ddb54db82c2efae64cd75fe433607afc0f7977a1ba92d07b36", "price_changes": [{"asset_id": "87012140861789287155140479060990335705763352231140800610453897441247863570797", "price": "0.1", "size": "800", "side": "BUY", "hash": "5a74bf1528018cfc42853e45e420d1f82853572f", "best_bid": "0.26", "best_ask": "0.67"}, {"asset_id": "14280430495551083637979767621318190014166972932854899391850005153436590870537", "price": "0.9", "size": "800", "side": "SELL", "hash": "562c74841b84cd4e2051d1e56caa15fb16aed289", "best_bid": "0.33", "best_ask": "0.74"}], "timestamp": "1769384265600", "event_type": "price_change"}}
