{"_local_timestamp": "2026-01-25T23:34:08.738091+00:00", "data": [{"market": "0x7a4f2671314959ddb54db82c2efae64cd75fe433607afc0f7977a1ba92d07b36", "asset_id": "14280430495551083637979767621318190014166972932854899391850005153436590870537", "timestamp": "1769384033984", "hash": "aaed6b1ce869c1790c63587dcdfc3140129fef81", "bids": [{"price": "0.01", "size": "12400.34"}, {"price": "0.02", "size": "5111.73"}, {"price": "0.03", "size": "4005.02"}, {"price": "0.04", "size": "58.36"}, {"price": "0.05", "size": "20"}, {"price": "0.06", "size": "2007.76"}, {"price": "0.08", "size": "25"}, {"price": "0.09", "size": "6.51"}, {"price": "0.11", "size": "100"}, {"price": "0.12", "size": "14.57"}, {"price": "0.16", "size": "12.5"}, {"price": "0.17", "size": "100"}, {"price": "0.2", "size": "900"}, {"price": "0.21", "size": "61.9"}, {"price": "0.22", "size": "50"}, {"price": "0.23", "size": "5.55"}, {"price": "0.32", "size": "394.95"}, {"price": "0.33", "size": "67.69"}, {"price": "0.45", "size": "9.94"}], "asks": [{"price": "0.99", "size": "457.54"}, {"price": "0.98", "size": "111.28"}, {"price": "0.97", "size": "26.5"}, {"price": "0.96", "size": "50"}, {"price": "0.95", "size": "20"}, {"price": "0.94", "size": "12.67"}, {"price": "0.92", "size": "25"}, {"price": "0.91", "size": "8.37"}, {"price": "0.9", "size": "100"}, {"price": "0.88", "size": "9.29"}, {"price": "0.84", "size": "12.5"}, {"price": "0.83", "size": "6.32"}, {"price": "0.75", "size": "75.05"}], "event_type": "book", "last_trade_price": "0.550"}, {"market": "0x7a4f2671314959ddb54db82c2efae64cd75fe433607afc0f7977a1ba92d07b36", "asset_id": "87012140861789287155140479060990335705763352231140800610453897441247863570797", "timestamp": "1769384033984", "hash": "b7f56e2dc6aceb35bfd52d048b67cc9305f63454", "bids": [{"price": "0.01", "size": "457.54"}, {"price": "0.02", "size": "111.28"}, {"price": "0.03", "size": "26.5"}, {"price": "0.04", "size": "50"}, {"price": "0.05", "size": "20"}, {"price": "0.06", "size": "12.67"}, {"price": "0.08", "size": "25"}, {"price": "0.09", "size": "8.37"}, {"price": "0.1", "size": "100"}, {"price": "0.12", "size": "9.29"}, {"price": "0.16", "size": "12.5"}, {"price": "0.17", "size": "6.32"}, {"price": "0.25", "size": "75.05"}], "asks": [{"price": "0.99", "size": "12400.34"}, {"price": "0.98", "size": "5111.73"}, {"price": "0.97", "size": "4005.02"}, {"price": "0.96", "size": "58.36"}, {"price": "0.95", "size": "20"}, {"price": "0.94", "size": "2007.76"}, {"price": "0.92", "size": "25"}, {"price": "0.91", "size": "6.51"}, {"price": "0.89", "size": "100"}, {"price": "0.88", "size": "14.57"}, {"price": "0.84", "size": "12.5"}, {"price": "0.83", "size": "100"}, {"price": "0.8", "size": "900"}, {"price": "0.79", "size": "61.9"}, {"price": "0.78", "size": "50"}, {"price": "0.77", "size": "5.55"}, {"price": "0.68", "size": "394.95"}, {"price": "0.67", "size": "67.69"}, {"price": "0.55", "size": "9.94"}], "event_type": "book", "last_trade_price": "0.550"}]}
{"_local_timestamp": "2026-01-25T23:34:53.165854+00:00", "data": {"market": "0x7a4f2671314959ddb54db82c2efae64cd75fe433607afc0f7977a1ba92d07b36", "price_changes": [{"asset_id": "14280430495551083637979767621318190014166972932854899391850005153436590870537", "price": "0.09", "size": "0", "side": "BUY", "hash": "9763c65248f03a2a06fcd04ced6d2b3f17eb3c0b", "best_bid": "0.45", "best_ask": "0.75"}, {"asset_id": "87012140861789287155140479060990335705763352231140800610453897441247863570797", "price": "0.91", "size": "0", "side": "SELL", "hash": "d0ac7e974ef1ecd8e0e0a2378867380522724a29", "best_bid": "0.25", "best_ask": "0.55"}], "timestamp": "1769384093100", "event_type": "price_change"}}
{"_local_timestamp": "2026-01-25T23:34:53.166709+00:00", "data": {"market": "0x7a4f2671314959ddb54db82c2efae64cd75fe433607afc0f7977a1ba92d07b36", "price_changes": [{"asset_id": "14280430495551083637979767621318190014166972932854899391850005153436590870537", "price": "0.12", "size": "0", "side": "BUY", "hash": "9763c65248f03a2a06fcd04ced6d2b3f17eb3c0b", "best_bid": "0.45", "best_ask": "0.75"}, {"asset_id": "87012140861789287155140479060990335705763352231140800610453897441247863570797", "price": "0.88", "size": "0", "side": "SELL", "hash": "d0ac7e974ef1ecd8e0e0a2378867380522724a29", "best_bid": "0.25", "best_ask": "0.55"}], "timestamp": "1769384093100", "event_type": "price_change"}}
{"_local_timestamp": "2026-01-25T23:34:53.501353+00:00", "data": {"market": "0x7a4f2671314959ddb54db82c2efae64cd75fe433607afc0f7977a1ba92d07b36", "price_changes": [{"asset_id": "14280430495551083637979767621318190014166972932854899391850005153436590870537", "price": "0.13", "size": "12.03", "side": "BUY", "hash": "9e0cc540e609b8ddaa851f953f311fb6f52152fa", "best_bid": "0.45", "best_ask": "0.75"}, {"asset_id": "87012140861789287155140479060990335705763352231140800610453897441247863570797", "price": "0.87", "size": "12.03", "side": "SELL", "hash": "8d54ae322a35aafb6ff7d503f09f263a3b59123b", "best_bid": "0.25", "best_ask": "0.55"}], "timestamp": "1769384093438", "event_type": "price_change"}}
{"_local_timestamp": "2026-01-25T23:34:53.507392+00:00", "data": {"market": "0x7a4f2671314959ddb54db82c2efae64cd75fe433607afc0f7977a1ba92d07b36", "price_changes": [{"asset_id": "14280430495551083637979767621318190014166972932854899391850005153436590870537", "price": "0.09", "size": "8.55", "side": "BUY", "hash": "0d6036d3751acec22e8b3cf701e2a89df9394642", "best_bid": "0.45", "best_ask": "0.75"}, {"asset_id": "87012140861789287155140479060990335705763352231140800610453897441247863570797", "price": "0.91", "size": "8.55", "side": "SELL", "hash": "fe28cb08c879b1cef9adf17a107af6444913012a", "best_bid": "0.25", "best_ask": "0.55"}], "timestamp": "1769384093439", "event_type": "price_change"}}
