{"_local_timestamp": "2026-01-25T23:40:50.654087+00:00", "data": [{"market": "0x25025db13d5868308eb2f1f57beaf7cbea76c4014201800853a4c1aaad3046ee", "asset_id": "15113128431693879081528076048684622701923990563320934711420493231791911133880", "timestamp": "1769384339061", "hash": "0b5a0114eac14403c89d6c405f77b268ff4cfca4", "bids": [{"price": "0.01", "size": "110.65"}, {"price": "0.02", "size": "108"}, {"price": "0.03", "size": "47.98"}], "asks": [{"price": "0.99", "size": "241.51"}, {"price": "0.98", "size": "31.75"}, {"price": "0.96", "size": "12"}, {"price": "0.95", "size": "20"}, {"price": "0.94", "size": "43"}, {"price": "0.93", "size": "5.92"}, {"price": "0.91", "size": "85"}, {"price": "0.89", "size": "18"}, {"price": "0.86", "size": "30"}, {"price": "0.85", "size": "20"}, {"price": "0.28", "size": "20"}], "event_type": "book", "last_trade_price": ""}, {"market": "0x93f28d0ad9d5906fee37296a8a70a57c9e4ed4b3b9aa09029c2d9589ce7ce832", "asset_id": "72776331054793272806940188908180904666024448478022907801009755847830868970904", "timestamp": "1769384353304", "hash": "99b02c42454a8825b284a407a6593c8f1a984282", "bids": [{"price": "0.01", "size": "121.79"}, {"price": "0.02", "size": "22.34"}, {"price": "0.03", "size": "11.13"}, {"price": "0.05", "size": "36.1"}, {"price": "0.06", "size": "43"}, {"price": "0.08", "size": "47"}, {"price": "0.1", "size": "6.7"}, {"price": "0.13", "size": "30"}, {"price": "0.15", "size": "60"}], "asks": [{"price": "0.99", "size": "150.59"}, {"price": "0.98", "size": "95"}, {"price": "0.97", "size": "39.99"}], "event_type": "book", "last_trade_price": ""}, {"market": "0xa3476e8efbbc5557ff9f58978bcf85b7c2bc0c14d2f2c5891f1861a0e95c71c7", "asset_id": "49075166570883369230840079099601560361862864964529664437077360133815011449025", "timestamp": "1769384353303", "hash": "0fe59932bb2f0023ce25ba884f4744f131e1602c", "bids": [{"price": "0.01", "size": "150.58"}, {"price": "0.02", "size": "100"}, {"price": "0.03", "size": "39.99"}], "asks": [{"price": "0.99", "size": "171.68"}, {"price": "0.98", "size": "48.75"}, {"price": "0.95", "size": "30"}, {"price": "0.94", "size": "33"}, {"price": "0.93", "size": "16"}, {"price": "0.92", "size": "9.4"}, {"price": "0.9", "size": "70"}, {"price": "0.88", "size": "118.75"}, {"price": "0.87", "size": "10"}, {"price": "0.86", "size": "20"}], "event_type": "book", "last_trade_price": ""}, {"market": "0xfe76f366b01cffc5f3c2551ca2fafd3626551f8e67c45e90bcb9980fadefb1d9", "asset_id": "91464103984107757678948958563250156809345102931554507444370450055330522832734", "timestamp": "1769384353303", "hash": "7cdd5acdd97422d9549ef1eb5d2589e300ad7f4b", "bids": [{"price": "0.01", "size": "183.81"}, {"price": "0.02", "size": "17.67"}, {"price": "0.03", "size": "10"}, {"price": "0.04", "size": "8.04"}, {"price": "0.05", "size": "30"}, {"price": "0.06", "size": "38.58"}, {"price": "0.07", "size": "24"}, {"price": "0.08", "size": "8.95"}, {"price": "0.1", "size": "70"}, {"price": "0.12", "size": "118.75"}, {"price": "0.13", "size": "20"}], "asks": [{"price": "0.99", "size": "150.58"}, {"price": "0.98", "size": "100"}, {"price": "0.97", "size": "39.99"}], "event_type": "book", "last_trade_price": ""}, {"market": "0xf69b405cb72c495b47f14d4581ec5f4fdc32c7c783c0b05c5d350af99f74fb57", "asset_id": "111483763262460809812427616008076634438113457835729033090496924816271676966924", "timestamp": "1769384353303", "hash": "80772ff58b71624e95f2bda2548bd21083957315", "bids": [{"price": "0.01", "size": "159.98"}, {"price": "0.02", "size": "15.89"}, {"price": "0.03", "size": "18"}, {"price": "0.04", "size": "8.65"}, {"price": "0.05", "size": "30"}, {"price": "0.06", "size": "33"}, {"price": "0.07", "size": "5.74"}, {"price": "0.1", "size": "76.58"}, {"price": "0.13", "size": "10"}, {"price": "0.14", "size": "20"}], "asks": [{"price": "0.99", "size": "150.58"}, {"price": "0.98", "size": "95"}, {"price": "0.97", "size": "39.99"}], "event_type": "book", "last_trade_price": ""}, {"market": "0x25025db13d5868308eb2f1f57beaf7cbea76c4014201800853a4c1aaad3046ee", "asset_id": "69171629149106323292749070292707293928031973221371003911300207535275094378436", "timestamp": "1769384339061", "hash": "0fcbe5eff926da9511d7e06dace5b3de0166a992", "bids": [{"price": "0.01", "size": "241.51"}, {"price": "0.02", "size": "31.75"}, {"price": "0.04", "size": "12"}, {"price": "0.05", "size": "20"}, {"price": "0.06", "size": "43"}, {"price": "0.07", "size": "5.92"}, {"price": "0.09", "size": "85"}, {"price": "0.11", "size": "18"}, {"price": "0.14", "size": "30"}, {"price": "0.15", "size": "20"}, {"price": "0.72", "size": "20"}], "asks": [{"price": "0.99", "size": "110.65"}, {"price": "0.98", "size": "108"}, {"price": "0.97", "size": "47.98"}], "event_type": "book", "last_trade_price": ""}, {"market": "0xb9d3c208d8eb2f3403144092d0e55a4ecf7a6493e33890b35140197a63148d14", "asset_id": "70717802646694382009573815278721437797667570104667888155891561185095387198938", "timestamp": "1769384329509", "hash": "9ffefe89d3d232245944330f32fc6c77b5ff14df", "bids": [{"price": "0.01", "size": "172.06"}, {"price": "0.02", "size": "17.5"}, {"price": "0.03", "size": "10"}, {"price": "0.04", "size": "7.08"}, {"price": "0.05", "size": "30"}, {"price": "0.06", "size": "39.33"}, {"price": "0.08", "size": "17"}, {"price": "0.09", "size": "37.89"}, {"price": "0.1", "size": "40"}, {"price": "0.12", "size": "118.75"}, {"price": "0.13", "size": "20"}], "asks": [{"price": "0.99", "size": "150.58"}, {"price": "0.98", "size": "95"}, {"price": "0.97", "size": "39.99"}], "event_type": "book", "last_trade_price": ""}, {"market": "0xf69b405cb72c495b47f14d4581ec5f4fdc32c7c783c0b05c5d350af99f74fb57", "asset_id": "77871459748036421242663925334747383360075298582158881700736355568100463986230", "timestamp": "1769384353303", "hash": "7b80e1fbb305feba7ead857bd109f8c0aa056f48", "bids": [{"price": "0.01", "size": "150.58"}, {"price": "0.02", "size": "95"}, {"price": "0.03", "size": "39.99"}], "asks": [{"price": "0.99", "size": "159.98"}, {"price": "0.98", "size": "15.89"}, {"price": "0.97", "size": "18"}, {"price": "0.96", "size": "8.65"}, {"price": "0.95", "size": "30"}, {"price": "0.94", "size": "33"}, {"price": "0.93", "size": "5.74"}, {"price": "0.9", "size": "76.58"}, {"price": "0.87", "size": "10"}, {"price": "0.86", "size": "20"}], "event_type": "book", "last_trade_price": ""}, {"market": "0x93f28d0ad9d5906fee37296a8a70a57c9e4ed4b3b9aa09029c2d9589ce7ce832", "asset_id": "100955895305218895610069502472760899905214942330703669753760270178117749789092", "timestamp": "1769384353304", "hash": "d20b7f5487f448afdcf2fb85153fe850ead0c895", "bids": [{"price": "0.01", "size": "150.59"}, {"price": "0.02", "size": "95"}, {"price": "0.03", "size": "39.99"}], "asks": [{"price": "0.99", "size": "121.79"}, {"price": "0.98", "size": "22.34"}, {"price": "0.97", "size": "11.13"}, {"price": "0.95", "size": "36.1"}, {"price": "0.94", "size": "43"}, {"price": "0.92", "size": "47"}, {"price": "0.9", "size": "6.7"}, {"price": "0.87", "size": "30"}, {"price": "0.85", "size": "60"}], "event_type": "book", "last_trade_price": ""}, {"market": "0xe0a32dbfe006ba8c5031351f5243c5cd9a58cf3c37b566cc82a9f7d41f8302c7", "asset_id": "65815064799788774655435771148232734980061574308316816581700167067698511121921", "timestamp": "1769384353303", "hash": "14e3ab21dad78b71565d976f20e0f8e229c246c5", "bids": [{"price": "0.01", "size": "161.97"}, {"price": "0.02", "size": "43.72"}, {"price": "0.05", "size": "30"}, {"price": "0.06", "size": "43"}, {"price": "0.07", "size": "11.71"}, {"price": "0.1", "size": "70"}, {"price": "0.11", "size": "35"}, {"price": "0.12", "size": "118.75"}, {"price": "0.13", "size": "20"}], "asks": [{"price": "0.99", "size": "92.27"}, {"price": "0.98", "size": "100"}, {"price": "0.97", "size": "39.99"}], "event_type": "book", "last_trade_price": ""}, {"market": "0xb9d3c208d8eb2f3403144092d0e55a4ecf7a6493e33890b35140197a63148d14", "asset_id": "63581074489545967013426062325864715209547016020665245565255381968385916667995", "timestamp": "1769384329509", "hash": "614cf812a14315b52d46edcdb27ba674093ffbaa", "bids": [{"price": "0.01", "size": "150.58"}, {"price": "0.02", "size": "95"}, {"price": "0.03", "size": "39.99"}], "asks": [{"price": "0.99", "size": "172.06"}, {"price": "0.98", "size": "17.5"}, {"price": "0.97", "size": "10"}, {"price": "0.96", "size": "7.08"}, {"price": "0.95", "size": "30"}, {"price": "0.94", "size": "39.33"}, {"price": "0.92", "size": "17"}, {"price": "0.91", "size": "37.89"}, {"price": "0.9", "size": "40"}, {"price": "0.88", "size": "118.75"}, {"price": "0.87", "size": "20"}], "event_type": "book", "last_trade_price": ""}, {"market": "0xe0a32dbfe006ba8c5031351f5243c5cd9a58cf3c37b566cc82a9f7d41f8302c7", "asset_id": "4885632818167351187788551933410416061445761831692101146500029904141404303906", "timestamp": "1769384353303", "hash": "51c7c73f55dcaae86545632d36ab40bbc709c5b1", "bids": [{"price": "0.01", "size": "92.27"}, {"price": "0.02", "size": "100"}, {"price": "0.03", "size": "39.99"}], "asks": [{"price": "0.99", "size": "161.97"}, {"price": "0.98", "size": "43.72"}, {"price": "0.95", "size": "30"}, {"price": "0.94", "size": "43"}, {"price": "0.93", "size": "11.71"}, {"price": "0.9", "size": "70"}, {"price": "0.89", "size": "35"}, {"price": "0.88", "size": "118.75"}, {"price": "0.87", "size": "20"}], "event_type": "book", "last_trade_price": ""}, {"market": "0xfe76f366b01cffc5f3c2551ca2fafd3626551f8e67c45e90bcb9980fadefb1d9", "asset_id": "113047842163343397942154658230859519377162790695920966272941515248645143857449", "timestamp": "1769384353303", "hash": "7a0f8db1ddb595dba625faccf82a1ab05b9cf1a0", "bids": [{"price": "0.01", "size": "150.58"}, {"price": "0.02", "size": "100"}, {"price": "0.03", "size": "39.99"}], "asks": [{"price": "0.99", "size": "183.81"}, {"price": "0.98", "size": "17.67"}, {"price": "0.97", "size": "10"}, {"price": "0.96", "size": "8.04"}, {"price": "0.95", "size": "30"}, {"price": "0.94", "size": "38.58"}, {"price": "0.93", "size": "24"}, {"price": "0.92", "size": "8.95"}, {"price": "0.9", "size": "70"}, {"price": "0.88", "size": "118.75"}, {"price": "0.87", "size": "20"}], "event_type": "book", "last_trade_price": ""}, {"market": "0xa3476e8efbbc5557ff9f58978bcf85b7c2bc0c14d2f2c5891f1861a0e95c71c7", "asset_id": "77616069079544766632313130435803131534837904050680582581189964299844607679338", "timestamp": "1769384353303", "hash": "91bfbe46bd46ad1e6b9b23eccb675ed47f001040", "bids": [{"price": "0.01", "size": "171.68"}, {"price": "0.02", "size": "48.75"}, {"price": "0.05", "size": "30"}, {"price": "0.06", "size": "33"}, {"price": "0.07", "size": "16"}, {"price": "0.08", "size": "9.4"}, {"price": "0.1", "size": "70"}, {"price": "0.12", "size": "118.75"}, {"price": "0.13", "size": "10"}, {"price": "0.14", "size": "20"}], "asks": [{"price": "0.99", "size": "150.58"}, {"price": "0.98", "size": "100"}, {"price": "0.97", "size": "39.99"}], "event_type": "book", "last_trade_price": ""}, {"market": "0x225e0fdd1dbcf8d4ed569658e9fcdadc106fe4df8f3eebab6de3179594e69cae", "asset_id": "100614172146851019022930506261540059414109250163382945560610650412918760163014", "timestamp": "1769384321835", "hash": "0272e4dd9848f7c8b619807b1c3ce823ed01b212", "bids": [{"price": "0.001", "size": "14333.94"}, {"price": "0.002", "size": "262.98"}, {"price": "0.003", "size": "66.47"}, {"price": "0.004", "size": "55.22"}, {"price": "0.01", "size": "50"}, {"price": "0.011", "size": "210.77"}, {"price": "0.012", "size": "155.1"}, {"price": "0.013", "size": "39.75"}, {"price": "0.014", "size": "6.17"}, {"price": "0.02", "size": "25"}, {"price": "0.022", "size": "65.44"}], "asks": [{"price": "0.999", "size": "5006.85"}, {"price": "0.998", "size": "457.29"}, {"price": "0.997", "size": "43.36"}, {"price": "0.99", "size": "55"}, {"price": "0.989", "size": "200"}, {"price": "0.988", "size": "43.66"}, {"price": "0.984", "size": "9"}, {"price": "0.95", "size": "30"}, {"price": "0.94", "size": "33"}, {"price": "0.938", "size": "40"}, {"price": "0.936", "size": "30"}, {"price": "0.935", "size": "6.57"}, {"price": "0.893", "size": "5.98"}, {"price": "0.872", "size": "15"}, {"price": "0.87", "size": "59"}, {"price": "0.869", "size": "10"}, {"price": "0.868", "size": "20"}, {"price": "0.08", "size": "20"}], "event_type": "book", "last_trade_price": ""}, {"market": "0x225e0fdd1dbcf8d4ed569658e9fcdadc106fe4df8f3eebab6de3179594e69cae", "asset_id": "45764625730845095130147096446415799271154137683585606059451270337639906719390", "timestamp": "1769384321835", "hash": "2d8cbcab4268e02e21a7307f7327c5611e9bd1fa", "bids": [{"price": "0.001", "size": "5006.85"}, {"price": "0.002", "size": "457.29"}, {"price": "0.003", "size": "43.36"}, {"price": "0.01", "size": "55"}, {"price": "0.011", "size": "200"}, {"price": "0.012", "size": "43.66"}, {"price": "0.016", "size": "9"}, {"price": "0.05", "size": "30"}, {"price": "0.06", "size": "33"}, {"price": "0.062", "size": "40"}, {"price": "0.064", "size": "30"}, {"price": "0.065", "size": "6.57"}, {"price": "0.107", "size": "5.98"}, {"price": "0.128", "size": "15"}, {"price": "0.13", "size": "59"}, {"price": "0.131", "size": "10"}, {"price": "0.132", "size": "20"}, {"price": "0.92", "size": "20"}], "asks": [{"price": "0.999", "size": "14333.94"}, {"price": "0.998", "size": "262.98"}, {"price": "0.997", "size": "66.47"}, {"price": "0.996", "size": "55.22"}, {"price": "0.99", "size": "50"}, {"price": "0.989", "size": "210.77"}, {"price": "0.988", "size": "155.1"}, {"price": "0.987", "size": "39.75"}, {"price": "0.986", "size": "6.17"}, {"price": "0.98", "size": "25"}, {"price": "0.978", "size": "65.44"}], "event_type": "book", "last_trade_price": ""}]}
{"_local_timestamp": "2026-01-25T23:40:52.894386+00:00", "data": {"market": "0xb9d3c208d8eb2f3403144092d0e55a4ecf7a6493e33890b35140197a63148d14", "price_changes": [{"asset_id": "70717802646694382009573815278721437797667570104667888155891561185095387198938", "price": "0.17", "size": "20", "side": "BUY", "hash": "fac5ab3639780c48015335d0727d8692323a51c8", "best_bid": "0.17", "best_ask": "0.97"}, {"asset_id": "63581074489545967013426062325864715209547016020665245565255381968385916667995", "price": "0.83", "size": "20", "side": "SELL", "hash": "8dba3ee48cff315ae2983c3316982ca7a4a8f836", "best_bid": "0.03", "best_ask": "0.83"}], "timestamp": "1769384452828", "event_type": "price_change"}}
{"_local_timestamp": "2026-01-25T23:41:02.924071+00:00", "data": {"market": "0xfe76f366b01cffc5f3c2551ca2fafd3626551f8e67c45e90bcb9980fadefb1d9", "price_changes": [{"asset_id": "91464103984107757678948958563250156809345102931554507444370450055330522832734", "price": "0.17", "size": "20", "side": "BUY", "hash": "4da8ffab82953ffae1d5bfe3471654b0ef6d5b6d", "best_bid": "0.17", "best_ask": "0.97"}, {"asset_id": "113047842163343397942154658230859519377162790695920966272941515248645143857449", "price": "0.83", "size": "20", "side": "SELL", "hash": "27691fecf2fc3e41ddfb9586d77b47ccf2187efd", "best_bid": "0.03", "best_ask": "0.83"}], "timestamp": "1769384462840", "event_type": "price_change"}}
{"_local_timestamp": "2026-01-25T23:41:06.790384+00:00", "data": {"market": "0x225e0fdd1dbcf8d4ed569658e9fcdadc106fe4df8f3eebab6de3179594e69cae", "price_changes": [{"asset_id": "45764625730845095130147096446415799271154137683585606059451270337639906719390", "price": "0.002", "size": "357.29", "side": "BUY", "hash": "5ef217eb1e015c69e0f1b31ff3e0203a9f29abd6", "best_bid": "0.92", "best_ask": "0.978"}, {"asset_id": "100614172146851019022930506261540059414109250163382945560610650412918760163014", "price": "0.998", "size": "357.29", "side": "SELL", "hash": "45ddb4eecb9e0c4ae5330a1bf55fae9b26b92898", "best_bid": "0.022", "best_ask": "0.08"}], "timestamp": "1769384466639", "event_type": "price_change"}}
{"_local_timestamp": "2026-01-25T23:41:06.810089+00:00", "data": {"market": "0x225e0fdd1dbcf8d4ed569658e9fcdadc106fe4df8f3eebab6de3179594e69cae", "price_changes": [{"asset_id": "100614172146851019022930506261540059414109250163382945560610650412918760163014", "price": "0.002", "size": "162.98", "side": "BUY", "hash": "d28900679f6dd689924471ecbaf9b9f66d53463c", "best_bid": "0.022", "best_ask": "0.08"}, {"asset_id": "45764625730845095130147096446415799271154137683585606059451270337639906719390", "price": "0.998", "size": "162.98", "side": "SELL", "hash": "c8b3f9a6e312b5ccab76b9d0c50a267cfadf1cc8", "best_bid": "0.92", "best_ask": "0.978"}], "timestamp": "1769384466647", "event_type": "price_change"}}
