{"_local_timestamp": "2026-01-25T23:34:08.738091+00:00", "data": [{"market": "0x7a4f2671314959ddb54db82c2efae64cd75fe433607afc0f7977a1ba92d07b36", "asset_id": "14280430495551083637979767621318190014166972932854899391850005153436590870537", "timestamp": "1769384033984", "hash": "aaed6b1ce869c1790c63587dcdfc3140129fef81", "bids": [{"price": "0.01", "size": "12400.34"}, {"price": "0.02", "size": "5111.73"}, {"price": "0.03", "size": "4005.02"}, {"price": "0.04", "size": "58.36"}, {"price": "0.05", "size": "20"}, {"price": "0.06", "size": "2007.76"}, {"price": "0.08", "size": "25"}, {"price": "0.09", "size": "6.51"}, {"price": "0.11", "size": "100"}, {"price": "0.12", "size": "14.57"}, {"price": "0.16", "size": "12.5"}, {"price": "0.17", "size": "100"}, {"price": "0.2", "size": "900"}, {"price": "0.21", "size": "61.9"}, {"price": "0.22", "size": "50"}, {"price": "0.23", "size": "5.55"}, {"price": "0.32", "size": "394.95"}, {"price": "0.33", "size": "67.69"}, {"price": "0.45", "size": "9.94"}], "asks": [{"price": "0.99", "size": "457.54"}, {"price": "0.98", "size": "111.28"}, {"price": "0.97", "size": "26.5"}, {"price": "0.96", "size": "50"}, {"price": "0.95", "size": "20"}, {"price": "0.94", "size": "12.67"}, {"price": "0.92", "size": "25"}, {"price": "0.91", "size": "8.37"}, {"price": "0.9", "size": "100"}, {"price": "0.88", "size": "9.29"}, {"price": "0.84", "size": "12.5"}, {"price": "0.83", "size": "6.32"}, {"price": "0.75", "size": "75.05"}], "event_type": "book", "last_trade_price": "0.550"}, {"market": "0x7a4f2671314959ddb54db82c2efae64cd75fe433607afc0f7977a1ba92d07b36", "asset_id": "87012140861789287155140479060990335705763352231140800610453897441247863570797", "timestamp": "1769384033984", "hash": "b7f56e2dc6aceb35bfd52d048b67cc9305f63454", "bids": [{"price": "0.01", "size": "457.54"}, {"price": "0.02", "size": "111.28"}, {"price": "0.03", "size": "26.5"}, {"price": "0.04", "size": "50"}, {"price": "0.05", "size": "20"}, {"price": "0.06", "size": "12.67"}, {"price": "0.08", "size": "25"}, {"price": "0.09", "size": "8.37"}, {"price": "0.1", "size": "100"}, {"price": "0.12", "size": "9.29"}, {"price": "0.16", "size": "12.5"}, {"price": "0.17", "size": "6.32"}, {"price": "0.25", "size": "75.05"}], "asks": [{"price": "0.99", "size": "12400.34"}, {"price": "0.98", "size": "5111.73"}, {"price": "0.97", "size": "4005.02"}, {"price": "0.96", "size": "58.36"}, {"price": "0.95", "size": "20"}, {"price": "0.94", "size": "2007.76"}, {"price": "0.92", "size": "25"}, {"price": "0.91", "size": "6.51"}, {"price": "0.89", "size": "100"}, {"price": "0.88", "size": "14.57"}, {"price": "0.84", "size": "12.5"}, {"price": "0.83", "size": "100"}, {"price": "0.8", "size": "900"}, {"price": "0.79", "size": "61.9"}, {"price": "0.78", "size": "50"}, {"price": "0.77", "size": "5.55"}, {"price": "0.68", "size": "394.95"}, {"price": "0.67", "size": "67.69"}, {"price": "0.55", "size": "9.94"}], "event_type": "book", "last_trade_price": "0.550"}]}
{"_local_timestamp": "2026-01-25T23:34:53.165854+00:00", "data": {"market": "0x7a4f2671314959ddb54db82c2efae64cd75fe433607afc0f7977a1ba92d07b36", "price_changes": [{"asset_id": "14280430495551083637979767621318190014166972932854899391850005153436590870537", "price": "0.09", "size": "0", "side": "BUY", "hash": "9763c65248f03a2a06fcd04ced6d2b3f17eb3c0b", "best_bid": "0.45", "best_ask": "0.75"}, {"asset_id": "87012140861789287155140479060990335705763352231140800610453897441247863570797", "price": "0.91", "size": "0", "side": "SELL", "hash": "d0ac7e974ef1ecd8e0e0a2378867380522724a29", "best_bid": "0.25", "best_ask": "0.55"}], "timestamp": "1769384093100", "event_type": "price_change"}}
{"_local_timestamp": "2026-01-25T23:34:53.166709+00:00", "data": {"market": "0x7a4f2671314959ddb54db82c2efae64cd75fe433607afc0f7977a1ba92d07b36", "price_changes": [{"asset_id": "14280430495551083637979767621318190014166972932854899391850005153436590870537", "price": "0.12", "size": "0", "side": "BUY", "hash": "9763c65248f03a2a06fcd04ced6d2b3f17eb3c0b", "best_bid": "0.45", "best_ask": "0.75"}, {"asset_id": "87012140861789287155140479060990335705763352231140800610453897441247863570797", "price": "0.88", "size": "0", "side": "SELL", "hash": "d0ac7e974ef1ecd8e0e0a2378867380522724a29", "best_bid": "0.25", "best_ask": "0.55"}], "timestamp": "1769384093100", "event_type": "price_change"}}
{"_local_timestamp": "2026-01-25T23:34:53.501353+00:00", "data": {"market": "0x7a4f2671314959ddb54db82c2efae64cd75fe433607afc0f7977a1ba92d07b36", "price_changes": [{"asset_id": "14280430495551083637979767621318190014166972932854899391850005153436590870537", "price": "0.13", "size": "12.03", "side": "BUY", "hash": "9e0cc540e609b8ddaa851f953f311fb6f52152fa", "best_bid": "0.45", "best_ask": "0.75"}, {"asset_id": "87012140861789287155140479060990335705763352231140800610453897441247863570797", "price": "0.87", "size": "12.03", "side": "SELL", "hash": "8d54ae322a35aafb6ff7d503f09f263a3b59123b", "best_bid": "0.25", "best_ask": "0.55"}], "timestamp": "1769384093438", "event_type": "price_change"}}
{"_local_timestamp": "2026-01-25T23:34:53.507392+00:00", "data": {"market": "0x7a4f2671314959ddb54db82c2efae64cd75fe433607afc0f7977a1ba92d07b36", "price_changes": [{"asset_id": "14280430495551083637979767621318190014166972932854899391850005153436590870537", "price": "0.09", "size": "8.55", "side": "BUY", "hash": "0d6036d3751acec22e8b3cf701e2a89df9394642", "best_bid": "0.45", "best_ask": "0.75"}, {"asset_id": "87012140861789287155140479060990335705763352231140800610453897441247863570797", "price": "0.91", "size": "8.55", "side": "SELL", "hash": "fe28cb08c879b1cef9adf17a107af6444913012a", "best_bid": "0.25", "best_ask": "0.55"}], "timestamp": "1769384093439", "event_type": "price_change"}}
{"_local_timestamp": "2026-01-25T23:35:23.942238+00:00", "data": {"market": "0x7a4f2671314959ddb54db82c2efae64cd75fe433607afc0f7977a1ba92d07b36", "price_changes": [{"asset_id": "87012140861789287155140479060990335705763352231140800610453897441247863570797", "price": "0.03", "size": "17.4", "side": "BUY", "hash": "4b4211a38ec3a6d2cdc649c44ca4434a5c8449bc", "best_bid": "0.25", "best_ask": "0.55"}, {"asset_id": "14280430495551083637979767621318190014166972932854899391850005153436590870537", "price": "0.97", "size": "17.4", "side": "SELL", "hash": "859423d78d9d81f01b9a39809d311edd4af88aa4", "best_bid": "0.45", "best_ask": "0.75"}], "timestamp": "1769384123696", "event_type": "price_change"}}
{"_local_timestamp": "2026-01-25T23:35:23.943063+00:00", "data": {"market": "0x7a4f2671314959ddb54db82c2efae64cd75fe433607afc0f7977a1ba92d07b36", "price_changes": [{"asset_id": "87012140861789287155140479060990335705763352231140800610453897441247863570797", "price": "0.09", "size": "0", "side": "BUY", "hash": "4b4211a38ec3a6d2cdc649c44ca4434a5c8449bc", "best_bid": "0.25", "best_ask": "0.55"}, {"asset_id": "14280430495551083637979767621318190014166972932854899391850005153436590870537", "price": "0.91", "size": "0", "side": "SELL", "hash": "859423d78d9d81f01b9a39809d311edd4af88aa4", "best_bid": "0.45", "best_ask": "0.75"}], "timestamp": "1769384123696", "event_type": "price_change"}}
{"_local_timestamp": "2026-01-25T23:35:23.943370+00:00", "data": {"market": "0x7a4f2671314959ddb54db82c2efae64cd75fe433607afc0f7977a1ba92d07b36", "price_changes": [{"asset_id": "87012140861789287155140479060990335705763352231140800610453897441247863570797", "price": "0.12", "size": "0", "side": "BUY", "hash": "4b4211a38ec3a6d2cdc649c44ca4434a5c8449bc", "best_bid": "0.25", "best_ask": "0.55"}, {"asset_id": "14280430495551083637979767621318190014166972932854899391850005153436590870537", "price": "0.88", "size": "0", "side": "SELL", "hash": "859423d78d9d81f01b9a39809d311edd4af88aa4", "best_bid": "0.45", "best_ask": "0.75"}], "timestamp": "1769384123696", "event_type": "price_change"}}
{"_local_timestamp": "2026-01-25T23:35:24.427029+00:00", "data": {"market": "0x7a4f2671314959ddb54db82c2efae64cd75fe433607afc0f7977a1ba92d07b36", "price_changes": [{"asset_id": "87012140861789287155140479060990335705763352231140800610453897441247863570797", "price": "0.04", "size": "59.09", "side": "BUY", "hash": "a2c38311a65c548688342405b320f4d4ab7f79d6", "best_bid": "0.25", "best_ask": "0.55"}, {"asset_id": "14280430495551083637979767621318190014166972932854899391850005153436590870537", "price": "0.96", "size": "59.09", "side": "SELL", "hash": "8851be95f63df6f6f3630a33f81bedb523a8cd27", "best_bid": "0.45", "best_ask": "0.75"}], "timestamp": "1769384124081", "event_type": "price_change"}}
{"_local_timestamp": "2026-01-25T23:35:24.435129+00:00", "data": {"market": "0x7a4f2671314959ddb54db82c2efae64cd75fe433607afc0f7977a1ba92d07b36", "price_changes": [{"asset_id": "87012140861789287155140479060990335705763352231140800610453897441247863570797", "price": "0.13", "size": "7.46", "side": "BUY", "hash": "c8fa1f7d8495a024a8e971d2e89fc99ce99fadf5", "best_bid": "0.25", "best_ask": "0.55"}, {"asset_id": "14280430495551083637979767621318190014166972932854899391850005153436590870537", "price": "0.87", "size": "7.46", "side": "SELL", "hash": "3bd0ff261b3926a18fde1c2b92a89f2e8095accd", "best_bid": "0.45", "best_ask": "0.75"}], "timestamp": "1769384124085", "event_type": "price_change"}}
{"_local_timestamp": "2026-01-25T23:35:24.442728+00:00", "data": {"market": "0x7a4f2671314959ddb54db82c2efae64cd75fe433607afc0f7977a1ba92d07b36", "price_changes": [{"asset_id": "87012140861789287155140479060990335705763352231140800610453897441247863570797", "price": "0.1", "size": "108.08", "side": "BUY", "hash": "57bae2be7043714d63101c43fe4654d6e69ec5e9", "best_bid": "0.25", "best_ask": "0.55"}, {"asset_id": "14280430495551083637979767621318190014166972932854899391850005153436590870537", "price": "0.9", "size": "108.08", "side": "SELL", "hash": "764918085d49c0809e3fdb72747bbda8d45d5f15", "best_bid": "0.45", "best_ask": "0.75"}], "timestamp": "1769384124090", "event_type": "price_change"}}
{"_local_timestamp": "2026-01-25T23:35:42.856947+00:00", "data": {"market": "0x7a4f2671314959ddb54db82c2efae64cd75fe433607afc0f7977a1ba92d07b36", "price_changes": [{"asset_id": "87012140861789287155140479060990335705763352231140800610453897441247863570797", "price": "0.04", "size": "50", "side": "BUY", "hash": "f2608d73a8d383cfaa739e9017eed88c5bf6f000", "best_bid": "0.25", "best_ask": "0.55"}, {"asset_id": "14280430495551083637979767621318190014166972932854899391850005153436590870537", "price": "0.96", "size": "50", "side": "SELL", "hash": "0873f242644b46aeeb33e5327fd1925bba88d89b", "best_bid": "0.45", "best_ask": "0.75"}], "timestamp": "1769384142789", "event_type": "price_change"}}
{"_local_timestamp": "2026-01-25T23:35:42.857634+00:00", "data": {"market": "0x7a4f2671314959ddb54db82c2efae64cd75fe433607afc0f7977a1ba92d07b36", "price_changes": [{"asset_id": "87012140861789287155140479060990335705763352231140800610453897441247863570797", "price": "0.1", "size": "100", "side": "BUY", "hash": "f2608d73a8d383cfaa739e9017eed88c5bf6f000", "best_bid": "0.25", "best_ask": "0.55"}, {"asset_id": "14280430495551083637979767621318190014166972932854899391850005153436590870537", "price": "0.9", "size": "100", "side": "SELL", "hash": "0873f242644b46aeeb33e5327fd1925bba88d89b", "best_bid": "0.45", "best_ask": "0.75"}], "timestamp": "1769384142789", "event_type": "price_change"}}
{"_local_timestamp": "2026-01-25T23:35:42.857923+00:00", "data": {"market": "0x7a4f2671314959ddb54db82c2efae64cd75fe433607afc0f7977a1ba92d07b36", "price_changes": [{"asset_id": "87012140861789287155140479060990335705763352231140800610453897441247863570797", "price": "0.13", "size": "0", "side": "BUY", "hash": "f2608d73a8d383cfaa739e9017eed88c5bf6f000", "best_bid": "0.25", "best_ask": "0.55"}, {"asset_id": "14280430495551083637979767621318190014166972932854899391850005153436590870537", "price": "0.87", "size": "0", "side": "SELL", "hash": "0873f242644b46aeeb33e5327fd1925bba88d89b", "best_bid": "0.45", "best_ask": "0.75"}], "timestamp": "1769384142789", "event_type": "price_change"}}
{"_local_timestamp": "2026-01-25T23:35:42.858202+00:00", "data": {"market": "0x7a4f2671314959ddb54db82c2efae64cd75fe433607afc0f7977a1ba92d07b36", "price_changes": [{"asset_id": "14280430495551083637979767621318190014166972932854899391850005153436590870537", "price": "0.09", "size": "0", "side": "BUY", "hash": "666d2b337714632384a53215567e0824937b6b6c", "best_bid": "0.45", "best_ask": "0.75"}, {"asset_id": "87012140861789287155140479060990335705763352231140800610453897441247863570797", "price": "0.91", "size": "0", "side": "SELL", "hash": "32d3da5eeae49d336f056a832c3eb8ad7336e1c7", "best_bid": "0.25", "best_ask": "0.55"}], "timestamp": "1769384142790", "event_type": "price_change"}}
{"_local_timestamp": "2026-01-25T23:35:42.858530+00:00", "data": {"market": "0x7a4f2671314959ddb54db82c2efae64cd75fe433607afc0f7977a1ba92d07b36", "price_changes": [{"asset_id": "14280430495551083637979767621318190014166972932854899391850005153436590870537", "price": "0.13", "size": "0", "side": "BUY", "hash": "666d2b337714632384a53215567e0824937b6b6c", "best_bid": "0.45", "best_ask": "0.75"}, {"asset_id": "87012140861789287155140479060990335705763352231140800610453897441247863570797", "price": "0.87", "size": "0", "side": "SELL", "hash": "32d3da5eeae49d336f056a832c3eb8ad7336e1c7", "best_bid": "0.25", "best_ask": "0.55"}], "timestamp": "1769384142790", "event_type": "price_change"}}
{"_local_timestamp": "2026-01-25T23:35:45.284186+00:00", "data": {"market": "0x7a4f2671314959ddb54db82c2efae64cd75fe433607afc0f7977a1ba92d07b36", "price_changes": [{"asset_id": "14280430495551083637979767621318190014166972932854899391850005153436590870537", "price": "0.07", "size": "5.95", "side": "BUY", "hash": "9a1f4744ea72d7e59ed03b26a3e3918014af2eea", "best_bid": "0.45", "best_ask": "0.75"}, {"asset_id": "87012140861789287155140479060990335705763352231140800610453897441247863570797", "price": "0.93", "size": "5.95", "side": "SELL", "hash": "9b07b71f56e9dfe903badfce7e173b5e8739e032", "best_bid": "0.25", "best_ask": "0.55"}], "timestamp": "1769384145217", "event_type": "price_change"}}
{"_local_timestamp": "2026-01-25T23:35:45.284579+00:00", "data": {"market": "0x7a4f2671314959ddb54db82c2efae64cd75fe433607afc0f7977a1ba92d07b36", "price_changes": [{"asset_id": "14280430495551083637979767621318190014166972932854899391850005153436590870537", "price": "0.03", "size": "4011.26", "side": "BUY", "hash": "e4d52a40bde20a54f9d13bd7af6b1210228c951d", "best_bid": "0.45", "best_ask": "0.75"}, {"asset_id": "87012140861789287155140479060990335705763352231140800610453897441247863570797", "price": "0.97", "size": "4011.26", "side": "SELL", "hash": "af260e2628f983d783374e5486a7971c04927fd1", "best_bid": "0.25", "best_ask": "0.55"}], "timestamp": "1769384145218", "event_type": "price_change"}}
{"_local_timestamp": "2026-01-25T23:35:45.284886+00:00", "data": {"market": "0x7a4f2671314959ddb54db82c2efae64cd75fe433607afc0f7977a1ba92d07b36", "price_changes": [{"asset_id": "14280430495551083637979767621318190014166972932854899391850005153436590870537", "price": "0.05", "size": "25.99", "side": "BUY", "hash": "9b426823c93e4761d6f994f752de10e1b69dc82a", "best_bid": "0.45", "best_ask": "0.75"}, {"asset_id": "87012140861789287155140479060990335705763352231140800610453897441247863570797", "price": "0.95", "size": "25.99", "side": "SELL", "hash": "bcd9e1d68e1a4daa2de10c02ec6e76ccc451ad4c", "best_bid": "0.25", "best_ask": "0.55"}], "timestamp": "1769384145219", "event_type": "price_change"}}
{"_local_timestamp": "2026-01-25T23:35:45.289275+00:00", "data": {"market": "0x7a4f2671314959ddb54db82c2efae64cd75fe433607afc0f7977a1ba92d07b36", "price_changes": [{"asset_id": "14280430495551083637979767621318190014166972932854899391850005153436590870537", "price": "0.14", "size": "6.64", "side": "BUY", "hash": "56ee77ef01e6f37ea43a31a23360aeea84c17e80", "best_bid": "0.45", "best_ask": "0.75"}, {"asset_id": "87012140861789287155140479060990335705763352231140800610453897441247863570797", "price": "0.86", "size": "6.64", "side": "SELL", "hash": "ea69d67bfcc7b7e8558fa2cd599c1a96f875c060", "best_bid": "0.25", "best_ask": "0.55"}], "timestamp": "1769384145220", "event_type": "price_change"}}
{"_local_timestamp": "2026-01-25T23:35:45.289730+00:00", "data": {"market": "0x7a4f2671314959ddb54db82c2efae64cd75fe433607afc0f7977a1ba92d07b36", "price_changes": [{"asset_id": "14280430495551083637979767621318190014166972932854899391850005153436590870537", "price": "0.1", "size": "5", "side": "BUY", "hash": "a1da9ad621db316c461b026fa94566992f3f74c1", "best_bid": "0.45", "best_ask": "0.75"}, {"asset_id": "87012140861789287155140479060990335705763352231140800610453897441247863570797", "price": "0.9", "size": "5", "side": "SELL", "hash": "97cd9c5e72f069a23d09615991c824cbad93d082", "best_bid": "0.25", "best_ask": "0.55"}], "timestamp": "1769384145221", "event_type": "price_change"}}
