{"_local_timestamp": "2026-01-25T23:40:50.654087+00:00", "data": [{"market": "0x25025db13d5868308eb2f1f57beaf7cbea76c4014201800853a4c1aaad3046ee", "asset_id": "15113128431693879081528076048684622701923990563320934711420493231791911133880", "timestamp": "1769384339061", "hash": "0b5a0114eac14403c89d6c405f77b268ff4cfca4", "bids": [{"price": "0.01", "size": "110.65"}, {"price": "0.02", "size": "108"}, {"price": "0.03", "size": "47.98"}], "asks": [{"price": "0.99", "size": "241.51"}, {"price": "0.98", "size": "31.75"}, {"price": "0.96", "size": "12"}, {"price": "0.95", "size": "20"}, {"price": "0.94", "size": "43"}, {"price": "0.93", "size": "5.92"}, {"price": "0.91", "size": "85"}, {"price": "0.89", "size": "18"}, {"price": "0.86", "size": "30"}, {"price": "0.85", "size": "20"}, {"price": "0.28", "size": "20"}], "event_type": "book", "last_trade_price": ""}, {"market": "0x93f28d0ad9d5906fee37296a8a70a57c9e4ed4b3b9aa09029c2d9589ce7ce832", "asset_id": "72776331054793272806940188908180904666024448478022907801009755847830868970904", "timestamp": "1769384353304", "hash": "99b02c42454a8825b284a407a6593c8f1a984282", "bids": [{"price": "0.01", "size": "121.79"}, {"price": "0.02", "size": "22.34"}, {"price": "0.03", "size": "11.13"}, {"price": "0.05", "size": "36.1"}, {"price": "0.06", "size": "43"}, {"price": "0.08", "size": "47"}, {"price": "0.1", "size": "6.7"}, {"price": "0.13", "size": "30"}, {"price": "0.15", "size": "60"}], "asks": [{"price": "0.99", "size": "150.59"}, {"price": "0.98", "size": "95"}, {"price": "0.97", "size": "39.99"}], "event_type": "book", "last_trade_price": ""}, {"market": "0xa3476e8efbbc5557ff9f58978bcf85b7c2bc0c14d2f2c5891f1861a0e95c71c7", "asset_id": "49075166570883369230840079099601560361862864964529664437077360133815011449025", "timestamp": "1769384353303", "hash": "0fe59932bb2f0023ce25ba884f4744f131e1602c", "bids": [{"price": "0.01", "size": "150.58"}, {"price": "0.02", "size": "100"}, {"price": "0.03", "size": "39.99"}], "asks": [{"price": "0.99", "size": "171.68"}, {"price": "0.98", "size": "48.75"}, {"price": "0.95", "size": "30"}, {"price": "0.94", "size": "33"}, {"price": "0.93", "size": "16"}, {"price": "0.92", "size": "9.4"}, {"price": "0.9", "size": "70"}, {"price": "0.88", "size": "118.75"}, {"price": "0.87", "size": "10"}, {"price": "0.86", "size": "20"}], "event_type": "book", "last_trade_price": ""}, {"market": "0xfe76f366b01cffc5f3c2551ca2fafd3626551f8e67c45e90bcb9980fadefb1d9", "asset_id": "91464103984107757678948958563250156809345102931554507444370450055330522832734", "timestamp": "1769384353303", "hash": "7cdd5acdd97422d9549ef1eb5d2589e300ad7f4b", "bids": [{"price": "0.01", "size": "183.81"}, {"price": "0.02", "size": "17.67"}, {"price": "0.03", "size": "10"}, {"price": "0.04", "size": "8.04"}, {"price": "0.05", "size": "30"}, {"price": "0.06", "size": "38.58"}, {"price": "0.07", "size": "24"}, {"price": "0.08", "size": "8.95"}, {"price": "0.1", "size": "70"}, {"price": "0.12", "size": "118.75"}, {"price": "0.13", "size": "20"}], "asks": [{"price": "0.99", "size": "150.58"}, {"price": "0.98", "size": "100"}, {"price": "0.97", "size": "39.99"}], "event_type": "book", "last_trade_price": ""}, {"market": "0xf69b405cb72c495b47f14d4581ec5f4fdc32c7c783c0b05c5d350af99f74fb57", "asset_id": "111483763262460809812427616008076634438113457835729033090496924816271676966924", "timestamp": "1769384353303", "hash": "80772ff58b71624e95f2bda2548bd21083957315", "bids": [{"price": "0.01", "size": "159.98"}, {"price": "0.02", "size": "15.89"}, {"price": "0.03", "size": "18"}, {"price": "0.04", "size": "8.65"}, {"price": "0.05", "size": "30"}, {"price": "0.06", "size": "33"}, {"price": "0.07", "size": "5.74"}, {"price": "0.1", "size": "76.58"}, {"price": "0.13", "size": "10"}, {"price": "0.14", "size": "20"}], "asks": [{"price": "0.99", "size": "150.58"}, {"price": "0.98", "size": "95"}, {"price": "0.97", "size": "39.99"}], "event_type": "book", "last_trade_price": ""}, {"market": "0x25025db13d5868308eb2f1f57beaf7cbea76c4014201800853a4c1aaad3046ee", "asset_id": "69171629149106323292749070292707293928031973221371003911300207535275094378436", "timestamp": "1769384339061", "hash": "0fcbe5eff926da9511d7e06dace5b3de0166a992", "bids": [{"price": "0.01", "size": "241.51"}, {"price": "0.02", "size": "31.75"}, {"price": "0.04", "size": "12"}, {"price": "0.05", "size": "20"}, {"price": "0.06", "size": "43"}, {"price": "0.07", "size": "5.92"}, {"price": "0.09", "size": "85"}, {"price": "0.11", "size": "18"}, {"price": "0.14", "size": "30"}, {"price": "0.15", "size": "20"}, {"price": "0.72", "size": "20"}], "asks": [{"price": "0.99", "size": "110.65"}, {"price": "0.98", "size": "108"}, {"price": "0.97", "size": "47.98"}], "event_type": "book", "last_trade_price": ""}, {"market": "0xb9d3c208d8eb2f3403144092d0e55a4ecf7a6493e33890b35140197a63148d14", "asset_id": "70717802646694382009573815278721437797667570104667888155891561185095387198938", "timestamp": "1769384329509", "hash": "9ffefe89d3d232245944330f32fc6c77b5ff14df", "bids": [{"price": "0.01", "size": "172.06"}, {"price": "0.02", "size": "17.5"}, {"price": "0.03", "size": "10"}, {"price": "0.04", "size": "7.08"}, {"price": "0.05", "size": "30"}, {"price": "0.06", "size": "39.33"}, {"price": "0.08", "size": "17"}, {"price": "0.09", "size": "37.89"}, {"price": "0.1", "size": "40"}, {"price": "0.12", "size": "118.75"}, {"price": "0.13", "size": "20"}], "asks": [{"price": "0.99", "size": "150.58"}, {"price": "0.98", "size": "95"}, {"price": "0.97", "size": "39.99"}], "event_type": "book", "last_trade_price": ""}, {"market": "0xf69b405cb72c495b47f14d4581ec5f4fdc32c7c783c0b05c5d350af99f74fb57", "asset_id": "77871459748036421242663925334747383360075298582158881700736355568100463986230", "timestamp": "1769384353303", "hash": "7b80e1fbb305feba7ead857bd109f8c0aa056f48", "bids": [{"price": "0.01", "size": "150.58"}, {"price": "0.02", "size": "95"}, {"price": "0.03", "size": "39.99"}], "asks": [{"price": "0.99", "size": "159.98"}, {"price": "0.98", "size": "15.89"}, {"price": "0.97", "size": "18"}, {"price": "0.96", "size": "8.65"}, {"price": "0.95", "size": "30"}, {"price": "0.94", "size": "33"}, {"price": "0.93", "size": "5.74"}, {"price": "0.9", "size": "76.58"}, {"price": "0.87", "size": "10"}, {"price": "0.86", "size": "20"}], "event_type": "book", "last_trade_price": ""}, {"market": "0x93f28d0ad9d5906fee37296a8a70a57c9e4ed4b3b9aa09029c2d9589ce7ce832", "asset_id": "100955895305218895610069502472760899905214942330703669753760270178117749789092", "timestamp": "1769384353304", "hash": "d20b7f5487f448afdcf2fb85153fe850ead0c895", "bids": [{"price": "0.01", "size": "150.59"}, {"price": "0.02", "size": "95"}, {"price": "0.03", "size": "39.99"}], "asks": [{"price": "0.99", "size": "121.79"}, {"price": "0.98", "size": "22.34"}, {"price": "0.97", "size": "11.13"}, {"price": "0.95", "size": "36.1"}, {"price": "0.94", "size": "43"}, {"price": "0.92", "size": "47"}, {"price": "0.9", "size": "6.7"}, {"price": "0.87", "size": "30"}, {"price": "0.85", "size": "60"}], "event_type": "book", "last_trade_price": ""}, {"market": "0xe0a32dbfe006ba8c5031351f5243c5cd9a58cf3c37b566cc82a9f7d41f8302c7", "asset_id": "65815064799788774655435771148232734980061574308316816581700167067698511121921", "timestamp": "1769384353303", "hash": "14e3ab21dad78b71565d976f20e0f8e229c246c5", "bids": [{"price": "0.01", "size": "161.97"}, {"price": "0.02", "size": "43.72"}, {"price": "0.05", "size": "30"}, {"price": "0.06", "size": "43"}, {"price": "0.07", "size": "11.71"}, {"price": "0.1", "size": "70"}, {"price": "0.11", "size": "35"}, {"price": "0.12", "size": "118.75"}, {"price": "0.13", "size": "20"}], "asks": [{"price": "0.99", "size": "92.27"}, {"price": "0.98", "size": "100"}, {"price": "0.97", "size": "39.99"}], "event_type": "book", "last_trade_price": ""}, {"market": "0xb9d3c208d8eb2f3403144092d0e55a4ecf7a6493e33890b35140197a63148d14", "asset_id": "63581074489545967013426062325864715209547016020665245565255381968385916667995", "timestamp": "1769384329509", "hash": "614cf812a14315b52d46edcdb27ba674093ffbaa", "bids": [{"price": "0.01", "size": "150.58"}, {"price": "0.02", "size": "95"}, {"price": "0.03", "size": "39.99"}], "asks": [{"price": "0.99", "size": "172.06"}, {"price": "0.98", "size": "17.5"}, {"price": "0.97", "size": "10"}, {"price": "0.96", "size": "7.08"}, {"price": "0.95", "size": "30"}, {"price": "0.94", "size": "39.33"}, {"price": "0.92", "size": "17"}, {"price": "0.91", "size": "37.89"}, {"price": "0.9", "size": "40"}, {"price": "0.88", "size": "118.75"}, {"price": "0.87", "size": "20"}], "event_type": "book", "last_trade_price": ""}, {"market": "0xe0a32dbfe006ba8c5031351f5243c5cd9a58cf3c37b566cc82a9f7d41f8302c7", "asset_id": "4885632818167351187788551933410416061445761831692101146500029904141404303906", "timestamp": "1769384353303", "hash": "51c7c73f55dcaae86545632d36ab40bbc709c5b1", "bids": [{"price": "0.01", "size": "92.27"}, {"price": "0.02", "size": "100"}, {"price": "0.03", "size": "39.99"}], "asks": [{"price": "0.99", "size": "161.97"}, {"price": "0.98", "size": "43.72"}, {"price": "0.95", "size": "30"}, {"price": "0.94", "size": "43"}, {"price": "0.93", "size": "11.71"}, {"price": "0.9", "size": "70"}, {"price": "0.89", "size": "35"}, {"price": "0.88", "size": "118.75"}, {"price": "0.87", "size": "20"}], "event_type": "book", "last_trade_price": ""}, {"market": "0xfe76f366b01cffc5f3c2551ca2fafd3626551f8e67c45e90bcb9980fadefb1d9", "asset_id": "113047842163343397942154658230859519377162790695920966272941515248645143857449", "timestamp": "1769384353303", "hash": "7a0f8db1ddb595dba625faccf82a1ab05b9cf1a0", "bids": [{"price": "0.01", "size": "150.58"}, {"price": "0.02", "size": "100"}, {"price": "0.03", "size": "39.99"}], "asks": [{"price": "0.99", "size": "183.81"}, {"price": "0.98", "size": "17.67"}, {"price": "0.97", "size": "10"}, {"price": "0.96", "size": "8.04"}, {"price": "0.95", "size": "30"}, {"price": "0.94", "size": "38.58"}, {"price": "0.93", "size": "24"}, {"price": "0.92", "size": "8.95"}, {"price": "0.9", "size": "70"}, {"price": "0.88", "size": "118.75"}, {"price": "0.87", "size": "20"}], "event_type": "book", "last_trade_price": ""}, {"market": "0xa3476e8efbbc5557ff9f58978bcf85b7c2bc0c14d2f2c5891f1861a0e95c71c7", "asset_id": "77616069079544766632313130435803131534837904050680582581189964299844607679338", "timestamp": "1769384353303", "hash": "91bfbe46bd46ad1e6b9b23eccb675ed47f001040", "bids": [{"price": "0.01", "size": "171.68"}, {"price": "0.02", "size": "48.75"}, {"price": "0.05", "size": "30"}, {"price": "0.06", "size": "33"}, {"price": "0.07", "size": "16"}, {"price": "0.08", "size": "9.4"}, {"price": "0.1", "size": "70"}, {"price": "0.12", "size": "118.75"}, {"price": "0.13", "size": "10"}, {"price": "0.14", "size": "20"}], "asks": [{"price": "0.99", "size": "150.58"}, {"price": "0.98", "size": "100"}, {"price": "0.97", "size": "39.99"}], "event_type": "book", "last_trade_price": ""}, {"market": "0x225e0fdd1dbcf8d4ed569658e9fcdadc106fe4df8f3eebab6de3179594e69cae", "asset_id": "100614172146851019022930506261540059414109250163382945560610650412918760163014", "timestamp": "1769384321835", "hash": "0272e4dd9848f7c8b619807b1c3ce823ed01b212", "bids": [{"price": "0.001", "size": "14333.94"}, {"price": "0.002", "size": "262.98"}, {"price": "0.003", "size": "66.47"}, {"price": "0.004", "size": "55.22"}, {"price": "0.01", "size": "50"}, {"price": "0.011", "size": "210.77"}, {"price": "0.012", "size": "155.1"}, {"price": "0.013", "size": "39.75"}, {"price": "0.014", "size": "6.17"}, {"price": "0.02", "size": "25"}, {"price": "0.022", "size": "65.44"}], "asks": [{"price": "0.999", "size": "5006.85"}, {"price": "0.998", "size": "457.29"}, {"price": "0.997", "size": "43.36"}, {"price": "0.99", "size": "55"}, {"price": "0.989", "size": "200"}, {"price": "0.988", "size": "43.66"}, {"price": "0.984", "size": "9"}, {"price": "0.95", "size": "30"}, {"price": "0.94", "size": "33"}, {"price": "0.938", "size": "40"}, {"price": "0.936", "size": "30"}, {"price": "0.935", "size": "6.57"}, {"price": "0.893", "size": "5.98"}, {"price": "0.872", "size": "15"}, {"price": "0.87", "size": "59"}, {"price": "0.869", "size": "10"}, {"price": "0.868", "size": "20"}, {"price": "0.08", "size": "20"}], "event_type": "book", "last_trade_price": ""}, {"market": "0x225e0fdd1dbcf8d4ed569658e9fcdadc106fe4df8f3eebab6de3179594e69cae", "asset_id": "45764625730845095130147096446415799271154137683585606059451270337639906719390", "timestamp": "1769384321835", "hash": "2d8cbcab4268e02e21a7307f7327c5611e9bd1fa", "bids": [{"price": "0.001", "size": "5006.85"}, {"price": "0.002", "size": "457.29"}, {"price": "0.003", "size": "43.36"}, {"price": "0.01", "size": "55"}, {"price": "0.011", "size": "200"}, {"price": "0.012", "size": "43.66"}, {"price": "0.016", "size": "9"}, {"price": "0.05", "size": "30"}, {"price": "0.06", "size": "33"}, {"price": "0.062", "size": "40"}, {"price": "0.064", "size": "30"}, {"price": "0.065", "size": "6.57"}, {"price": "0.107", "size": "5.98"}, {"price": "0.128", "size": "15"}, {"price": "0.13", "size": "59"}, {"price": "0.131", "size": "10"}, {"price": "0.132", "size": "20"}, {"price": "0.92", "size": "20"}], "asks": [{"price": "0.999", "size": "14333.94"}, {"price": "0.998", "size": "262.98"}, {"price": "0.997", "size": "66.47"}, {"price": "0.996", "size": "55.22"}, {"price": "0.99", "size": "50"}, {"price": "0.989", "size": "210.77"}, {"price": "0.988", "size": "155.1"}, {"price": "0.987", "size": "39.75"}, {"price": "0.986", "size": "6.17"}, {"price": "0.98", "size": "25"}, {"price": "0.978", "size": "65.44"}], "event_type": "book", "last_trade_price": ""}]}
{"_local_timestamp": "2026-01-25T23:40:52.894386+00:00", "data": {"market": "0xb9d3c208d8eb2f3403144092d0e55a4ecf7a6493e33890b35140197a63148d14", "price_changes": [{"asset_id": "70717802646694382009573815278721437797667570104667888155891561185095387198938", "price": "0.17", "size": "20", "side": "BUY", "hash": "fac5ab3639780c48015335d0727d8692323a51c8", "best_bid": "0.17", "best_ask": "0.97"}, {"asset_id": "63581074489545967013426062325864715209547016020665245565255381968385916667995", "price": "0.83", "size": "20", "side": "SELL", "hash": "8dba3ee48cff315ae2983c3316982ca7a4a8f836", "best_bid": "0.03", "best_ask": "0.83"}], "timestamp": "1769384452828", "event_type": "price_change"}}
{"_local_timestamp": "2026-01-25T23:41:02.924071+00:00", "data": {"market": "0xfe76f366b01cffc5f3c2551ca2fafd3626551f8e67c45e90bcb9980fadefb1d9", "price_changes": [{"asset_id": "91464103984107757678948958563250156809345102931554507444370450055330522832734", "price": "0.17", "size": "20", "side": "BUY", "hash": "4da8ffab82953ffae1d5bfe3471654b0ef6d5b6d", "best_bid": "0.17", "best_ask": "0.97"}, {"asset_id": "113047842163343397942154658230859519377162790695920966272941515248645143857449", "price": "0.83", "size": "20", "side": "SELL", "hash": "27691fecf2fc3e41ddfb9586d77b47ccf2187efd", "best_bid": "0.03", "best_ask": "0.83"}], "timestamp": "1769384462840", "event_type": "price_change"}}
{"_local_timestamp": "2026-01-25T23:41:06.790384+00:00", "data": {"market": "0x225e0fdd1dbcf8d4ed569658e9fcdadc106fe4df8f3eebab6de3179594e69cae", "price_changes": [{"asset_id": "45764625730845095130147096446415799271154137683585606059451270337639906719390", "price": "0.002", "size": "357.29", "side": "BUY", "hash": "5ef217eb1e015c69e0f1b31ff3e0203a9f29abd6", "best_bid": "0.92", "best_ask": "0.978"}, {"asset_id": "100614172146851019022930506261540059414109250163382945560610650412918760163014", "price": "0.998", "size": "357.29", "side": "SELL", "hash": "45ddb4eecb9e0c4ae5330a1bf55fae9b26b92898", "best_bid": "0.022", "best_ask": "0.08"}], "timestamp": "1769384466639", "event_type": "price_change"}}
{"_local_timestamp": "2026-01-25T23:41:06.810089+00:00", "data": {"market": "0x225e0fdd1dbcf8d4ed569658e9fcdadc106fe4df8f3eebab6de3179594e69cae", "price_changes": [{"asset_id": "100614172146851019022930506261540059414109250163382945560610650412918760163014", "price": "0.002", "size": "162.98", "side": "BUY", "hash": "d28900679f6dd689924471ecbaf9b9f66d53463c", "best_bid": "0.022", "best_ask": "0.08"}, {"asset_id": "45764625730845095130147096446415799271154137683585606059451270337639906719390", "price": "0.998", "size": "162.98", "side": "SELL", "hash": "c8b3f9a6e312b5ccab76b9d0c50a267cfadf1cc8", "best_bid": "0.92", "best_ask": "0.978"}], "timestamp": "1769384466647", "event_type": "price_change"}}
{"_local_timestamp": "2026-01-25T23:41:17.992529+00:00", "data": {"market": "0xe0a32dbfe006ba8c5031351f5243c5cd9a58cf3c37b566cc82a9f7d41f8302c7", "price_changes": [{"asset_id": "65815064799788774655435771148232734980061574308316816581700167067698511121921", "price": "0.18", "size": "20", "side": "BUY", "hash": "7232434dc323b1647787e4d10372ec6fa107cc24", "best_bid": "0.18", "best_ask": "0.97"}, {"asset_id": "4885632818167351187788551933410416061445761831692101146500029904141404303906", "price": "0.82", "size": "20", "side": "SELL", "hash": "871fd9a67d4f7b8fd2c29f570f208cfd33f74bbd", "best_bid": "0.03", "best_ask": "0.82"}], "timestamp": "1769384477868", "event_type": "price_change"}}
{"_local_timestamp": "2026-01-25T23:41:22.902426+00:00", "data": {"market": "0xf69b405cb72c495b47f14d4581ec5f4fdc32c7c783c0b05c5d350af99f74fb57", "price_changes": [{"asset_id": "111483763262460809812427616008076634438113457835729033090496924816271676966924", "price": "0.2", "size": "20", "side": "BUY", "hash": "c23cb3cbb6390f3f4f40c109b832b93aeebf3b2f", "best_bid": "0.2", "best_ask": "0.97"}, {"asset_id": "77871459748036421242663925334747383360075298582158881700736355568100463986230", "price": "0.8", "size": "20", "side": "SELL", "hash": "84ce7c55fb6dba3b25511aa3108015b17500d93e", "best_bid": "0.03", "best_ask": "0.8"}], "timestamp": "1769384482830", "event_type": "price_change"}}
{"_local_timestamp": "2026-01-25T23:41:32.960047+00:00", "data": {"market": "0xa3476e8efbbc5557ff9f58978bcf85b7c2bc0c14d2f2c5891f1861a0e95c71c7", "price_changes": [{"asset_id": "77616069079544766632313130435803131534837904050680582581189964299844607679338", "price": "0.2", "size": "20", "side": "BUY", "hash": "b44a880514b558bd324ef4fcc345d90aa2abc2c7", "best_bid": "0.2", "best_ask": "0.97"}, {"asset_id": "49075166570883369230840079099601560361862864964529664437077360133815011449025", "price": "0.8", "size": "20", "side": "SELL", "hash": "c29b42cf5b5d28e6e4d9eb4866b49693ad0457a8", "best_bid": "0.03", "best_ask": "0.8"}], "timestamp": "1769384492859", "event_type": "price_change"}}
{"_local_timestamp": "2026-01-25T23:41:37.903235+00:00", "data": {"market": "0x93f28d0ad9d5906fee37296a8a70a57c9e4ed4b3b9aa09029c2d9589ce7ce832", "price_changes": [{"asset_id": "72776331054793272806940188908180904666024448478022907801009755847830868970904", "price": "0.19", "size": "20", "side": "BUY", "hash": "0987d1829bc987217f9497434ef74d792b226325", "best_bid": "0.19", "best_ask": "0.97"}, {"asset_id": "100955895305218895610069502472760899905214942330703669753760270178117749789092", "price": "0.81", "size": "20", "side": "SELL", "hash": "238272a876fa27f44097487fd7a462fcb1504e2d", "best_bid": "0.03", "best_ask": "0.81"}], "timestamp": "1769384497834", "event_type": "price_change"}}
{"_local_timestamp": "2026-01-25T23:41:49.052427+00:00", "data": {"market": "0xa3476e8efbbc5557ff9f58978bcf85b7c2bc0c14d2f2c5891f1861a0e95c71c7", "price_changes": [{"asset_id": "77616069079544766632313130435803131534837904050680582581189964299844607679338", "price": "0.12", "size": "0", "side": "BUY", "hash": "caf3c3cdf14e50a3248598438b6216674698b086", "best_bid": "0.2", "best_ask": "0.97"}, {"asset_id": "49075166570883369230840079099601560361862864964529664437077360133815011449025", "price": "0.88", "size": "0", "side": "SELL", "hash": "5770cee2f1f0917921c4cb34c9445ed3406bd423", "best_bid": "0.03", "best_ask": "0.8"}], "timestamp": "1769384508969", "event_type": "price_change"}}
{"_local_timestamp": "2026-01-25T23:42:26.772705+00:00", "data": {"market": "0xa3476e8efbbc5557ff9f58978bcf85b7c2bc0c14d2f2c5891f1861a0e95c71c7", "price_changes": [{"asset_id": "77616069079544766632313130435803131534837904050680582581189964299844607679338", "price": "0.02", "size": "28.67", "side": "BUY", "hash": "9650900c015f577bb5f517ab8d133d77602989d6", "best_bid": "0.2", "best_ask": "0.97"}, {"asset_id": "49075166570883369230840079099601560361862864964529664437077360133815011449025", "price": "0.98", "size": "28.67", "side": "SELL", "hash": "52559fcbafc947e3f5cadaa8c3cd620a5036c49d", "best_bid": "0.03", "best_ask": "0.8"}], "timestamp": "1769384546663", "event_type": "price_change"}}
{"_local_timestamp": "2026-01-25T23:42:26.774737+00:00", "data": {"market": "0xa3476e8efbbc5557ff9f58978bcf85b7c2bc0c14d2f2c5891f1861a0e95c71c7", "price_changes": [{"asset_id": "77616069079544766632313130435803131534837904050680582581189964299844607679338", "price": "0.08", "size": "0", "side": "BUY", "hash": "9650900c015f577bb5f517ab8d133d77602989d6", "best_bid": "0.2", "best_ask": "0.97"}, {"asset_id": "49075166570883369230840079099601560361862864964529664437077360133815011449025", "price": "0.92", "size": "0", "side": "SELL", "hash": "52559fcbafc947e3f5cadaa8c3cd620a5036c49d", "best_bid": "0.03", "best_ask": "0.8"}], "timestamp": "1769384546663", "event_type": "price_change"}}
{"_local_timestamp": "2026-01-25T23:42:26.775069+00:00", "data": {"market": "0x225e0fdd1dbcf8d4ed569658e9fcdadc106fe4df8f3eebab6de3179594e69cae", "price_changes": [{"asset_id": "45764625730845095130147096446415799271154137683585606059451270337639906719390", "price": "0.016", "size": "0", "side": "BUY", "hash": "4938a57d171655b7dab0748009d88b3a4f14a82c", "best_bid": "0.92", "best_ask": "0.978"}, {"asset_id": "100614172146851019022930506261540059414109250163382945560610650412918760163014", "price": "0.984", "size": "0", "side": "SELL", "hash": "a8a3dca57273b2efa00d07fde05ac1d20e4cfc88", "best_bid": "0.022", "best_ask": "0.08"}], "timestamp": "1769384546662", "event_type": "price_change"}}
{"_local_timestamp": "2026-01-25T23:42:26.775348+00:00", "data": {"market": "0x225e0fdd1dbcf8d4ed569658e9fcdadc106fe4df8f3eebab6de3179594e69cae", "price_changes": [{"asset_id": "45764625730845095130147096446415799271154137683585606059451270337639906719390", "price": "0.107", "size": "0", "side": "BUY", "hash": "4938a57d171655b7dab0748009d88b3a4f14a82c", "best_bid": "0.92", "best_ask": "0.978"}, {"asset_id": "100614172146851019022930506261540059414109250163382945560610650412918760163014", "price": "0.893", "size": "0", "side": "SELL", "hash": "a8a3dca57273b2efa00d07fde05ac1d20e4cfc88", "best_bid": "0.022", "best_ask": "0.08"}], "timestamp": "1769384546662", "event_type": "price_change"}}
{"_local_timestamp": "2026-01-25T23:42:28.459293+00:00", "data": {"market": "0xa3476e8efbbc5557ff9f58978bcf85b7c2bc0c14d2f2c5891f1861a0e95c71c7", "price_changes": [{"asset_id": "77616069079544766632313130435803131534837904050680582581189964299844607679338", "price": "0.07", "size": "22.13", "side": "BUY", "hash": "8e1dcabd31d5dab775e58a48a1f40aceb365640a", "best_bid": "0.2", "best_ask": "0.97"}, {"asset_id": "49075166570883369230840079099601560361862864964529664437077360133815011449025", "price": "0.93", "size": "22.13", "side": "SELL", "hash": "dc5093c990a25305d766dd148bee6d6c1b98b03e", "best_bid": "0.03", "best_ask": "0.8"}], "timestamp": "1769384548368", "event_type": "price_change"}}
{"_local_timestamp": "2026-01-25T23:42:28.459688+00:00", "data": {"market": "0x225e0fdd1dbcf8d4ed569658e9fcdadc106fe4df8f3eebab6de3179594e69cae", "price_changes": [{"asset_id": "45764625730845095130147096446415799271154137683585606059451270337639906719390", "price": "0.065", "size": "16.41", "side": "BUY", "hash": "289470a8c654b570860c2406bb6f65914abe3529", "best_bid": "0.92", "best_ask": "0.978"}, {"asset_id": "100614172146851019022930506261540059414109250163382945560610650412918760163014", "price": "0.935", "size": "16.41", "side": "SELL", "hash": "dcba6faf0926f80302e9f771c5063fb944818735", "best_bid": "0.022", "best_ask": "0.08"}], "timestamp": "1769384548368", "event_type": "price_change"}}
{"_local_timestamp": "2026-01-25T23:42:28.459998+00:00", "data": {"market": "0x225e0fdd1dbcf8d4ed569658e9fcdadc106fe4df8f3eebab6de3179594e69cae", "price_changes": [{"asset_id": "45764625730845095130147096446415799271154137683585606059451270337639906719390", "price": "0.012", "size": "55.66", "side": "BUY", "hash": "aa34c5586a0c47d2346512b486d70f1ae522bfad", "best_bid": "0.92", "best_ask": "0.978"}, {"asset_id": "100614172146851019022930506261540059414109250163382945560610650412918760163014", "price": "0.988", "size": "55.66", "side": "SELL", "hash": "fbc2732dc5c74270adde5e57d31553b980a6a218", "best_bid": "0.022", "best_ask": "0.08"}], "timestamp": "1769384548369", "event_type": "price_change"}}
{"_local_timestamp": "2026-01-25T23:42:28.460290+00:00", "data": {"market": "0xa3476e8efbbc5557ff9f58978bcf85b7c2bc0c14d2f2c5891f1861a0e95c71c7", "price_changes": [{"asset_id": "77616069079544766632313130435803131534837904050680582581189964299844607679338", "price": "0.11", "size": "6.59", "side": "BUY", "hash": "f4d69aa976fd7a35bd25c4093a9fe4f6671d35ba", "best_bid": "0.2", "best_ask": "0.97"}, {"asset_id": "49075166570883369230840079099601560361862864964529664437077360133815011449025", "price": "0.89", "size": "6.59", "side": "SELL", "hash": "2989640922cff188edf080703c3b3c6fe1284c00", "best_bid": "0.03", "best_ask": "0.8"}], "timestamp": "1769384548369", "event_type": "price_change"}}
{"_local_timestamp": "2026-01-25T23:42:28.601789+00:00", "data": {"market": "0xf69b405cb72c495b47f14d4581ec5f4fdc32c7c783c0b05c5d350af99f74fb57", "price_changes": [{"asset_id": "111483763262460809812427616008076634438113457835729033090496924816271676966924", "price": "0.1", "size": "70", "side": "BUY", "hash": "8b841156e44ab57d6768c93d56c97db46eea7980", "best_bid": "0.2", "best_ask": "0.97"}, {"asset_id": "77871459748036421242663925334747383360075298582158881700736355568100463986230", "price": "0.9", "size": "70", "side": "SELL", "hash": "a024bb61a2e68289457e24f87272f88537301065", "best_bid": "0.03", "best_ask": "0.8"}], "timestamp": "1769384548503", "event_type": "price_change"}}
{"_local_timestamp": "2026-01-25T23:42:28.602166+00:00", "data": {"market": "0x93f28d0ad9d5906fee37296a8a70a57c9e4ed4b3b9aa09029c2d9589ce7ce832", "price_changes": [{"asset_id": "72776331054793272806940188908180904666024448478022907801009755847830868970904", "price": "0.03", "size": "0", "side": "BUY", "hash": "6176d6c31c2fd5731a739f539ed439e0a53742b1", "best_bid": "0.19", "best_ask": "0.97"}, {"asset_id": "100955895305218895610069502472760899905214942330703669753760270178117749789092", "price": "0.97", "size": "0", "side": "SELL", "hash": "76ef2ce8e365194123ebd3b5cec3d69f39d1aff9", "best_bid": "0.03", "best_ask": "0.81"}], "timestamp": "1769384548503", "event_type": "price_change"}}
{"_local_timestamp": "2026-01-25T23:42:28.602462+00:00", "data": {"market": "0x93f28d0ad9d5906fee37296a8a70a57c9e4ed4b3b9aa09029c2d9589ce7ce832", "price_changes": [{"asset_id": "72776331054793272806940188908180904666024448478022907801009755847830868970904", "price": "0.05", "size": "30", "side": "BUY", "hash": "6176d6c31c2fd5731a739f539ed439e0a53742b1", "best_bid": "0.19", "best_ask": "0.97"}, {"asset_id": "100955895305218895610069502472760899905214942330703669753760270178117749789092", "price": "0.95", "size": "30", "side": "SELL", "hash": "76ef2ce8e365194123ebd3b5cec3d69f39d1aff9", "best_bid": "0.03", "best_ask": "0.81"}], "timestamp": "1769384548503", "event_type": "price_change"}}
{"_local_timestamp": "2026-01-25T23:42:28.602772+00:00", "data": {"market": "0x93f28d0ad9d5906fee37296a8a70a57c9e4ed4b3b9aa09029c2d9589ce7ce832", "price_changes": [{"asset_id": "72776331054793272806940188908180904666024448478022907801009755847830868970904", "price": "0.1", "size": "0", "side": "BUY", "hash": "6176d6c31c2fd5731a739f539ed439e0a53742b1", "best_bid": "0.19", "best_ask": "0.97"}, {"asset_id": "100955895305218895610069502472760899905214942330703669753760270178117749789092", "price": "0.9", "size": "0", "side": "SELL", "hash": "76ef2ce8e365194123ebd3b5cec3d69f39d1aff9", "best_bid": "0.03", "best_ask": "0.81"}], "timestamp": "1769384548503", "event_type": "price_change"}}
{"_local_timestamp": "2026-01-25T23:42:29.059467+00:00", "data": {"market": "0xb9d3c208d8eb2f3403144092d0e55a4ecf7a6493e33890b35140197a63148d14", "price_changes": [{"asset_id": "70717802646694382009573815278721437797667570104667888155891561185095387198938", "price": "0.06", "size": "33", "side": "BUY", "hash": "7c67765a853edea00987093737f191ad315061bc", "best_bid": "0.17", "best_ask": "0.97"}, {"asset_id": "63581074489545967013426062325864715209547016020665245565255381968385916667995", "price": "0.94", "size": "33", "side": "SELL", "hash": "4b06edb659b9a301e13d293b876df499e25cb248", "best_bid": "0.03", "best_ask": "0.83"}], "timestamp": "1769384548948", "event_type": "price_change"}}
{"_local_timestamp": "2026-01-25T23:42:29.059889+00:00", "data": {"market": "0xfe76f366b01cffc5f3c2551ca2fafd3626551f8e67c45e90bcb9980fadefb1d9", "price_changes": [{"asset_id": "91464103984107757678948958563250156809345102931554507444370450055330522832734", "price": "0.06", "size": "33", "side": "BUY", "hash": "d53c03d7a9848fd8bf27dab9bf19b4dbce4352c5", "best_bid": "0.17", "best_ask": "0.97"}, {"asset_id": "113047842163343397942154658230859519377162790695920966272941515248645143857449", "price": "0.94", "size": "33", "side": "SELL", "hash": "5efaddce49b5b107c7b014977762dabe9fced6f3", "best_bid": "0.03", "best_ask": "0.83"}], "timestamp": "1769384548947", "event_type": "price_change"}}
{"_local_timestamp": "2026-01-25T23:42:29.060227+00:00", "data": {"market": "0xb9d3c208d8eb2f3403144092d0e55a4ecf7a6493e33890b35140197a63148d14", "price_changes": [{"asset_id": "70717802646694382009573815278721437797667570104667888155891561185095387198938", "price": "0.09", "size": "30", "side": "BUY", "hash": "7c67765a853edea00987093737f191ad315061bc", "best_bid": "0.17", "best_ask": "0.97"}, {"asset_id": "63581074489545967013426062325864715209547016020665245565255381968385916667995", "price": "0.91", "size": "30", "side": "SELL", "hash": "4b06edb659b9a301e13d293b876df499e25cb248", "best_bid": "0.03", "best_ask": "0.83"}], "timestamp": "1769384548948", "event_type": "price_change"}}
{"_local_timestamp": "2026-01-25T23:42:29.060563+00:00", "data": {"market": "0xfe76f366b01cffc5f3c2551ca2fafd3626551f8e67c45e90bcb9980fadefb1d9", "price_changes": [{"asset_id": "91464103984107757678948958563250156809345102931554507444370450055330522832734", "price": "0.08", "size": "0", "side": "BUY", "hash": "d53c03d7a9848fd8bf27dab9bf19b4dbce4352c5", "best_bid": "0.17", "best_ask": "0.97"}, {"asset_id": "113047842163343397942154658230859519377162790695920966272941515248645143857449", "price": "0.92", "size": "0", "side": "SELL", "hash": "5efaddce49b5b107c7b014977762dabe9fced6f3", "best_bid": "0.03", "best_ask": "0.83"}], "timestamp": "1769384548947", "event_type": "price_change"}}
{"_local_timestamp": "2026-01-25T23:42:29.060882+00:00", "data": {"market": "0xe0a32dbfe006ba8c5031351f5243c5cd9a58cf3c37b566cc82a9f7d41f8302c7", "price_changes": [{"asset_id": "65815064799788774655435771148232734980061574308316816581700167067698511121921", "price": "0.01", "size": "154.31", "side": "BUY", "hash": "65ff320e3e3510e5c1852c5be5acf666c9077a07", "best_bid": "0.18", "best_ask": "0.97"}, {"asset_id": "4885632818167351187788551933410416061445761831692101146500029904141404303906", "price": "0.99", "size": "154.31", "side": "SELL", "hash": "1b7b753ab6a23e7433e689b48c70521ca800208d", "best_bid": "0.03", "best_ask": "0.82"}], "timestamp": "1769384548948", "event_type": "price_change"}}
{"_local_timestamp": "2026-01-25T23:42:29.061206+00:00", "data": {"market": "0xe0a32dbfe006ba8c5031351f5243c5cd9a58cf3c37b566cc82a9f7d41f8302c7", "price_changes": [{"asset_id": "65815064799788774655435771148232734980061574308316816581700167067698511121921", "price": "0.02", "size": "29", "side": "BUY", "hash": "65ff320e3e3510e5c1852c5be5acf666c9077a07", "best_bid": "0.18", "best_ask": "0.97"}, {"asset_id": "4885632818167351187788551933410416061445761831692101146500029904141404303906", "price": "0.98", "size": "29", "side": "SELL", "hash": "1b7b753ab6a23e7433e689b48c70521ca800208d", "best_bid": "0.03", "best_ask": "0.82"}], "timestamp": "1769384548948", "event_type": "price_change"}}
{"_local_timestamp": "2026-01-25T23:42:29.061570+00:00", "data": {"market": "0xe0a32dbfe006ba8c5031351f5243c5cd9a58cf3c37b566cc82a9f7d41f8302c7", "price_changes": [{"asset_id": "65815064799788774655435771148232734980061574308316816581700167067698511121921", "price": "0.07", "size": "0", "side": "BUY", "hash": "65ff320e3e3510e5c1852c5be5acf666c9077a07", "best_bid": "0.18", "best_ask": "0.97"}, {"asset_id": "4885632818167351187788551933410416061445761831692101146500029904141404303906", "price": "0.93", "size": "0", "side": "SELL", "hash": "1b7b753ab6a23e7433e689b48c70521ca800208d", "best_bid": "0.03", "best_ask": "0.82"}], "timestamp": "1769384548948", "event_type": "price_change"}}
{"_local_timestamp": "2026-01-25T23:42:29.204810+00:00", "data": {"market": "0x25025db13d5868308eb2f1f57beaf7cbea76c4014201800853a4c1aaad3046ee", "price_changes": [{"asset_id": "69171629149106323292749070292707293928031973221371003911300207535275094378436", "price": "0.12", "size": "5.83", "side": "BUY", "hash": "9d070908329cd5042f6441002a4afa74a2a79a30", "best_bid": "0.72", "best_ask": "0.97"}, {"asset_id": "15113128431693879081528076048684622701923990563320934711420493231791911133880", "price": "0.88", "size": "5.83", "side": "SELL", "hash": "d878c97b815859a43fc42563c13fd1c451132fa3", "best_bid": "0.03", "best_ask": "0.28"}], "timestamp": "1769384549103", "event_type": "price_change"}}
{"_local_timestamp": "2026-01-25T23:42:29.674742+00:00", "data": {"market": "0xf69b405cb72c495b47f14d4581ec5f4fdc32c7c783c0b05c5d350af99f74fb57", "price_changes": [{"asset_id": "111483763262460809812427616008076634438113457835729033090496924816271676966924", "price": "0.11", "size": "5.99", "side": "BUY", "hash": "8d92581e10be7fe886349943cf611513dd2c5b08", "best_bid": "0.2", "best_ask": "0.97"}, {"asset_id": "77871459748036421242663925334747383360075298582158881700736355568100463986230", "price": "0.89", "size": "5.99", "side": "SELL", "hash": "b32a177b9cb0f67da9cf49e6bd7da3845882ff24", "best_bid": "0.03", "best_ask": "0.8"}], "timestamp": "1769384549584", "event_type": "price_change"}}
{"_local_timestamp": "2026-01-25T23:42:29.675247+00:00", "data": {"market": "0x93f28d0ad9d5906fee37296a8a70a57c9e4ed4b3b9aa09029c2d9589ce7ce832", "price_changes": [{"asset_id": "72776331054793272806940188908180904666024448478022907801009755847830868970904", "price": "0.11", "size": "5.51", "side": "BUY", "hash": "07197b171df8f9b8d73ff2d6c7fa1f535c0b6e93", "best_bid": "0.19", "best_ask": "0.97"}, {"asset_id": "100955895305218895610069502472760899905214942330703669753760270178117749789092", "price": "0.89", "size": "5.51", "side": "SELL", "hash": "9ab282316c2ec40ecfb381e1b16c92751fedb1da", "best_bid": "0.03", "best_ask": "0.81"}], "timestamp": "1769384549584", "event_type": "price_change"}}
{"_local_timestamp": "2026-01-25T23:42:29.676133+00:00", "data": {"market": "0x93f28d0ad9d5906fee37296a8a70a57c9e4ed4b3b9aa09029c2d9589ce7ce832", "price_changes": [{"asset_id": "72776331054793272806940188908180904666024448478022907801009755847830868970904", "price": "0.07", "size": "5.65", "side": "BUY", "hash": "15c49cfad8d9cd0f9a4c271692cda9bb971f597f", "best_bid": "0.19", "best_ask": "0.97"}, {"asset_id": "100955895305218895610069502472760899905214942330703669753760270178117749789092", "price": "0.93", "size": "5.65", "side": "SELL", "hash": "2c80fd010ae95912b5f340f8a91b5cb04d9cfcc8", "best_bid": "0.03", "best_ask": "0.81"}], "timestamp": "1769384549585", "event_type": "price_change"}}
{"_local_timestamp": "2026-01-25T23:42:29.676488+00:00", "data": {"market": "0x93f28d0ad9d5906fee37296a8a70a57c9e4ed4b3b9aa09029c2d9589ce7ce832", "price_changes": [{"asset_id": "72776331054793272806940188908180904666024448478022907801009755847830868970904", "price": "0.04", "size": "7.69", "side": "BUY", "hash": "d9708915df94787fd8d077750483cb241783d172", "best_bid": "0.19", "best_ask": "0.97"}, {"asset_id": "100955895305218895610069502472760899905214942330703669753760270178117749789092", "price": "0.96", "size": "7.69", "side": "SELL", "hash": "afbd3d94429ab328482a426685d6b22fe7dbe740", "best_bid": "0.03", "best_ask": "0.81"}], "timestamp": "1769384549586", "event_type": "price_change"}}
{"_local_timestamp": "2026-01-25T23:42:32.427992+00:00", "data": {"market": "0xe0a32dbfe006ba8c5031351f5243c5cd9a58cf3c37b566cc82a9f7d41f8302c7", "price_changes": [{"asset_id": "65815064799788774655435771148232734980061574308316816581700167067698511121921", "price": "0.07", "size": "6.54", "side": "BUY", "hash": "9cfc25902a6970d0ff1ea667fbb886b103bc0ca4", "best_bid": "0.18", "best_ask": "0.97"}, {"asset_id": "4885632818167351187788551933410416061445761831692101146500029904141404303906", "price": "0.93", "size": "6.54", "side": "SELL", "hash": "04f26f75c6862cdf624af97e2d7140653397d88a", "best_bid": "0.03", "best_ask": "0.82"}], "timestamp": "1769384552306", "event_type": "price_change"}}
{"_local_timestamp": "2026-01-25T23:42:32.428558+00:00", "data": {"market": "0xfe76f366b01cffc5f3c2551ca2fafd3626551f8e67c45e90bcb9980fadefb1d9", "price_changes": [{"asset_id": "91464103984107757678948958563250156809345102931554507444370450055330522832734", "price": "0.07", "size": "37.36", "side": "BUY", "hash": "ab538aca65e0697448b34403496382ef2a710f72", "best_bid": "0.17", "best_ask": "0.97"}, {"asset_id": "113047842163343397942154658230859519377162790695920966272941515248645143857449", "price": "0.93", "size": "37.36", "side": "SELL", "hash": "fb82e007d405ca4314feb3d3b1296c217d8adcde", "best_bid": "0.03", "best_ask": "0.83"}], "timestamp": "1769384552306", "event_type": "price_change"}}
{"_local_timestamp": "2026-01-25T23:42:32.428997+00:00", "data": {"market": "0xb9d3c208d8eb2f3403144092d0e55a4ecf7a6493e33890b35140197a63148d14", "price_changes": [{"asset_id": "70717802646694382009573815278721437797667570104667888155891561185095387198938", "price": "0.11", "size": "5.4", "side": "BUY", "hash": "4cd6ff9efbe6a404686208e553fff77c4c048856", "best_bid": "0.17", "best_ask": "0.97"}, {"asset_id": "63581074489545967013426062325864715209547016020665245565255381968385916667995", "price": "0.89", "size": "5.4", "side": "SELL", "hash": "289b984f85efb6c2ef16d9fede9adfdb08460033", "best_bid": "0.03", "best_ask": "0.83"}], "timestamp": "1769384552306", "event_type": "price_change"}}
{"_local_timestamp": "2026-01-25T23:42:32.430101+00:00", "data": {"market": "0xe0a32dbfe006ba8c5031351f5243c5cd9a58cf3c37b566cc82a9f7d41f8302c7", "price_changes": [{"asset_id": "65815064799788774655435771148232734980061574308316816581700167067698511121921", "price": "0.02", "size": "34.27", "side": "BUY", "hash": "acbeb7013cb9678294ff26706f1a09032d10d1e2", "best_bid": "0.18", "best_ask": "0.97"}, {"asset_id": "4885632818167351187788551933410416061445761831692101146500029904141404303906", "price": "0.98", "size": "34.27", "side": "SELL", "hash": "49ba974f259215673fe3aed8e366fac1d9d2fbe5", "best_bid": "0.03", "best_ask": "0.82"}], "timestamp": "1769384552307", "event_type": "price_change"}}
{"_local_timestamp": "2026-01-25T23:42:32.430524+00:00", "data": {"market": "0xb9d3c208d8eb2f3403144092d0e55a4ecf7a6493e33890b35140197a63148d14", "price_changes": [{"asset_id": "70717802646694382009573815278721437797667570104667888155891561185095387198938", "price": "0.07", "size": "7.08", "side": "BUY", "hash": "0c4c6717ac4b96973cd6bdc13965c3904ef50dd1", "best_bid": "0.17", "best_ask": "0.97"}, {"asset_id": "63581074489545967013426062325864715209547016020665245565255381968385916667995", "price": "0.93", "size": "7.08", "side": "SELL", "hash": "032175720dcbbd5c558e057925805278495e90f3", "best_bid": "0.03", "best_ask": "0.83"}], "timestamp": "1769384552307", "event_type": "price_change"}}
{"_local_timestamp": "2026-01-25T23:42:32.431883+00:00", "data": {"market": "0xfe76f366b01cffc5f3c2551ca2fafd3626551f8e67c45e90bcb9980fadefb1d9", "price_changes": [{"asset_id": "91464103984107757678948958563250156809345102931554507444370450055330522832734", "price": "0.02", "size": "23.47", "side": "BUY", "hash": "a52ddc0df7177c5046ae939a0160e8f0bce6dbcc", "best_bid": "0.17", "best_ask": "0.97"}, {"asset_id": "113047842163343397942154658230859519377162790695920966272941515248645143857449", "price": "0.98", "size": "23.47", "side": "SELL", "hash": "8a676c75bb65b1f3f4a040dc5968e60038741ae7", "best_bid": "0.03", "best_ask": "0.83"}], "timestamp": "1769384552307", "event_type": "price_change"}}
{"_local_timestamp": "2026-01-25T23:42:32.433557+00:00", "data": {"market": "0xe0a32dbfe006ba8c5031351f5243c5cd9a58cf3c37b566cc82a9f7d41f8302c7", "price_changes": [{"asset_id": "65815064799788774655435771148232734980061574308316816581700167067698511121921", "price": "0.11", "size": "40.7", "side": "BUY", "hash": "765d5ea9ac43f7a2b9c8bdd8384ececc8e9f7230", "best_bid": "0.18", "best_ask": "0.97"}, {"asset_id": "4885632818167351187788551933410416061445761831692101146500029904141404303906", "price": "0.89", "size": "40.7", "side": "SELL", "hash": "8c18e2957b82ea4f1312eb85bf1853ebd208019a", "best_bid": "0.03", "best_ask": "0.82"}], "timestamp": "1769384552308", "event_type": "price_change"}}
{"_local_timestamp": "2026-01-25T23:43:00.186203+00:00", "data": {"market": "0xa3476e8efbbc5557ff9f58978bcf85b7c2bc0c14d2f2c5891f1861a0e95c71c7", "price_changes": [{"asset_id": "49075166570883369230840079099601560361862864964529664437077360133815011449025", "price": "0.02", "size": "125", "side": "BUY", "hash": "eab581d97b1b3588272e5fe3f4328543341f293a", "best_bid": "0.03", "best_ask": "0.8"}, {"asset_id": "77616069079544766632313130435803131534837904050680582581189964299844607679338", "price": "0.98", "size": "125", "side": "SELL", "hash": "c57b0ca42d44b2fe61075b33b08222fc0ba06fe6", "best_bid": "0.2", "best_ask": "0.97"}], "timestamp": "1769384580070", "event_type": "price_change"}}
{"_local_timestamp": "2026-01-25T23:43:01.204403+00:00", "data": {"market": "0xf69b405cb72c495b47f14d4581ec5f4fdc32c7c783c0b05c5d350af99f74fb57", "price_changes": [{"asset_id": "77871459748036421242663925334747383360075298582158881700736355568100463986230", "price": "0.02", "size": "120", "side": "BUY", "hash": "6961a36476de5383a73be42597d27c7de1a9ba1a", "best_bid": "0.03", "best_ask": "0.8"}, {"asset_id": "111483763262460809812427616008076634438113457835729033090496924816271676966924", "price": "0.98", "size": "120", "side": "SELL", "hash": "bdc6669ccad484bea5a0c2bbad3c0f42e4b49bf6", "best_bid": "0.2", "best_ask": "0.97"}], "timestamp": "1769384581082", "event_type": "price_change"}}
{"_local_timestamp": "2026-01-25T23:43:01.206137+00:00", "data": {"market": "0xfe76f366b01cffc5f3c2551ca2fafd3626551f8e67c45e90bcb9980fadefb1d9", "price_changes": [{"asset_id": "113047842163343397942154658230859519377162790695920966272941515248645143857449", "price": "0.02", "size": "125", "side": "BUY", "hash": "956ca28ab5081aa2ed389e0c0ad96a601ee6e5d3", "best_bid": "0.03", "best_ask": "0.83"}, {"asset_id": "91464103984107757678948958563250156809345102931554507444370450055330522832734", "price": "0.98", "size": "125", "side": "SELL", "hash": "443ebb4cdaa5031c8c974fcc98de1cc27ec87d29", "best_bid": "0.17", "best_ask": "0.97"}], "timestamp": "1769384581082", "event_type": "price_change"}}
{"_local_timestamp": "2026-01-25T23:43:01.206494+00:00", "data": {"market": "0x93f28d0ad9d5906fee37296a8a70a57c9e4ed4b3b9aa09029c2d9589ce7ce832", "price_changes": [{"asset_id": "100955895305218895610069502472760899905214942330703669753760270178117749789092", "price": "0.02", "size": "119.99", "side": "BUY", "hash": "934aaef21987d4e01d6741d1514c2047011b29c2", "best_bid": "0.03", "best_ask": "0.81"}, {"asset_id": "72776331054793272806940188908180904666024448478022907801009755847830868970904", "price": "0.98", "size": "119.99", "side": "SELL", "hash": "e5301a9b887975e5a41eba7a1601fcff894425a4", "best_bid": "0.19", "best_ask": "0.97"}], "timestamp": "1769384581082", "event_type": "price_change"}}
{"_local_timestamp": "2026-01-25T23:43:01.338734+00:00", "data": {"market": "0x93f28d0ad9d5906fee37296a8a70a57c9e4ed4b3b9aa09029c2d9589ce7ce832", "price_changes": [{"asset_id": "72776331054793272806940188908180904666024448478022907801009755847830868970904", "price": "0.15", "size": "20", "side": "BUY", "hash": "10a745e8f24e4024ff42e7101e251dd5f48fa3c4", "best_bid": "0.19", "best_ask": "0.97"}, {"asset_id": "100955895305218895610069502472760899905214942330703669753760270178117749789092", "price": "0.85", "size": "20", "side": "SELL", "hash": "dc61f74d0ef52aac5fe5cebf6b4e9f2df9a53c32", "best_bid": "0.03", "best_ask": "0.81"}], "timestamp": "1769384581213", "event_type": "price_change"}}
{"_local_timestamp": "2026-01-25T23:43:01.548641+00:00", "data": {"market": "0x93f28d0ad9d5906fee37296a8a70a57c9e4ed4b3b9aa09029c2d9589ce7ce832", "price_changes": [{"asset_id": "72776331054793272806940188908180904666024448478022907801009755847830868970904", "price": "0.14", "size": "40", "side": "BUY", "hash": "07aad86a092b16626e6cd46e5fc22056b1480e40", "best_bid": "0.19", "best_ask": "0.97"}, {"asset_id": "100955895305218895610069502472760899905214942330703669753760270178117749789092", "price": "0.86", "size": "40", "side": "SELL", "hash": "f748deba9512eb375c6ddf0348477963303385ba", "best_bid": "0.03", "best_ask": "0.81"}], "timestamp": "1769384581445", "event_type": "price_change"}}
{"_local_timestamp": "2026-01-25T23:43:02.624443+00:00", "data": {"market": "0x93f28d0ad9d5906fee37296a8a70a57c9e4ed4b3b9aa09029c2d9589ce7ce832", "price_changes": [{"asset_id": "72776331054793272806940188908180904666024448478022907801009755847830868970904", "price": "0.15", "size": "0", "side": "BUY", "hash": "cd193bb9c43e1cbf0dd80de4221781203fd2d0b6", "best_bid": "0.19", "best_ask": "0.97"}, {"asset_id": "100955895305218895610069502472760899905214942330703669753760270178117749789092", "price": "0.85", "size": "0", "side": "SELL", "hash": "d491c50b7eebc85fbea0b962bbc935b017dbff0b", "best_bid": "0.03", "best_ask": "0.81"}], "timestamp": "1769384582525", "event_type": "price_change"}}
{"_local_timestamp": "2026-01-25T23:43:02.650212+00:00", "data": {"market": "0x93f28d0ad9d5906fee37296a8a70a57c9e4ed4b3b9aa09029c2d9589ce7ce832", "price_changes": [{"asset_id": "72776331054793272806940188908180904666024448478022907801009755847830868970904", "price": "0.14", "size": "60", "side": "BUY", "hash": "7204e2f5ccc65c5cfdde9c7ed116694cf4debaee", "best_bid": "0.19", "best_ask": "0.97"}, {"asset_id": "100955895305218895610069502472760899905214942330703669753760270178117749789092", "price": "0.86", "size": "60", "side": "SELL", "hash": "3c095d56033b7c700045428079d0b7c872e8ba56", "best_bid": "0.03", "best_ask": "0.81"}], "timestamp": "1769384582551", "event_type": "price_change"}}
{"_local_timestamp": "2026-01-25T23:43:02.770330+00:00", "data": {"market": "0xe0a32dbfe006ba8c5031351f5243c5cd9a58cf3c37b566cc82a9f7d41f8302c7", "price_changes": [{"asset_id": "4885632818167351187788551933410416061445761831692101146500029904141404303906", "price": "0.02", "size": "127.49", "side": "BUY", "hash": "8d8e785212039f8845226d0082c33cb50a89d9bc", "best_bid": "0.03", "best_ask": "0.82"}, {"asset_id": "65815064799788774655435771148232734980061574308316816581700167067698511121921", "price": "0.98", "size": "127.49", "side": "SELL", "hash": "cc0f9d136ef259a55e986854ff6b04da6a474a1e", "best_bid": "0.18", "best_ask": "0.97"}], "timestamp": "1769384582666", "event_type": "price_change"}}
{"_local_timestamp": "2026-01-25T23:43:02.770776+00:00", "data": {"market": "0xb9d3c208d8eb2f3403144092d0e55a4ecf7a6493e33890b35140197a63148d14", "price_changes": [{"asset_id": "63581074489545967013426062325864715209547016020665245565255381968385916667995", "price": "0.02", "size": "120", "side": "BUY", "hash": "c2ae1afd89df207586facabbe97a803049fe420c", "best_bid": "0.03", "best_ask": "0.83"}, {"asset_id": "70717802646694382009573815278721437797667570104667888155891561185095387198938", "price": "0.98", "size": "120", "side": "SELL", "hash": "d4df04f32adc7857d6401507e328e5530e86e5ab", "best_bid": "0.17", "best_ask": "0.97"}], "timestamp": "1769384582666", "event_type": "price_change"}}
{"_local_timestamp": "2026-01-25T23:43:02.771165+00:00", "data": {"market": "0x25025db13d5868308eb2f1f57beaf7cbea76c4014201800853a4c1aaad3046ee", "price_changes": [{"asset_id": "15113128431693879081528076048684622701923990563320934711420493231791911133880", "price": "0.02", "size": "155.46", "side": "BUY", "hash": "1eab4d28ce79aaddf5c6fb5c832b3f17180e4b09", "best_bid": "0.03", "best_ask": "0.28"}, {"asset_id": "69171629149106323292749070292707293928031973221371003911300207535275094378436", "price": "0.98", "size": "155.46", "side": "SELL", "hash": "ecd33b03ac1d85f7c8671ead354384a2dd64f200", "best_bid": "0.72", "best_ask": "0.97"}], "timestamp": "1769384582666", "event_type": "price_change"}}
{"_local_timestamp": "2026-01-25T23:43:02.771554+00:00", "data": {"market": "0xe0a32dbfe006ba8c5031351f5243c5cd9a58cf3c37b566cc82a9f7d41f8302c7", "price_changes": [{"asset_id": "4885632818167351187788551933410416061445761831692101146500029904141404303906", "price": "0.01", "size": "150.58", "side": "BUY", "hash": "f4c37cffb5ec69042b9cf1d4b87ec54f0107d1fc", "best_bid": "0.03", "best_ask": "0.82"}, {"asset_id": "65815064799788774655435771148232734980061574308316816581700167067698511121921", "price": "0.99", "size": "150.58", "side": "SELL", "hash": "b6b0004c3a8cb494d15da27d7be3bbd80c107ba3", "best_bid": "0.18", "best_ask": "0.97"}], "timestamp": "1769384582667", "event_type": "price_change"}}
{"_local_timestamp": "2026-01-25T23:43:03.241486+00:00", "data": {"market": "0x93f28d0ad9d5906fee37296a8a70a57c9e4ed4b3b9aa09029c2d9589ce7ce832", "price_changes": [{"asset_id": "72776331054793272806940188908180904666024448478022907801009755847830868970904", "price": "0.14", "size": "40", "side": "BUY", "hash": "f4a767d00d1a694e0a284ee29a744311cc4f75c4", "best_bid": "0.19", "best_ask": "0.97"}, {"asset_id": "100955895305218895610069502472760899905214942330703669753760270178117749789092", "price": "0.86", "size": "40", "side": "SELL", "hash": "095b9b5922cccbe2d35819dc2dea3e155594ecbe", "best_bid": "0.03", "best_ask": "0.81"}], "timestamp": "1769384583144", "event_type": "price_change"}}
{"_local_timestamp": "2026-01-25T23:43:03.273062+00:00", "data": {"market": "0x93f28d0ad9d5906fee37296a8a70a57c9e4ed4b3b9aa09029c2d9589ce7ce832", "price_changes": [{"asset_id": "72776331054793272806940188908180904666024448478022907801009755847830868970904", "price": "0.15", "size": "20", "side": "BUY", "hash": "b5330e9a67f68fdf5f48f363affb82b3684caffa", "best_bid": "0.19", "best_ask": "0.97"}, {"asset_id": "100955895305218895610069502472760899905214942330703669753760270178117749789092", "price": "0.85", "size": "20", "side": "SELL", "hash": "2e53e60234f62d4252f5b377266a6737e7b5f9f9", "best_bid": "0.03", "best_ask": "0.81"}], "timestamp": "1769384583181", "event_type": "price_change"}}
{"_local_timestamp": "2026-01-25T23:43:03.965945+00:00", "data": {"market": "0x225e0fdd1dbcf8d4ed569658e9fcdadc106fe4df8f3eebab6de3179594e69cae", "price_changes": [{"asset_id": "100614172146851019022930506261540059414109250163382945560610650412918760163014", "price": "0.004", "size": "0", "side": "BUY", "hash": "65c6d4121c4450a1aac61c3c34037dd3cf143b56", "best_bid": "0.022", "best_ask": "0.08"}, {"asset_id": "45764625730845095130147096446415799271154137683585606059451270337639906719390", "price": "0.996", "size": "0", "side": "SELL", "hash": "4fbd1b453e8d488b50e59989ccb46de00263e669", "best_bid": "0.92", "best_ask": "0.978"}], "timestamp": "1769384583859", "event_type": "price_change"}}
{"_local_timestamp": "2026-01-25T23:43:05.808825+00:00", "data": {"market": "0x225e0fdd1dbcf8d4ed569658e9fcdadc106fe4df8f3eebab6de3179594e69cae", "price_changes": [{"asset_id": "100614172146851019022930506261540059414109250163382945560610650412918760163014", "price": "0.002", "size": "273.41", "side": "BUY", "hash": "d12375a7410357485f145f82b5cafc68e92570f6", "best_bid": "0.022", "best_ask": "0.08"}, {"asset_id": "45764625730845095130147096446415799271154137683585606059451270337639906719390", "price": "0.998", "size": "273.41", "side": "SELL", "hash": "78d80a16239cf18fb8f322d82b60f6c8494d936a", "best_bid": "0.92", "best_ask": "0.978"}], "timestamp": "1769384585703", "event_type": "price_change"}}
{"_local_timestamp": "2026-01-25T23:43:24.763905+00:00", "data": {"market": "0xe0a32dbfe006ba8c5031351f5243c5cd9a58cf3c37b566cc82a9f7d41f8302c7", "price_changes": [{"asset_id": "65815064799788774655435771148232734980061574308316816581700167067698511121921", "price": "0.14", "size": "118.75", "side": "BUY", "hash": "11db41dcbea0d38a3342cf92c5eb26f93921d70f", "best_bid": "0.18", "best_ask": "0.97"}, {"asset_id": "4885632818167351187788551933410416061445761831692101146500029904141404303906", "price": "0.86", "size": "118.75", "side": "SELL", "hash": "9ffe24c06c32f4a4ef1a4224cfaa2c9cac4061f4", "best_bid": "0.03", "best_ask": "0.82"}], "timestamp": "1769384604635", "event_type": "price_change"}}
{"_local_timestamp": "2026-01-25T23:43:24.764436+00:00", "data": {"market": "0x93f28d0ad9d5906fee37296a8a70a57c9e4ed4b3b9aa09029c2d9589ce7ce832", "price_changes": [{"asset_id": "72776331054793272806940188908180904666024448478022907801009755847830868970904", "price": "0.16", "size": "29", "side": "BUY", "hash": "4afcd242b38b3284ecdd7a1b663c8f6996016d50", "best_bid": "0.19", "best_ask": "0.97"}, {"asset_id": "100955895305218895610069502472760899905214942330703669753760270178117749789092", "price": "0.84", "size": "29", "side": "SELL", "hash": "7d6d7382b41e316facb623c2180ccaa052b59b37", "best_bid": "0.03", "best_ask": "0.81"}], "timestamp": "1769384604635", "event_type": "price_change"}}
{"_local_timestamp": "2026-01-25T23:43:24.764962+00:00", "data": {"market": "0xfe76f366b01cffc5f3c2551ca2fafd3626551f8e67c45e90bcb9980fadefb1d9", "price_changes": [{"asset_id": "91464103984107757678948958563250156809345102931554507444370450055330522832734", "price": "0.17", "size": "49", "side": "BUY", "hash": "7739f670aabd7b80cf44d3d5ed984fd861c3c905", "best_bid": "0.17", "best_ask": "0.97"}, {"asset_id": "113047842163343397942154658230859519377162790695920966272941515248645143857449", "price": "0.83", "size": "49", "side": "SELL", "hash": "ca35c2725f226be8e1c735eaf8c86bce5a64f004", "best_bid": "0.03", "best_ask": "0.83"}], "timestamp": "1769384604635", "event_type": "price_change"}}
{"_local_timestamp": "2026-01-25T23:43:24.765378+00:00", "data": {"market": "0xa3476e8efbbc5557ff9f58978bcf85b7c2bc0c14d2f2c5891f1861a0e95c71c7", "price_changes": [{"asset_id": "77616069079544766632313130435803131534837904050680582581189964299844607679338", "price": "0.15", "size": "59", "side": "BUY", "hash": "421d61d74c75e6259256fd980eead68c2e9ae35e", "best_bid": "0.2", "best_ask": "0.97"}, {"asset_id": "49075166570883369230840079099601560361862864964529664437077360133815011449025", "price": "0.85", "size": "59", "side": "SELL", "hash": "268bbcebcbc35b97b9b12e53cb5f0ac5bd81922f", "best_bid": "0.03", "best_ask": "0.8"}], "timestamp": "1769384604635", "event_type": "price_change"}}
{"_local_timestamp": "2026-01-25T23:43:24.775576+00:00", "data": {"market": "0xb9d3c208d8eb2f3403144092d0e55a4ecf7a6493e33890b35140197a63148d14", "price_changes": [{"asset_id": "70717802646694382009573815278721437797667570104667888155891561185095387198938", "price": "0.17", "size": "49", "side": "BUY", "hash": "d1f01722fd69afdf0bde9c7188158025c4860451", "best_bid": "0.17", "best_ask": "0.97"}, {"asset_id": "63581074489545967013426062325864715209547016020665245565255381968385916667995", "price": "0.83", "size": "49", "side": "SELL", "hash": "656b8c6ab0ea10a93ddc491022596124fe1da7a1", "best_bid": "0.03", "best_ask": "0.83"}], "timestamp": "1769384604635", "event_type": "price_change"}}
{"_local_timestamp": "2026-01-25T23:43:24.776084+00:00", "data": {"market": "0x25025db13d5868308eb2f1f57beaf7cbea76c4014201800853a4c1aaad3046ee", "price_changes": [{"asset_id": "69171629149106323292749070292707293928031973221371003911300207535275094378436", "price": "0.16", "size": "29", "side": "BUY", "hash": "73b2928862573189ccfa1949175bdbf2da35a4a8", "best_bid": "0.72", "best_ask": "0.97"}, {"asset_id": "15113128431693879081528076048684622701923990563320934711420493231791911133880", "price": "0.84", "size": "29", "side": "SELL", "hash": "818eab2d4a5529bee2b1b340e6463f91a5dbcd9f", "best_bid": "0.03", "best_ask": "0.28"}], "timestamp": "1769384604635", "event_type": "price_change"}}
{"_local_timestamp": "2026-01-25T23:43:24.776607+00:00", "data": {"market": "0x225e0fdd1dbcf8d4ed569658e9fcdadc106fe4df8f3eebab6de3179594e69cae", "price_changes": [{"asset_id": "45764625730845095130147096446415799271154137683585606059451270337639906719390", "price": "0.133", "size": "118.75", "side": "BUY", "hash": "f1cadc59bed303af2a1fb2d21a751e0678d6c2de", "best_bid": "0.92", "best_ask": "0.978"}, {"asset_id": "100614172146851019022930506261540059414109250163382945560610650412918760163014", "price": "0.867", "size": "118.75", "side": "SELL", "hash": "a5d8c99d4de4f56ca2a4c85f2289135c92536736", "best_bid": "0.022", "best_ask": "0.08"}], "timestamp": "1769384604635", "event_type": "price_change"}}
{"_local_timestamp": "2026-01-25T23:43:24.777039+00:00", "data": {"market": "0xf69b405cb72c495b47f14d4581ec5f4fdc32c7c783c0b05c5d350af99f74fb57", "price_changes": [{"asset_id": "111483763262460809812427616008076634438113457835729033090496924816271676966924", "price": "0.15", "size": "59", "side": "BUY", "hash": "4a6f797bf635f85ef6592380d89e6ac6c4bd9b9b", "best_bid": "0.2", "best_ask": "0.97"}, {"asset_id": "77871459748036421242663925334747383360075298582158881700736355568100463986230", "price": "0.85", "size": "59", "side": "SELL", "hash": "c233bf7117af55285ab7a2868b06c183308f242a", "best_bid": "0.03", "best_ask": "0.8"}], "timestamp": "1769384604635", "event_type": "price_change"}}
{"_local_timestamp": "2026-01-25T23:43:24.777473+00:00", "data": {"market": "0x225e0fdd1dbcf8d4ed569658e9fcdadc106fe4df8f3eebab6de3179594e69cae", "price_changes": [{"asset_id": "45764625730845095130147096446415799271154137683585606059451270337639906719390", "price": "0.132", "size": "138.75", "side": "BUY", "hash": "136e91f71a344d09366826356b4ca9c44655ac28", "best_bid": "0.92", "best_ask": "0.978"}, {"asset_id": "100614172146851019022930506261540059414109250163382945560610650412918760163014", "price": "0.868", "size": "138.75", "side": "SELL", "hash": "2cf0bbcc9dc8b52c743a04e6bca6fe2303b28560", "best_bid": "0.022", "best_ask": "0.08"}], "timestamp": "1769384604636", "event_type": "price_change"}}
{"_local_timestamp": "2026-01-25T23:43:24.777874+00:00", "data": {"market": "0xfe76f366b01cffc5f3c2551ca2fafd3626551f8e67c45e90bcb9980fadefb1d9", "price_changes": [{"asset_id": "91464103984107757678948958563250156809345102931554507444370450055330522832734", "price": "0.18", "size": "29", "side": "BUY", "hash": "a866a29b13f1a9cd188b158e90d209971fb25f49", "best_bid": "0.18", "best_ask": "0.97"}, {"asset_id": "113047842163343397942154658230859519377162790695920966272941515248645143857449", "price": "0.82", "size": "29", "side": "SELL", "hash": "99cd75f0967e62c2e1242d449d2b10c5bb67e68d", "best_bid": "0.03", "best_ask": "0.82"}], "timestamp": "1769384604636", "event_type": "price_change"}}
{"_local_timestamp": "2026-01-25T23:43:24.778352+00:00", "data": {"market": "0xe0a32dbfe006ba8c5031351f5243c5cd9a58cf3c37b566cc82a9f7d41f8302c7", "price_changes": [{"asset_id": "65815064799788774655435771148232734980061574308316816581700167067698511121921", "price": "0.19", "size": "29", "side": "BUY", "hash": "51f0d94af7ed4d8116d9d198dcadbb204b91c964", "best_bid": "0.19", "best_ask": "0.97"}, {"asset_id": "4885632818167351187788551933410416061445761831692101146500029904141404303906", "price": "0.81", "size": "29", "side": "SELL", "hash": "0f3acb881c280717ad1c551e1f05a88f82591647", "best_bid": "0.03", "best_ask": "0.81"}], "timestamp": "1769384604636", "event_type": "price_change"}}
{"_local_timestamp": "2026-01-25T23:43:24.981301+00:00", "data": {"market": "0xb9d3c208d8eb2f3403144092d0e55a4ecf7a6493e33890b35140197a63148d14", "price_changes": [{"asset_id": "70717802646694382009573815278721437797667570104667888155891561185095387198938", "price": "0.18", "size": "29", "side": "BUY", "hash": "61fc638138faf74e5768c05d68bca66cf8f4fd8e", "best_bid": "0.18", "best_ask": "0.97"}, {"asset_id": "63581074489545967013426062325864715209547016020665245565255381968385916667995", "price": "0.82", "size": "29", "side": "SELL", "hash": "446d73b9773d9b29eb66f01cdaf85a499399d799", "best_bid": "0.03", "best_ask": "0.82"}], "timestamp": "1769384604636", "event_type": "price_change"}}
{"_local_timestamp": "2026-01-25T23:43:24.982975+00:00", "data": {"market": "0xe0a32dbfe006ba8c5031351f5243c5cd9a58cf3c37b566cc82a9f7d41f8302c7", "price_changes": [{"asset_id": "65815064799788774655435771148232734980061574308316816581700167067698511121921", "price": "0.18", "size": "0", "side": "BUY", "hash": "22f66b166c5ee63f46a351a8b543a8eae394279e", "best_bid": "0.19", "best_ask": "0.97"}, {"asset_id": "4885632818167351187788551933410416061445761831692101146500029904141404303906", "price": "0.82", "size": "0", "side": "SELL", "hash": "31b0f3a32687e6418cd5b09f07c89dda46bbf687", "best_bid": "0.03", "best_ask": "0.81"}], "timestamp": "1769384604663", "event_type": "price_change"}}
{"_local_timestamp": "2026-01-25T23:43:24.983488+00:00", "data": {"market": "0xfe76f366b01cffc5f3c2551ca2fafd3626551f8e67c45e90bcb9980fadefb1d9", "price_changes": [{"asset_id": "91464103984107757678948958563250156809345102931554507444370450055330522832734", "price": "0.17", "size": "29", "side": "BUY", "hash": "5d51f65e1939d871c735797369f05836304a1962", "best_bid": "0.18", "best_ask": "0.97"}, {"asset_id": "113047842163343397942154658230859519377162790695920966272941515248645143857449", "price": "0.83", "size": "29", "side": "SELL", "hash": "c5b560baa9bcde2c988ed899a8c57dcf48a48a0a", "best_bid": "0.03", "best_ask": "0.82"}], "timestamp": "1769384604663", "event_type": "price_change"}}
{"_local_timestamp": "2026-01-25T23:43:24.983949+00:00", "data": {"market": "0xb9d3c208d8eb2f3403144092d0e55a4ecf7a6493e33890b35140197a63148d14", "price_changes": [{"asset_id": "70717802646694382009573815278721437797667570104667888155891561185095387198938", "price": "0.17", "size": "29", "side": "BUY", "hash": "b624c7cb7708f6f2df8f2c3a68137b437245c69b", "best_bid": "0.18", "best_ask": "0.97"}, {"asset_id": "63581074489545967013426062325864715209547016020665245565255381968385916667995", "price": "0.83", "size": "29", "side": "SELL", "hash": "4f0807226c13dfd64d11b018efa97866dd2f031e", "best_bid": "0.03", "best_ask": "0.82"}], "timestamp": "1769384604663", "event_type": "price_change"}}
{"_local_timestamp": "2026-01-25T23:43:24.984513+00:00", "data": {"market": "0xb9d3c208d8eb2f3403144092d0e55a4ecf7a6493e33890b35140197a63148d14", "price_changes": [{"asset_id": "70717802646694382009573815278721437797667570104667888155891561185095387198938", "price": "0.2", "size": "20", "side": "BUY", "hash": "73f93fb6a70c20bb1c892300598063e58b26432c", "best_bid": "0.2", "best_ask": "0.97"}, {"asset_id": "63581074489545967013426062325864715209547016020665245565255381968385916667995", "price": "0.8", "size": "20", "side": "SELL", "hash": "4bfeee1ea82926d42452c278b7680bfdb74f5dc9", "best_bid": "0.03", "best_ask": "0.8"}], "timestamp": "1769384604687", "event_type": "price_change"}}
{"_local_timestamp": "2026-01-25T23:43:24.985113+00:00", "data": {"market": "0xfe76f366b01cffc5f3c2551ca2fafd3626551f8e67c45e90bcb9980fadefb1d9", "price_changes": [{"asset_id": "91464103984107757678948958563250156809345102931554507444370450055330522832734", "price": "0.2", "size": "20", "side": "BUY", "hash": "10ca28a0ebcec7b7bd94cd2f2f86fbd5ee744eef", "best_bid": "0.2", "best_ask": "0.97"}, {"asset_id": "113047842163343397942154658230859519377162790695920966272941515248645143857449", "price": "0.8", "size": "20", "side": "SELL", "hash": "96031acc0d349d8eac636b38dbdcde9933506592", "best_bid": "0.03", "best_ask": "0.8"}], "timestamp": "1769384604708", "event_type": "price_change"}}
{"_local_timestamp": "2026-01-25T23:43:24.985611+00:00", "data": {"market": "0xe0a32dbfe006ba8c5031351f5243c5cd9a58cf3c37b566cc82a9f7d41f8302c7", "price_changes": [{"asset_id": "65815064799788774655435771148232734980061574308316816581700167067698511121921", "price": "0.2", "size": "20", "side": "BUY", "hash": "0c21bf332893293f553bc9b06bdc8d95dcff6996", "best_bid": "0.2", "best_ask": "0.97"}, {"asset_id": "4885632818167351187788551933410416061445761831692101146500029904141404303906", "price": "0.8", "size": "20", "side": "SELL", "hash": "b2477a0a1adef1e9499560b6fac0d26d5e252b0b", "best_bid": "0.03", "best_ask": "0.8"}], "timestamp": "1769384604728", "event_type": "price_change"}}
{"_local_timestamp": "2026-01-25T23:43:24.986062+00:00", "data": {"market": "0xe0a32dbfe006ba8c5031351f5243c5cd9a58cf3c37b566cc82a9f7d41f8302c7", "price_changes": [{"asset_id": "65815064799788774655435771148232734980061574308316816581700167067698511121921", "price": "0.01", "size": "88.31", "side": "BUY", "hash": "d19f4559c4429b115b8b9128cad5d875263878b1", "best_bid": "0.2", "best_ask": "0.97"}, {"asset_id": "4885632818167351187788551933410416061445761831692101146500029904141404303906", "price": "0.99", "size": "88.31", "side": "SELL", "hash": "2859af4dab23d70f84ef9fd114642b2d920a194e", "best_bid": "0.03", "best_ask": "0.8"}], "timestamp": "1769384604749", "event_type": "price_change"}}
{"_local_timestamp": "2026-01-25T23:43:24.986521+00:00", "data": {"market": "0xe0a32dbfe006ba8c5031351f5243c5cd9a58cf3c37b566cc82a9f7d41f8302c7", "price_changes": [{"asset_id": "65815064799788774655435771148232734980061574308316816581700167067698511121921", "price": "0.06", "size": "33", "side": "BUY", "hash": "d2def19fe965af65b9c2571f3120ca017c5de2b3", "best_bid": "0.2", "best_ask": "0.97"}, {"asset_id": "4885632818167351187788551933410416061445761831692101146500029904141404303906", "price": "0.94", "size": "33", "side": "SELL", "hash": "078668b8435d5c416ac6cbbbf94066f5f7ab0671", "best_bid": "0.03", "best_ask": "0.8"}], "timestamp": "1769384604825", "event_type": "price_change"}}
{"_local_timestamp": "2026-01-25T23:43:25.068642+00:00", "data": {"market": "0xe0a32dbfe006ba8c5031351f5243c5cd9a58cf3c37b566cc82a9f7d41f8302c7", "price_changes": [{"asset_id": "65815064799788774655435771148232734980061574308316816581700167067698511121921", "price": "0.15", "size": "10", "side": "BUY", "hash": "cc225c39d5cc47ec9f804e1db5e6dcf701c55fc7", "best_bid": "0.2", "best_ask": "0.97"}, {"asset_id": "4885632818167351187788551933410416061445761831692101146500029904141404303906", "price": "0.85", "size": "10", "side": "SELL", "hash": "20a575cda2baf2c401bd0435a3f72491a3e9248c", "best_bid": "0.03", "best_ask": "0.8"}], "timestamp": "1769384604919", "event_type": "price_change"}}
{"_local_timestamp": "2026-01-25T23:43:25.126421+00:00", "data": {"market": "0xe0a32dbfe006ba8c5031351f5243c5cd9a58cf3c37b566cc82a9f7d41f8302c7", "price_changes": [{"asset_id": "65815064799788774655435771148232734980061574308316816581700167067698511121921", "price": "0.13", "size": "0", "side": "BUY", "hash": "fa88e1487626fa98e908d9b2c4f531de6f4e4ca7", "best_bid": "0.2", "best_ask": "0.97"}, {"asset_id": "4885632818167351187788551933410416061445761831692101146500029904141404303906", "price": "0.87", "size": "0", "side": "SELL", "hash": "595eb2d32860a6e99b2265d594a11992457e9960", "best_bid": "0.03", "best_ask": "0.8"}], "timestamp": "1769384604985", "event_type": "price_change"}}
{"_local_timestamp": "2026-01-25T23:43:25.127087+00:00", "data": {"market": "0xf69b405cb72c495b47f14d4581ec5f4fdc32c7c783c0b05c5d350af99f74fb57", "price_changes": [{"asset_id": "111483763262460809812427616008076634438113457835729033090496924816271676966924", "price": "0.14", "size": "0", "side": "BUY", "hash": "43ad2b392825f26fa222a0c2cc5c8468f788d1be", "best_bid": "0.2", "best_ask": "0.97"}, {"asset_id": "77871459748036421242663925334747383360075298582158881700736355568100463986230", "price": "0.86", "size": "0", "side": "SELL", "hash": "83133edaccb722075914a59c44940fced1d1a044", "best_bid": "0.03", "best_ask": "0.8"}], "timestamp": "1769384604985", "event_type": "price_change"}}
{"_local_timestamp": "2026-01-25T23:43:25.127572+00:00", "data": {"market": "0x225e0fdd1dbcf8d4ed569658e9fcdadc106fe4df8f3eebab6de3179594e69cae", "price_changes": [{"asset_id": "45764625730845095130147096446415799271154137683585606059451270337639906719390", "price": "0.132", "size": "118.75", "side": "BUY", "hash": "f65652e0491181195e123479bd32c53a2c9e5ed9", "best_bid": "0.92", "best_ask": "0.978"}, {"asset_id": "100614172146851019022930506261540059414109250163382945560610650412918760163014", "price": "0.868", "size": "118.75", "side": "SELL", "hash": "69837dc36cbbeb8eae71ac5dba48a3f0fced4715", "best_bid": "0.022", "best_ask": "0.08"}], "timestamp": "1769384604985", "event_type": "price_change"}}
{"_local_timestamp": "2026-01-25T23:43:25.128086+00:00", "data": {"market": "0xa3476e8efbbc5557ff9f58978bcf85b7c2bc0c14d2f2c5891f1861a0e95c71c7", "price_changes": [{"asset_id": "77616069079544766632313130435803131534837904050680582581189964299844607679338", "price": "0.14", "size": "0", "side": "BUY", "hash": "812bf900aba964cd09c664ed5174450314df03e9", "best_bid": "0.2", "best_ask": "0.97"}, {"asset_id": "49075166570883369230840079099601560361862864964529664437077360133815011449025", "price": "0.86", "size": "0", "side": "SELL", "hash": "ee04bf132b60f28a1358cb360cbbae6dbd28ee85", "best_bid": "0.03", "best_ask": "0.8"}], "timestamp": "1769384604985", "event_type": "price_change"}}
{"_local_timestamp": "2026-01-25T23:43:25.177704+00:00", "data": {"market": "0x225e0fdd1dbcf8d4ed569658e9fcdadc106fe4df8f3eebab6de3179594e69cae", "price_changes": [{"asset_id": "45764625730845095130147096446415799271154137683585606059451270337639906719390", "price": "0.134", "size": "20", "side": "BUY", "hash": "32a555c7b3c1f9ea940367a2f08bb56094bba249", "best_bid": "0.92", "best_ask": "0.978"}, {"asset_id": "100614172146851019022930506261540059414109250163382945560610650412918760163014", "price": "0.866", "size": "20", "side": "SELL", "hash": "f5b508223bc3887373599151967287f5b90ebcb6", "best_bid": "0.022", "best_ask": "0.08"}], "timestamp": "1769384605016", "event_type": "price_change"}}
{"_local_timestamp": "2026-01-25T23:43:25.178269+00:00", "data": {"market": "0xe0a32dbfe006ba8c5031351f5243c5cd9a58cf3c37b566cc82a9f7d41f8302c7", "price_changes": [{"asset_id": "65815064799788774655435771148232734980061574308316816581700167067698511121921", "price": "0.15", "size": "30", "side": "BUY", "hash": "acd78ef2e1dce77c9010d6f79358675a6588f1ef", "best_bid": "0.2", "best_ask": "0.97"}, {"asset_id": "4885632818167351187788551933410416061445761831692101146500029904141404303906", "price": "0.85", "size": "30", "side": "SELL", "hash": "21ee6e1d5368773ec72d0dccbe40f63fe199aaa7", "best_bid": "0.03", "best_ask": "0.8"}], "timestamp": "1769384605016", "event_type": "price_change"}}
{"_local_timestamp": "2026-01-25T23:43:25.178731+00:00", "data": {"market": "0xa3476e8efbbc5557ff9f58978bcf85b7c2bc0c14d2f2c5891f1861a0e95c71c7", "price_changes": [{"asset_id": "77616069079544766632313130435803131534837904050680582581189964299844607679338", "price": "0.15", "size": "79", "side": "BUY", "hash": "043e185a2d2a66e2747d53c5e017dc915f5da588", "best_bid": "0.2", "best_ask": "0.97"}, {"asset_id": "49075166570883369230840079099601560361862864964529664437077360133815011449025", "price": "0.85", "size": "79", "side": "SELL", "hash": "1d107aebf0913b24ae01088ecc8b2555527c1371", "best_bid": "0.03", "best_ask": "0.8"}], "timestamp": "1769384605016", "event_type": "price_change"}}
{"_local_timestamp": "2026-01-25T23:43:25.179206+00:00", "data": {"market": "0xf69b405cb72c495b47f14d4581ec5f4fdc32c7c783c0b05c5d350af99f74fb57", "price_changes": [{"asset_id": "111483763262460809812427616008076634438113457835729033090496924816271676966924", "price": "0.15", "size": "79", "side": "BUY", "hash": "f3bdfe67b3b0ce5d35e6f10a2ca7c3fcdfe251de", "best_bid": "0.2", "best_ask": "0.97"}, {"asset_id": "77871459748036421242663925334747383360075298582158881700736355568100463986230", "price": "0.85", "size": "79", "side": "SELL", "hash": "0707848b81afb7bc9556297eb1e4ca05e0d4a1c8", "best_bid": "0.03", "best_ask": "0.8"}], "timestamp": "1769384605016", "event_type": "price_change"}}
{"_local_timestamp": "2026-01-25T23:43:26.824800+00:00", "data": {"market": "0xa3476e8efbbc5557ff9f58978bcf85b7c2bc0c14d2f2c5891f1861a0e95c71c7", "price_changes": [{"asset_id": "49075166570883369230840079099601560361862864964529664437077360133815011449025", "price": "0.02", "size": "100", "side": "BUY", "hash": "f8686b4231fd962bc2d85394663991de67011971", "best_bid": "0.03", "best_ask": "0.8"}, {"asset_id": "77616069079544766632313130435803131534837904050680582581189964299844607679338", "price": "0.98", "size": "100", "side": "SELL", "hash": "acd08ac7bd810c60f221b841fd7da18da8f89bfe", "best_bid": "0.2", "best_ask": "0.97"}], "timestamp": "1769384606682", "event_type": "price_change"}}
{"_local_timestamp": "2026-01-25T23:43:26.825420+00:00", "data": {"market": "0xe0a32dbfe006ba8c5031351f5243c5cd9a58cf3c37b566cc82a9f7d41f8302c7", "price_changes": [{"asset_id": "4885632818167351187788551933410416061445761831692101146500029904141404303906", "price": "0.02", "size": "100", "side": "BUY", "hash": "6d3e4e094caf16c97810a25898b5397b3f3abe0b", "best_bid": "0.03", "best_ask": "0.8"}, {"asset_id": "65815064799788774655435771148232734980061574308316816581700167067698511121921", "price": "0.98", "size": "100", "side": "SELL", "hash": "b31d005a00a2f68b4512a3bdbc54f075e54c2a80", "best_bid": "0.2", "best_ask": "0.97"}], "timestamp": "1769384606682", "event_type": "price_change"}}
{"_local_timestamp": "2026-01-25T23:43:26.825898+00:00", "data": {"market": "0xfe76f366b01cffc5f3c2551ca2fafd3626551f8e67c45e90bcb9980fadefb1d9", "price_changes": [{"asset_id": "113047842163343397942154658230859519377162790695920966272941515248645143857449", "price": "0.02", "size": "100", "side": "BUY", "hash": "7d41246274cf49d8b12059343d3f3bd70590dd2f", "best_bid": "0.03", "best_ask": "0.8"}, {"asset_id": "91464103984107757678948958563250156809345102931554507444370450055330522832734", "price": "0.98", "size": "100", "side": "SELL", "hash": "e6d2bdff2c3ed727cb13ddef7490ccc86b645484", "best_bid": "0.2", "best_ask": "0.97"}], "timestamp": "1769384606682", "event_type": "price_change"}}
{"_local_timestamp": "2026-01-25T23:43:26.826417+00:00", "data": {"market": "0xf69b405cb72c495b47f14d4581ec5f4fdc32c7c783c0b05c5d350af99f74fb57", "price_changes": [{"asset_id": "77871459748036421242663925334747383360075298582158881700736355568100463986230", "price": "0.02", "size": "95", "side": "BUY", "hash": "41d3cfe3a6122747f6938e7ef36bd11e717c772c", "best_bid": "0.03", "best_ask": "0.8"}, {"asset_id": "111483763262460809812427616008076634438113457835729033090496924816271676966924", "price": "0.98", "size": "95", "side": "SELL", "hash": "21a846f94aa29780c6f3b15c9441b0a2b2eaee77", "best_bid": "0.2", "best_ask": "0.97"}], "timestamp": "1769384606682", "event_type": "price_change"}}
{"_local_timestamp": "2026-01-25T23:43:26.833026+00:00", "data": {"market": "0x25025db13d5868308eb2f1f57beaf7cbea76c4014201800853a4c1aaad3046ee", "price_changes": [{"asset_id": "15113128431693879081528076048684622701923990563320934711420493231791911133880", "price": "0.02", "size": "108", "side": "BUY", "hash": "ec19aa4570e76590ef4db1773b9ee0ad08233f7d", "best_bid": "0.03", "best_ask": "0.28"}, {"asset_id": "69171629149106323292749070292707293928031973221371003911300207535275094378436", "price": "0.98", "size": "108", "side": "SELL", "hash": "2fe5409c06570538dca8e16cace2bfa57e182019", "best_bid": "0.72", "best_ask": "0.97"}], "timestamp": "1769384606682", "event_type": "price_change"}}
{"_local_timestamp": "2026-01-25T23:43:26.833610+00:00", "data": {"market": "0xb9d3c208d8eb2f3403144092d0e55a4ecf7a6493e33890b35140197a63148d14", "price_changes": [{"asset_id": "63581074489545967013426062325864715209547016020665245565255381968385916667995", "price": "0.02", "size": "95", "side": "BUY", "hash": "d1a02ab7a648e6ca7b3e1e5def285ce3177e660f", "best_bid": "0.03", "best_ask": "0.8"}, {"asset_id": "70717802646694382009573815278721437797667570104667888155891561185095387198938", "price": "0.98", "size": "95", "side": "SELL", "hash": "97fc9112856d47b35511ee9c5ccab6b8adaa0ab0", "best_bid": "0.2", "best_ask": "0.97"}], "timestamp": "1769384606682", "event_type": "price_change"}}
{"_local_timestamp": "2026-01-25T23:43:26.834120+00:00", "data": {"market": "0x93f28d0ad9d5906fee37296a8a70a57c9e4ed4b3b9aa09029c2d9589ce7ce832", "price_changes": [{"asset_id": "100955895305218895610069502472760899905214942330703669753760270178117749789092", "price": "0.02", "size": "95", "side": "BUY", "hash": "0e36dec749580349062317887b70b0e32b5ede26", "best_bid": "0.03", "best_ask": "0.81"}, {"asset_id": "72776331054793272806940188908180904666024448478022907801009755847830868970904", "price": "0.98", "size": "95", "side": "SELL", "hash": "07423141fa788adf45f556fca72391b23ded22bc", "best_bid": "0.19", "best_ask": "0.97"}], "timestamp": "1769384606682", "event_type": "price_change"}}
{"_local_timestamp": "2026-01-25T23:43:27.036554+00:00", "data": {"market": "0xfe76f366b01cffc5f3c2551ca2fafd3626551f8e67c45e90bcb9980fadefb1d9", "price_changes": [{"asset_id": "91464103984107757678948958563250156809345102931554507444370450055330522832734", "price": "0.03", "size": "0", "side": "BUY", "hash": "5188d6be829a55660a3f514719cceb27dd290616", "best_bid": "0.2", "best_ask": "0.97"}, {"asset_id": "113047842163343397942154658230859519377162790695920966272941515248645143857449", "price": "0.97", "size": "0", "side": "SELL", "hash": "9073e7857571395b09e0134d21d9f4d96c6c3f6e", "best_bid": "0.03", "best_ask": "0.8"}], "timestamp": "1769384606865", "event_type": "price_change"}}
