{"_local_timestamp": "2026-01-25T23:33:27.193151+00:00", "data": [{"market": "0x82aec16b81552c4ea6905c2f994720d9501154c3b74a0bc5a5ab8f0b0caea7f1", "asset_id": "1479692203425130927610602761564344666833458606561007124779091388740273802777", "timestamp": "1769383963541", "hash": "7c4d578d0c839650da9232b1102e077692c22a22", "bids": [{"price": "0.01", "size": "3576.56"}, {"price": "0.02", "size": "509.38"}, {"price": "0.03", "size": "200"}, {"price": "0.04", "size": "431.42"}, {"price": "0.05", "size": "330"}, {"price": "0.06", "size": "133"}, {"price": "0.07", "size": "20.8"}, {"price": "0.11", "size": "275"}, {"price": "0.17", "size": "216.66"}, {"price": "0.22", "size": "150"}, {"price": "0.23", "size": "75"}, {"price": "0.39", "size": "66.66"}, {"price": "0.4", "size": "20"}], "asks": [{"price": "0.99", "size": "79"}, {"price": "0.98", "size": "116.76"}, {"price": "0.97", "size": "7.03"}, {"price": "0.96", "size": "55.66"}], "event_type": "book", "last_trade_price": ""}, {"market": "0x6e7e4837ca555b5b02dfa6a55fe743795148fc2b5d8d90797911a1e8270392d3", "asset_id": "50224055471780128707422366253813853918328866905983285601565982922855799741030", "timestamp": "1769383901928", "hash": "90c078e1464cc27707f59ac332754e2869a29ba2", "bids": [{"price": "0.01", "size": "1213.88"}, {"price": "0.02", "size": "513.15"}, {"price": "0.03", "size": "300"}, {"price": "0.04", "size": "531.11"}, {"price": "0.05", "size": "300"}, {"price": "0.06", "size": "160.4"}, {"price": "0.07", "size": "100"}, {"price": "0.08", "size": "63"}, {"price": "0.09", "size": "11.33"}, {"price": "0.13", "size": "100"}, {"price": "0.14", "size": "54.84"}, {"price": "0.15", "size": "8.5"}, {"price": "0.19", "size": "60.1"}], "asks": [{"price": "0.99", "size": "3850"}, {"price": "0.98", "size": "208.45"}, {"price": "0.97", "size": "150"}, {"price": "0.95", "size": "200"}, {"price": "0.94", "size": "300"}, {"price": "0.93", "size": "107.1"}, {"price": "0.87", "size": "291.66"}, {"price": "0.86", "size": "8.5"}, {"price": "0.84", "size": "150"}, {"price": "0.79", "size": "145"}, {"price": "0.71", "size": "66.66"}, {"price": "0.58", "size": "5"}, {"price": "0.56", "size": "7"}, {"price": "0.55", "size": "66.66"}], "event_type": "book", "last_trade_price": ""}, {"market": "0x84169ee0526d9f65fc6fa07187ef848f201470b93f9febb2a72f8d991f44ce18", "asset_id": "27587305411657999065289889476865740185383587834702468708466074841230691880703", "timestamp": "1769383917519", "hash": "46e89ab78353fa19ab161c2ce94dee385ff5c767", "bids": [{"price": "0.01", "size": "6581.53"}, {"price": "0.02", "size": "1500"}, {"price": "0.03", "size": "8.9"}, {"price": "0.04", "size": "1575"}, {"price": "0.05", "size": "30"}, {"price": "0.06", "size": "33"}, {"price": "0.07", "size": "7.43"}, {"price": "0.08", "size": "1250"}, {"price": "0.12", "size": "883.33"}, {"price": "0.13", "size": "100"}, {"price": "0.16", "size": "600"}, {"price": "0.17", "size": "6.25"}, {"price": "0.2", "size": "140"}, {"price": "0.24", "size": "408.33"}, {"price": "0.28", "size": "185.71"}, {"price": "0.32", "size": "62.5"}, {"price": "0.33", "size": "31"}, {"price": "0.34", "size": "50"}, {"price": "0.38", "size": "141.66"}, {"price": "0.39", "size": "20"}, {"price": "0.44", "size": "5"}, {"price": "0.66", "size": "150"}, {"price": "0.75", "size": "5"}, {"price": "0.76", "size": "66.66"}], "asks": [{"price": "0.99", "size": "200"}], "event_type": "book", "last_trade_price": ""}, {"market": "0x6e7e4837ca555b5b02dfa6a55fe743795148fc2b5d8d90797911a1e8270392d3", "asset_id": "89233543414939235169944717531221270166586867227618204450643545899172550842279", "timestamp": "1769383901928", "hash": "1b01672dbb926ba21085328452ea744460cf6029", "bids": [{"price": "0.01", "size": "3850"}, {"price": "0.02", "size": "208.45"}, {"price": "0.03", "size": "150"}, {"price": "0.05", "size": "200"}, {"price": "0.06", "size": "300"}, {"price": "0.07", "size": "107.1"}, {"price": "0.13", "size": "291.66"}, {"price": "0.14", "size": "8.5"}, {"price": "0.16", "size": "150"}, {"price": "0.21", "size": "145"}, {"price": "0.29", "size": "66.66"}, {"price": "0.42", "size": "5"}, {"price": "0.44", "size": "7"}, {"price": "0.45", "size": "66.66"}], "asks": [{"price": "0.99", "size": "1213.88"}, {"price": "0.98", "size": "513.15"}, {"price": "0.97", "size": "300"}, {"price": "0.96", "size": "531.11"}, {"price": "0.95", "size": "300"}, {"price": "0.94", "size": "160.4"}, {"price": "0.93", "size": "100"}, {"price": "0.92", "size": "63"}, {"price": "0.91", "size": "11.33"}, {"price": "0.87", "size": "100"}, {"price": "0.86", "size": "54.84"}, {"price": "0.85", "size": "8.5"}, {"price": "0.81", "size": "60.1"}], "event_type": "book", "last_trade_price": ""}, {"market": "0x84169ee0526d9f65fc6fa07187ef848f201470b93f9febb2a72f8d991f44ce18", "asset_id": "24422828933746492274958960785445833869400999069710589630837618930130806005340", "timestamp": "1769383917519", "hash": "07eb8cd694c22d381376c4857e9544e94a97d485", "bids": [{"price": "0.01", "size": "200"}], "asks": [{"price": "0.99", "size": "6581.53"}, {"price": "0.98", "size": "1500"}, {"price": "0.97", "size": "8.9"}, {"price": "0.96", "size": "1575"}, {"price": "0.95", "size": "30"}, {"price": "0.94", "size": "33"}, {"price": "0.93", "size": "7.43"}, {"price": "0.92", "size": "1250"}, {"price": "0.88", "size": "883.33"}, {"price": "0.87", "size": "100"}, {"price": "0.84", "size": "600"}, {"price": "0.83", "size": "6.25"}, {"price": "0.8", "size": "140"}, {"price": "0.76", "size": "408.33"}, {"price": "0.72", "size": "185.71"}, {"price": "0.68", "size": "62.5"}, {"price": "0.67", "size": "31"}, {"price": "0.66", "size": "50"}, {"price": "0.62", "size": "141.66"}, {"price": "0.61", "size": "20"}, {"price": "0.56", "size": "5"}, {"price": "0.34", "size": "150"}, {"price": "0.25", "size": "5"}, {"price": "0.24", "size": "66.66"}], "event_type": "book", "last_trade_price": ""}, {"market": "0x82aec16b81552c4ea6905c2f994720d9501154c3b74a0bc5a5ab8f0b0caea7f1", "asset_id": "111663462646450354062278915933339748110043150715369374847324249160141103663023", "timestamp": "1769383963541", "hash": "231994c68175226824eb6b65e0ba6b9cf7b7d51c", "bids": [{"price": "0.01", "size": "79"}, {"price": "0.02", "size": "116.76"}, {"price": "0.03", "size": "7.03"}, {"price": "0.04", "size": "55.66"}], "asks": [{"price": "0.99", "size": "3576.56"}, {"price": "0.98", "size": "509.38"}, {"price": "0.97", "size": "200"}, {"price": "0.96", "size": "431.42"}, {"price": "0.95", "size": "330"}, {"price": "0.94", "size": "133"}, {"price": "0.93", "size": "20.8"}, {"price": "0.89", "size": "275"}, {"price": "0.83", "size": "216.66"}, {"price": "0.78", "size": "150"}, {"price": "0.77", "size": "75"}, {"price": "0.61", "size": "66.66"}, {"price": "0.6", "size": "20"}], "event_type": "book", "last_trade_price": ""}]}
{"_local_timestamp": "2026-01-25T23:33:33.185120+00:00", "data": {"market": "0x84169ee0526d9f65fc6fa07187ef848f201470b93f9febb2a72f8d991f44ce18", "price_changes": [{"asset_id": "27587305411657999065289889476865740185383587834702468708466074841230691880703", "price": "0.34", "size": "0", "side": "BUY", "hash": "19de56bb768603c0a3bfc64d1e5a9c4af30f5319", "best_bid": "0.76", "best_ask": "0.99"}, {"asset_id": "24422828933746492274958960785445833869400999069710589630837618930130806005340", "price": "0.66", "size": "0", "side": "SELL", "hash": "409d6e1308acd5f116c73a8f327db5909d67a296", "best_bid": "0.01", "best_ask": "0.24"}], "timestamp": "1769384013047", "event_type": "price_change"}}
{"_local_timestamp": "2026-01-25T23:33:40.813299+00:00", "data": {"market": "0x82aec16b81552c4ea6905c2f994720d9501154c3b74a0bc5a5ab8f0b0caea7f1", "price_changes": [{"asset_id": "1479692203425130927610602761564344666833458606561007124779091388740273802777", "price": "0.11", "size": "400", "side": "BUY", "hash": "7296a785e978f67f822b4c95dc32e814a6572127", "best_bid": "0.4", "best_ask": "0.96"}, {"asset_id": "111663462646450354062278915933339748110043150715369374847324249160141103663023", "price": "0.89", "size": "400", "side": "SELL", "hash": "b4dc983c4a0573b4b739109170f05c3ad8b6c2a1", "best_bid": "0.04", "best_ask": "0.6"}], "timestamp": "1769384020561", "event_type": "price_change"}}
{"_local_timestamp": "2026-01-25T23:33:52.309751+00:00", "data": {"market": "0x82aec16b81552c4ea6905c2f994720d9501154c3b74a0bc5a5ab8f0b0caea7f1", "price_changes": [{"asset_id": "1479692203425130927610602761564344666833458606561007124779091388740273802777", "price": "0.11", "size": "350", "side": "BUY", "hash": "26a0863c2559ef764f2e6056e7aeb3b168009e35", "best_bid": "0.4", "best_ask": "0.96"}, {"asset_id": "111663462646450354062278915933339748110043150715369374847324249160141103663023", "price": "0.89", "size": "350", "side": "SELL", "hash": "68cf194a079b5840e58778eeee2fcea762516192", "best_bid": "0.04", "best_ask": "0.6"}], "timestamp": "1769384032226", "event_type": "price_change"}}
{"_local_timestamp": "2026-01-25T23:33:55.505624+00:00", "data": {"market": "0x82aec16b81552c4ea6905c2f994720d9501154c3b74a0bc5a5ab8f0b0caea7f1", "price_changes": [{"asset_id": "1479692203425130927610602761564344666833458606561007124779091388740273802777", "price": "0.02", "size": "500", "side": "BUY", "hash": "0a645e246f1669706d01b3ac96481e13f1c69516", "best_bid": "0.4", "best_ask": "0.96"}, {"asset_id": "111663462646450354062278915933339748110043150715369374847324249160141103663023", "price": "0.98", "size": "500", "side": "SELL", "hash": "ece2552938437b6b2a2a6b3d9643ec6756d123f7", "best_bid": "0.04", "best_ask": "0.6"}], "timestamp": "1769384035433", "event_type": "price_change"}}
{"_local_timestamp": "2026-01-25T23:33:55.506992+00:00", "data": {"market": "0x82aec16b81552c4ea6905c2f994720d9501154c3b74a0bc5a5ab8f0b0caea7f1", "price_changes": [{"asset_id": "1479692203425130927610602761564344666833458606561007124779091388740273802777", "price": "0.04", "size": "425", "side": "BUY", "hash": "0a645e246f1669706d01b3ac96481e13f1c69516", "best_bid": "0.4", "best_ask": "0.96"}, {"asset_id": "111663462646450354062278915933339748110043150715369374847324249160141103663023", "price": "0.96", "size": "425", "side": "SELL", "hash": "ece2552938437b6b2a2a6b3d9643ec6756d123f7", "best_bid": "0.04", "best_ask": "0.6"}], "timestamp": "1769384035433", "event_type": "price_change"}}
{"_local_timestamp": "2026-01-25T23:33:55.507610+00:00", "data": {"market": "0x82aec16b81552c4ea6905c2f994720d9501154c3b74a0bc5a5ab8f0b0caea7f1", "price_changes": [{"asset_id": "1479692203425130927610602761564344666833458606561007124779091388740273802777", "price": "0.07", "size": "0", "side": "BUY", "hash": "0a645e246f1669706d01b3ac96481e13f1c69516", "best_bid": "0.4", "best_ask": "0.96"}, {"asset_id": "111663462646450354062278915933339748110043150715369374847324249160141103663023", "price": "0.93", "size": "0", "side": "SELL", "hash": "ece2552938437b6b2a2a6b3d9643ec6756d123f7", "best_bid": "0.04", "best_ask": "0.6"}], "timestamp": "1769384035433", "event_type": "price_change"}}
{"_local_timestamp": "2026-01-25T23:33:55.857732+00:00", "data": {"market": "0x82aec16b81552c4ea6905c2f994720d9501154c3b74a0bc5a5ab8f0b0caea7f1", "price_changes": [{"asset_id": "1479692203425130927610602761564344666833458606561007124779091388740273802777", "price": "0.03", "size": "208.25", "side": "BUY", "hash": "77bac58f4121612ad354cc044947c6b78d531a9d", "best_bid": "0.4", "best_ask": "0.96"}, {"asset_id": "111663462646450354062278915933339748110043150715369374847324249160141103663023", "price": "0.97", "size": "208.25", "side": "SELL", "hash": "ba84be053e7541f8f884bdd5610f7f7c13299a57", "best_bid": "0.04", "best_ask": "0.6"}], "timestamp": "1769384035790", "event_type": "price_change"}}
{"_local_timestamp": "2026-01-25T23:33:55.866269+00:00", "data": {"market": "0x82aec16b81552c4ea6905c2f994720d9501154c3b74a0bc5a5ab8f0b0caea7f1", "price_changes": [{"asset_id": "1479692203425130927610602761564344666833458606561007124779091388740273802777", "price": "0.06", "size": "140.02", "side": "BUY", "hash": "0b8eb61a46ce656336a800439fe0566685e37740", "best_bid": "0.4", "best_ask": "0.96"}, {"asset_id": "111663462646450354062278915933339748110043150715369374847324249160141103663023", "price": "0.94", "size": "140.02", "side": "SELL", "hash": "073d35b8b5dcf86165925a70e81fb27dbe02a2b5", "best_bid": "0.04", "best_ask": "0.6"}], "timestamp": "1769384035795", "event_type": "price_change"}}
{"_local_timestamp": "2026-01-25T23:33:55.880468+00:00", "data": {"market": "0x82aec16b81552c4ea6905c2f994720d9501154c3b74a0bc5a5ab8f0b0caea7f1", "price_changes": [{"asset_id": "1479692203425130927610602761564344666833458606561007124779091388740273802777", "price": "0.12", "size": "9.58", "side": "BUY", "hash": "8014896eac019336e76a9d457fceafcd05a8e336", "best_bid": "0.4", "best_ask": "0.96"}, {"asset_id": "111663462646450354062278915933339748110043150715369374847324249160141103663023", "price": "0.88", "size": "9.58", "side": "SELL", "hash": "c482c9b12ba6426ef15791123e39f3d165a67417", "best_bid": "0.04", "best_ask": "0.6"}], "timestamp": "1769384035804", "event_type": "price_change"}}
{"_local_timestamp": "2026-01-25T23:33:55.907485+00:00", "data": {"market": "0x82aec16b81552c4ea6905c2f994720d9501154c3b74a0bc5a5ab8f0b0caea7f1", "price_changes": [{"asset_id": "1479692203425130927610602761564344666833458606561007124779091388740273802777", "price": "0.01", "size": "3584.73", "side": "BUY", "hash": "4792e888164d0f8c69f0d53376363b3ee7465a8a", "best_bid": "0.4", "best_ask": "0.96"}, {"asset_id": "111663462646450354062278915933339748110043150715369374847324249160141103663023", "price": "0.99", "size": "3584.73", "side": "SELL", "hash": "bf75322849e4585f0a150fcc5e5fb6b173e6224d", "best_bid": "0.04", "best_ask": "0.6"}], "timestamp": "1769384035816", "event_type": "price_change"}}
{"_local_timestamp": "2026-01-25T23:34:02.198978+00:00", "data": {"market": "0x6e7e4837ca555b5b02dfa6a55fe743795148fc2b5d8d90797911a1e8270392d3", "price_changes": [{"asset_id": "50224055471780128707422366253813853918328866905983285601565982922855799741030", "price": "0.04", "size": "381.11", "side": "BUY", "hash": "5b54ab85be7827667a2d552656fab58a4423645f", "best_bid": "0.19", "best_ask": "0.55"}, {"asset_id": "89233543414939235169944717531221270166586867227618204450643545899172550842279", "price": "0.96", "size": "381.11", "side": "SELL", "hash": "2a1b9eed7769eab74fe657fe858d2f928c8c0c5e", "best_bid": "0.45", "best_ask": "0.81"}], "timestamp": "1769384042120", "event_type": "price_change"}}
{"_local_timestamp": "2026-01-25T23:34:02.203089+00:00", "data": {"market": "0x6e7e4837ca555b5b02dfa6a55fe743795148fc2b5d8d90797911a1e8270392d3", "price_changes": [{"asset_id": "89233543414939235169944717531221270166586867227618204450643545899172550842279", "price": "0.03", "size": "0", "side": "BUY", "hash": "e03a653fea89eacce45c965eb063720c737083e6", "best_bid": "0.45", "best_ask": "0.81"}, {"asset_id": "50224055471780128707422366253813853918328866905983285601565982922855799741030", "price": "0.97", "size": "0", "side": "SELL", "hash": "d90bac1335b9fe78572581ab397124ef39d05c90", "best_bid": "0.19", "best_ask": "0.55"}], "timestamp": "1769384042120", "event_type": "price_change"}}
{"_local_timestamp": "2026-01-25T23:34:28.732622+00:00", "data": {"market": "0x82aec16b81552c4ea6905c2f994720d9501154c3b74a0bc5a5ab8f0b0caea7f1", "price_changes": [{"asset_id": "1479692203425130927610602761564344666833458606561007124779091388740273802777", "price": "0.11", "size": "550", "side": "BUY", "hash": "55fa151f6396d91900bc4d050441cb2be465157e", "best_bid": "0.4", "best_ask": "0.96"}, {"asset_id": "111663462646450354062278915933339748110043150715369374847324249160141103663023", "price": "0.89", "size": "550", "side": "SELL", "hash": "34f2761e3d296bc6c75abcb5c89b1d3b0acb32b9", "best_bid": "0.04", "best_ask": "0.6"}], "timestamp": "1769384068141", "event_type": "price_change"}}
{"_local_timestamp": "2026-01-25T23:34:28.852974+00:00", "data": {"market": "0x82aec16b81552c4ea6905c2f994720d9501154c3b74a0bc5a5ab8f0b0caea7f1", "price_changes": [{"asset_id": "1479692203425130927610602761564344666833458606561007124779091388740273802777", "price": "0.01", "size": "3884.73", "side": "BUY", "hash": "7f068287df7834fca8a5fcf6552f3398aeba3236", "best_bid": "0.4", "best_ask": "0.96"}, {"asset_id": "111663462646450354062278915933339748110043150715369374847324249160141103663023", "price": "0.99", "size": "3884.73", "side": "SELL", "hash": "f5bd190bdb5fc6a409dc9c2427fcf1b3b60dca67", "best_bid": "0.04", "best_ask": "0.6"}], "timestamp": "1769384068225", "event_type": "price_change"}}
