{"_local_timestamp": "2026-01-25T23:33:27.193151+00:00", "data": [{"market": "0x82aec16b81552c4ea6905c2f994720d9501154c3b74a0bc5a5ab8f0b0caea7f1", "asset_id": "1479692203425130927610602761564344666833458606561007124779091388740273802777", "timestamp": "1769383963541", "hash": "7c4d578d0c839650da9232b1102e077692c22a22", "bids": [{"price": "0.01", "size": "3576.56"}, {"price": "0.02", "size": "509.38"}, {"price": "0.03", "size": "200"}, {"price": "0.04", "size": "431.42"}, {"price": "0.05", "size": "330"}, {"price": "0.06", "size": "133"}, {"price": "0.07", "size": "20.8"}, {"price": "0.11", "size": "275"}, {"price": "0.17", "size": "216.66"}, {"price": "0.22", "size": "150"}, {"price": "0.23", "size": "75"}, {"price": "0.39", "size": "66.66"}, {"price": "0.4", "size": "20"}], "asks": [{"price": "0.99", "size": "79"}, {"price": "0.98", "size": "116.76"}, {"price": "0.97", "size": "7.03"}, {"price": "0.96", "size": "55.66"}], "event_type": "book", "last_trade_price": ""}, {"market": "0x6e7e4837ca555b5b02dfa6a55fe743795148fc2b5d8d90797911a1e8270392d3", "asset_id": "50224055471780128707422366253813853918328866905983285601565982922855799741030", "timestamp": "1769383901928", "hash": "90c078e1464cc27707f59ac332754e2869a29ba2", "bids": [{"price": "0.01", "size": "1213.88"}, {"price": "0.02", "size": "513.15"}, {"price": "0.03", "size": "300"}, {"price": "0.04", "size": "531.11"}, {"price": "0.05", "size": "300"}, {"price": "0.06", "size": "160.4"}, {"price": "0.07", "size": "100"}, {"price": "0.08", "size": "63"}, {"price": "0.09", "size": "11.33"}, {"price": "0.13", "size": "100"}, {"price": "0.14", "size": "54.84"}, {"price": "0.15", "size": "8.5"}, {"price": "0.19", "size": "60.1"}], "asks": [{"price": "0.99", "size": "3850"}, {"price": "0.98", "size": "208.45"}, {"price": "0.97", "size": "150"}, {"price": "0.95", "size": "200"}, {"price": "0.94", "size": "300"}, {"price": "0.93", "size": "107.1"}, {"price": "0.87", "size": "291.66"}, {"price": "0.86", "size": "8.5"}, {"price": "0.84", "size": "150"}, {"price": "0.79", "size": "145"}, {"price": "0.71", "size": "66.66"}, {"price": "0.58", "size": "5"}, {"price": "0.56", "size": "7"}, {"price": "0.55", "size": "66.66"}], "event_type": "book", "last_trade_price": ""}, {"market": "0x84169ee0526d9f65fc6fa07187ef848f201470b93f9febb2a72f8d991f44ce18", "asset_id": "27587305411657999065289889476865740185383587834702468708466074841230691880703", "timestamp": "1769383917519", "hash": "46e89ab78353fa19ab161c2ce94dee385ff5c767", "bids": [{"price": "0.01", "size": "6581.53"}, {"price": "0.02", "size": "1500"}, {"price": "0.03", "size": "8.9"}, {"price": "0.04", "size": "1575"}, {"price": "0.05", "size": "30"}, {"price": "0.06", "size": "33"}, {"price": "0.07", "size": "7.43"}, {"price": "0.08", "size": "1250"}, {"price": "0.12", "size": "883.33"}, {"price": "0.13", "size": "100"}, {"price": "0.16", "size": "600"}, {"price": "0.17", "size": "6.25"}, {"price": "0.2", "size": "140"}, {"price": "0.24", "size": "408.33"}, {"price": "0.28", "size": "185.71"}, {"price": "0.32", "size": "62.5"}, {"price": "0.33", "size": "31"}, {"price": "0.34", "size": "50"}, {"price": "0.38", "size": "141.66"}, {"price": "0.39", "size": "20"}, {"price": "0.44", "size": "5"}, {"price": "0.66", "size": "150"}, {"price": "0.75", "size": "5"}, {"price": "0.76", "size": "66.66"}], "asks": [{"price": "0.99", "size": "200"}], "event_type": "book", "last_trade_price": ""}, {"market": "0x6e7e4837ca555b5b02dfa6a55fe743795148fc2b5d8d90797911a1e8270392d3", "asset_id": "89233543414939235169944717531221270166586867227618204450643545899172550842279", "timestamp": "1769383901928", "hash": "1b01672dbb926ba21085328452ea744460cf6029", "bids": [{"price": "0.01", "size": "3850"}, {"price": "0.02", "size": "208.45"}, {"price": "0.03", "size": "150"}, {"price": "0.05", "size": "200"}, {"price": "0.06", "size": "300"}, {"price": "0.07", "size": "107.1"}, {"price": "0.13", "size": "291.66"}, {"price": "0.14", "size": "8.5"}, {"price": "0.16", "size": "150"}, {"price": "0.21", "size": "145"}, {"price": "0.29", "size": "66.66"}, {"price": "0.42", "size": "5"}, {"price": "0.44", "size": "7"}, {"price": "0.45", "size": "66.66"}], "asks": [{"price": "0.99", "size": "1213.88"}, {"price": "0.98", "size": "513.15"}, {"price": "0.97", "size": "300"}, {"price": "0.96", "size": "531.11"}, {"price": "0.95", "size": "300"}, {"price": "0.94", "size": "160.4"}, {"price": "0.93", "size": "100"}, {"price": "0.92", "size": "63"}, {"price": "0.91", "size": "11.33"}, {"price": "0.87", "size": "100"}, {"price": "0.86", "size": "54.84"}, {"price": "0.85", "size": "8.5"}, {"price": "0.81", "size": "60.1"}], "event_type": "book", "last_trade_price": ""}, {"market": "0x84169ee0526d9f65fc6fa07187ef848f201470b93f9febb2a72f8d991f44ce18", "asset_id": "24422828933746492274958960785445833869400999069710589630837618930130806005340", "timestamp": "1769383917519", "hash": "07eb8cd694c22d381376c4857e9544e94a97d485", "bids": [{"price": "0.01", "size": "200"}], "asks": [{"price": "0.99", "size": "6581.53"}, {"price": "0.98", "size": "1500"}, {"price": "0.97", "size": "8.9"}, {"price": "0.96", "size": "1575"}, {"price": "0.95", "size": "30"}, {"price": "0.94", "size": "33"}, {"price": "0.93", "size": "7.43"}, {"price": "0.92", "size": "1250"}, {"price": "0.88", "size": "883.33"}, {"price": "0.87", "size": "100"}, {"price": "0.84", "size": "600"}, {"price": "0.83", "size": "6.25"}, {"price": "0.8", "size": "140"}, {"price": "0.76", "size": "408.33"}, {"price": "0.72", "size": "185.71"}, {"price": "0.68", "size": "62.5"}, {"price": "0.67", "size": "31"}, {"price": "0.66", "size": "50"}, {"price": "0.62", "size": "141.66"}, {"price": "0.61", "size": "20"}, {"price": "0.56", "size": "5"}, {"price": "0.34", "size": "150"}, {"price": "0.25", "size": "5"}, {"price": "0.24", "size": "66.66"}], "event_type": "book", "last_trade_price": ""}, {"market": "0x82aec16b81552c4ea6905c2f994720d9501154c3b74a0bc5a5ab8f0b0caea7f1", "asset_id": "111663462646450354062278915933339748110043150715369374847324249160141103663023", "timestamp": "1769383963541", "hash": "231994c68175226824eb6b65e0ba6b9cf7b7d51c", "bids": [{"price": "0.01", "size": "79"}, {"price": "0.02", "size": "116.76"}, {"price": "0.03", "size": "7.03"}, {"price": "0.04", "size": "55.66"}], "asks": [{"price": "0.99", "size": "3576.56"}, {"price": "0.98", "size": "509.38"}, {"price": "0.97", "size": "200"}, {"price": "0.96", "size": "431.42"}, {"price": "0.95", "size": "330"}, {"price": "0.94", "size": "133"}, {"price": "0.93", "size": "20.8"}, {"price": "0.89", "size": "275"}, {"price": "0.83", "size": "216.66"}, {"price": "0.78", "size": "150"}, {"price": "0.77", "size": "75"}, {"price": "0.61", "size": "66.66"}, {"price": "0.6", "size": "20"}], "event_type": "book", "last_trade_price": ""}]}
{"_local_timestamp": "2026-01-25T23:33:33.185120+00:00", "data": {"market": "0x84169ee0526d9f65fc6fa07187ef848f201470b93f9febb2a72f8d991f44ce18", "price_changes": [{"asset_id": "27587305411657999065289889476865740185383587834702468708466074841230691880703", "price": "0.34", "size": "0", "side": "BUY", "hash": "19de56bb768603c0a3bfc64d1e5a9c4af30f5319", "best_bid": "0.76", "best_ask": "0.99"}, {"asset_id": "24422828933746492274958960785445833869400999069710589630837618930130806005340", "price": "0.66", "size": "0", "side": "SELL", "hash": "409d6e1308acd5f116c73a8f327db5909d67a296", "best_bid": "0.01", "best_ask": "0.24"}], "timestamp": "1769384013047", "event_type": "price_change"}}
{"_local_timestamp": "2026-01-25T23:33:40.813299+00:00", "data": {"market": "0x82aec16b81552c4ea6905c2f994720d9501154c3b74a0bc5a5ab8f0b0caea7f1", "price_changes": [{"asset_id": "1479692203425130927610602761564344666833458606561007124779091388740273802777", "price": "0.11", "size": "400", "side": "BUY", "hash": "7296a785e978f67f822b4c95dc32e814a6572127", "best_bid": "0.4", "best_ask": "0.96"}, {"asset_id": "111663462646450354062278915933339748110043150715369374847324249160141103663023", "price": "0.89", "size": "400", "side": "SELL", "hash": "b4dc983c4a0573b4b739109170f05c3ad8b6c2a1", "best_bid": "0.04", "best_ask": "0.6"}], "timestamp": "1769384020561", "event_type": "price_change"}}
{"_local_timestamp": "2026-01-25T23:33:52.309751+00:00", "data": {"market": "0x82aec16b81552c4ea6905c2f994720d9501154c3b74a0bc5a5ab8f0b0caea7f1", "price_changes": [{"asset_id": "1479692203425130927610602761564344666833458606561007124779091388740273802777", "price": "0.11", "size": "350", "side": "BUY", "hash": "26a0863c2559ef764f2e6056e7aeb3b168009e35", "best_bid": "0.4", "best_ask": "0.96"}, {"asset_id": "111663462646450354062278915933339748110043150715369374847324249160141103663023", "price": "0.89", "size": "350", "side": "SELL", "hash": "68cf194a079b5840e58778eeee2fcea762516192", "best_bid": "0.04", "best_ask": "0.6"}], "timestamp": "1769384032226", "event_type": "price_change"}}
{"_local_timestamp": "2026-01-25T23:33:55.505624+00:00", "data": {"market": "0x82aec16b81552c4ea6905c2f994720d9501154c3b74a0bc5a5ab8f0b0caea7f1", "price_changes": [{"asset_id": "1479692203425130927610602761564344666833458606561007124779091388740273802777", "price": "0.02", "size": "500", "side": "BUY", "hash": "0a645e246f1669706d01b3ac96481e13f1c69516", "best_bid": "0.4", "best_ask": "0.96"}, {"asset_id": "111663462646450354062278915933339748110043150715369374847324249160141103663023", "price": "0.98", "size": "500", "side": "SELL", "hash": "ece2552938437b6b2a2a6b3d9643ec6756d123f7", "best_bid": "0.04", "best_ask": "0.6"}], "timestamp": "1769384035433", "event_type": "price_change"}}
{"_local_timestamp": "2026-01-25T23:33:55.506992+00:00", "data": {"market": "0x82aec16b81552c4ea6905c2f994720d9501154c3b74a0bc5a5ab8f0b0caea7f1", "price_changes": [{"asset_id": "1479692203425130927610602761564344666833458606561007124779091388740273802777", "price": "0.04", "size": "425", "side": "BUY", "hash": "0a645e246f1669706d01b3ac96481e13f1c69516", "best_bid": "0.4", "best_ask": "0.96"}, {"asset_id": "111663462646450354062278915933339748110043150715369374847324249160141103663023", "price": "0.96", "size": "425", "side": "SELL", "hash": "ece2552938437b6b2a2a6b3d9643ec6756d123f7", "best_bid": "0.04", "best_ask": "0.6"}], "timestamp": "1769384035433", "event_type": "price_change"}}
{"_local_timestamp": "2026-01-25T23:33:55.507610+00:00", "data": {"market": "0x82aec16b81552c4ea6905c2f994720d9501154c3b74a0bc5a5ab8f0b0caea7f1", "price_changes": [{"asset_id": "1479692203425130927610602761564344666833458606561007124779091388740273802777", "price": "0.07", "size": "0", "side": "BUY", "hash": "0a645e246f1669706d01b3ac96481e13f1c69516", "best_bid": "0.4", "best_ask": "0.96"}, {"asset_id": "111663462646450354062278915933339748110043150715369374847324249160141103663023", "price": "0.93", "size": "0", "side": "SELL", "hash": "ece2552938437b6b2a2a6b3d9643ec6756d123f7", "best_bid": "0.04", "best_ask": "0.6"}], "timestamp": "1769384035433", "event_type": "price_change"}}
{"_local_timestamp": "2026-01-25T23:33:55.857732+00:00", "data": {"market": "0x82aec16b81552c4ea6905c2f994720d9501154c3b74a0bc5a5ab8f0b0caea7f1", "price_changes": [{"asset_id": "1479692203425130927610602761564344666833458606561007124779091388740273802777", "price": "0.03", "size": "208.25", "side": "BUY", "hash": "77bac58f4121612ad354cc044947c6b78d531a9d", "best_bid": "0.4", "best_ask": "0.96"}, {"asset_id": "111663462646450354062278915933339748110043150715369374847324249160141103663023", "price": "0.97", "size": "208.25", "side": "SELL", "hash": "ba84be053e7541f8f884bdd5610f7f7c13299a57", "best_bid": "0.04", "best_ask": "0.6"}], "timestamp": "1769384035790", "event_type": "price_change"}}
{"_local_timestamp": "2026-01-25T23:33:55.866269+00:00", "data": {"market": "0x82aec16b81552c4ea6905c2f994720d9501154c3b74a0bc5a5ab8f0b0caea7f1", "price_changes": [{"asset_id": "1479692203425130927610602761564344666833458606561007124779091388740273802777", "price": "0.06", "size": "140.02", "side": "BUY", "hash": "0b8eb61a46ce656336a800439fe0566685e37740", "best_bid": "0.4", "best_ask": "0.96"}, {"asset_id": "111663462646450354062278915933339748110043150715369374847324249160141103663023", "price": "0.94", "size": "140.02", "side": "SELL", "hash": "073d35b8b5dcf86165925a70e81fb27dbe02a2b5", "best_bid": "0.04", "best_ask": "0.6"}], "timestamp": "1769384035795", "event_type": "price_change"}}
{"_local_timestamp": "2026-01-25T23:33:55.880468+00:00", "data": {"market": "0x82aec16b81552c4ea6905c2f994720d9501154c3b74a0bc5a5ab8f0b0caea7f1", "price_changes": [{"asset_id": "1479692203425130927610602761564344666833458606561007124779091388740273802777", "price": "0.12", "size": "9.58", "side": "BUY", "hash": "8014896eac019336e76a9d457fceafcd05a8e336", "best_bid": "0.4", "best_ask": "0.96"}, {"asset_id": "111663462646450354062278915933339748110043150715369374847324249160141103663023", "price": "0.88", "size": "9.58", "side": "SELL", "hash": "c482c9b12ba6426ef15791123e39f3d165a67417", "best_bid": "0.04", "best_ask": "0.6"}], "timestamp": "1769384035804", "event_type": "price_change"}}
{"_local_timestamp": "2026-01-25T23:33:55.907485+00:00", "data": {"market": "0x82aec16b81552c4ea6905c2f994720d9501154c3b74a0bc5a5ab8f0b0caea7f1", "price_changes": [{"asset_id": "1479692203425130927610602761564344666833458606561007124779091388740273802777", "price": "0.01", "size": "3584.73", "side": "BUY", "hash": "4792e888164d0f8c69f0d53376363b3ee7465a8a", "best_bid": "0.4", "best_ask": "0.96"}, {"asset_id": "111663462646450354062278915933339748110043150715369374847324249160141103663023", "price": "0.99", "size": "3584.73", "side": "SELL", "hash": "bf75322849e4585f0a150fcc5e5fb6b173e6224d", "best_bid": "0.04", "best_ask": "0.6"}], "timestamp": "1769384035816", "event_type": "price_change"}}
{"_local_timestamp": "2026-01-25T23:34:02.198978+00:00", "data": {"market": "0x6e7e4837ca555b5b02dfa6a55fe743795148fc2b5d8d90797911a1e8270392d3", "price_changes": [{"asset_id": "50224055471780128707422366253813853918328866905983285601565982922855799741030", "price": "0.04", "size": "381.11", "side": "BUY", "hash": "5b54ab85be7827667a2d552656fab58a4423645f", "best_bid": "0.19", "best_ask": "0.55"}, {"asset_id": "89233543414939235169944717531221270166586867227618204450643545899172550842279", "price": "0.96", "size": "381.11", "side": "SELL", "hash": "2a1b9eed7769eab74fe657fe858d2f928c8c0c5e", "best_bid": "0.45", "best_ask": "0.81"}], "timestamp": "1769384042120", "event_type": "price_change"}}
{"_local_timestamp": "2026-01-25T23:34:02.203089+00:00", "data": {"market": "0x6e7e4837ca555b5b02dfa6a55fe743795148fc2b5d8d90797911a1e8270392d3", "price_changes": [{"asset_id": "89233543414939235169944717531221270166586867227618204450643545899172550842279", "price": "0.03", "size": "0", "side": "BUY", "hash": "e03a653fea89eacce45c965eb063720c737083e6", "best_bid": "0.45", "best_ask": "0.81"}, {"asset_id": "50224055471780128707422366253813853918328866905983285601565982922855799741030", "price": "0.97", "size": "0", "side": "SELL", "hash": "d90bac1335b9fe78572581ab397124ef39d05c90", "best_bid": "0.19", "best_ask": "0.55"}], "timestamp": "1769384042120", "event_type": "price_change"}}
{"_local_timestamp": "2026-01-25T23:34:28.732622+00:00", "data": {"market": "0x82aec16b81552c4ea6905c2f994720d9501154c3b74a0bc5a5ab8f0b0caea7f1", "price_changes": [{"asset_id": "1479692203425130927610602761564344666833458606561007124779091388740273802777", "price": "0.11", "size": "550", "side": "BUY", "hash": "55fa151f6396d91900bc4d050441cb2be465157e", "best_bid": "0.4", "best_ask": "0.96"}, {"asset_id": "111663462646450354062278915933339748110043150715369374847324249160141103663023", "price": "0.89", "size": "550", "side": "SELL", "hash": "34f2761e3d296bc6c75abcb5c89b1d3b0acb32b9", "best_bid": "0.04", "best_ask": "0.6"}], "timestamp": "1769384068141", "event_type": "price_change"}}
{"_local_timestamp": "2026-01-25T23:34:28.852974+00:00", "data": {"market": "0x82aec16b81552c4ea6905c2f994720d9501154c3b74a0bc5a5ab8f0b0caea7f1", "price_changes": [{"asset_id": "1479692203425130927610602761564344666833458606561007124779091388740273802777", "price": "0.01", "size": "3884.73", "side": "BUY", "hash": "7f068287df7834fca8a5fcf6552f3398aeba3236", "best_bid": "0.4", "best_ask": "0.96"}, {"asset_id": "111663462646450354062278915933339748110043150715369374847324249160141103663023", "price": "0.99", "size": "3884.73", "side": "SELL", "hash": "f5bd190bdb5fc6a409dc9c2427fcf1b3b60dca67", "best_bid": "0.04", "best_ask": "0.6"}], "timestamp": "1769384068225", "event_type": "price_change"}}
{"_local_timestamp": "2026-01-25T23:34:41.629411+00:00", "data": {"market": "0x82aec16b81552c4ea6905c2f994720d9501154c3b74a0bc5a5ab8f0b0caea7f1", "price_changes": [{"asset_id": "1479692203425130927610602761564344666833458606561007124779091388740273802777", "price": "0.39", "size": "0", "side": "BUY", "hash": "e171c5a2ed1d771f88e3eeb7e163f4f38a17df6b", "best_bid": "0.4", "best_ask": "0.96"}, {"asset_id": "111663462646450354062278915933339748110043150715369374847324249160141103663023", "price": "0.61", "size": "0", "side": "SELL", "hash": "c9d70127a8db96bd3ff107ad021489710ed393b2", "best_bid": "0.04", "best_ask": "0.6"}], "timestamp": "1769384081473", "event_type": "price_change"}}
{"_local_timestamp": "2026-01-25T23:34:41.631528+00:00", "data": {"market": "0x82aec16b81552c4ea6905c2f994720d9501154c3b74a0bc5a5ab8f0b0caea7f1", "price_changes": [{"asset_id": "1479692203425130927610602761564344666833458606561007124779091388740273802777", "price": "0.17", "size": "150", "side": "BUY", "hash": "e171c5a2ed1d771f88e3eeb7e163f4f38a17df6b", "best_bid": "0.4", "best_ask": "0.96"}, {"asset_id": "111663462646450354062278915933339748110043150715369374847324249160141103663023", "price": "0.83", "size": "150", "side": "SELL", "hash": "c9d70127a8db96bd3ff107ad021489710ed393b2", "best_bid": "0.04", "best_ask": "0.6"}], "timestamp": "1769384081473", "event_type": "price_change"}}
{"_local_timestamp": "2026-01-25T23:34:41.905987+00:00", "data": {"market": "0x82aec16b81552c4ea6905c2f994720d9501154c3b74a0bc5a5ab8f0b0caea7f1", "price_changes": [{"asset_id": "1479692203425130927610602761564344666833458606561007124779091388740273802777", "price": "0.21", "size": "66.66", "side": "BUY", "hash": "6cfa9bdd1c94b7db2f1e57e9e9a5fdbbcfe584fe", "best_bid": "0.4", "best_ask": "0.96"}, {"asset_id": "111663462646450354062278915933339748110043150715369374847324249160141103663023", "price": "0.79", "size": "66.66", "side": "SELL", "hash": "3d34d5afe15a18f45969d4c39a0cc6ccc7a54884", "best_bid": "0.04", "best_ask": "0.6"}], "timestamp": "1769384081836", "event_type": "price_change"}}
{"_local_timestamp": "2026-01-25T23:34:41.955080+00:00", "data": {"market": "0x82aec16b81552c4ea6905c2f994720d9501154c3b74a0bc5a5ab8f0b0caea7f1", "price_changes": [{"asset_id": "1479692203425130927610602761564344666833458606561007124779091388740273802777", "price": "0.41", "size": "66.66", "side": "BUY", "hash": "7ca75b2543812b29391f528873383e20fd5fd6ee", "best_bid": "0.41", "best_ask": "0.96"}, {"asset_id": "111663462646450354062278915933339748110043150715369374847324249160141103663023", "price": "0.59", "size": "66.66", "side": "SELL", "hash": "ce786ef29d62ef0242404b85295b9962f29faf04", "best_bid": "0.04", "best_ask": "0.59"}], "timestamp": "1769384081878", "event_type": "price_change"}}
{"_local_timestamp": "2026-01-25T23:34:46.121320+00:00", "data": {"market": "0x82aec16b81552c4ea6905c2f994720d9501154c3b74a0bc5a5ab8f0b0caea7f1", "price_changes": [{"asset_id": "1479692203425130927610602761564344666833458606561007124779091388740273802777", "price": "0.4", "size": "0", "side": "BUY", "hash": "8d3d932b9d5d80e70d7f7417011942986cf11d73", "best_bid": "0.41", "best_ask": "0.96"}, {"asset_id": "111663462646450354062278915933339748110043150715369374847324249160141103663023", "price": "0.6", "size": "0", "side": "SELL", "hash": "8d74e7850a25f89dd42c514f04f835297df46ff2", "best_bid": "0.04", "best_ask": "0.59"}], "timestamp": "1769384086054", "event_type": "price_change"}}
{"_local_timestamp": "2026-01-25T23:34:46.154026+00:00", "data": {"market": "0x82aec16b81552c4ea6905c2f994720d9501154c3b74a0bc5a5ab8f0b0caea7f1", "price_changes": [{"asset_id": "1479692203425130927610602761564344666833458606561007124779091388740273802777", "price": "0.24", "size": "20", "side": "BUY", "hash": "ffafd3d7df64cf143fef5e5eae56e0ca22a1b508", "best_bid": "0.41", "best_ask": "0.96"}, {"asset_id": "111663462646450354062278915933339748110043150715369374847324249160141103663023", "price": "0.76", "size": "20", "side": "SELL", "hash": "81060e5c5f3e9d5e219952f5eb5c83a44164d77a", "best_bid": "0.04", "best_ask": "0.59"}], "timestamp": "1769384086081", "event_type": "price_change"}}
{"_local_timestamp": "2026-01-25T23:34:58.116459+00:00", "data": {"market": "0x6e7e4837ca555b5b02dfa6a55fe743795148fc2b5d8d90797911a1e8270392d3", "price_changes": [{"asset_id": "89233543414939235169944717531221270166586867227618204450643545899172550842279", "price": "0.02", "size": "200", "side": "BUY", "hash": "30fb423c7dd1063a8f8fc05038472b8dc76bdefe", "best_bid": "0.45", "best_ask": "0.81"}, {"asset_id": "50224055471780128707422366253813853918328866905983285601565982922855799741030", "price": "0.98", "size": "200", "side": "SELL", "hash": "ed4c9007c1c805adab98d312a07f19638755acb9", "best_bid": "0.19", "best_ask": "0.55"}], "timestamp": "1769384098045", "event_type": "price_change"}}
{"_local_timestamp": "2026-01-25T23:34:58.116992+00:00", "data": {"market": "0x6e7e4837ca555b5b02dfa6a55fe743795148fc2b5d8d90797911a1e8270392d3", "price_changes": [{"asset_id": "89233543414939235169944717531221270166586867227618204450643545899172550842279", "price": "0.07", "size": "100", "side": "BUY", "hash": "30fb423c7dd1063a8f8fc05038472b8dc76bdefe", "best_bid": "0.45", "best_ask": "0.81"}, {"asset_id": "50224055471780128707422366253813853918328866905983285601565982922855799741030", "price": "0.93", "size": "100", "side": "SELL", "hash": "ed4c9007c1c805adab98d312a07f19638755acb9", "best_bid": "0.19", "best_ask": "0.55"}], "timestamp": "1769384098045", "event_type": "price_change"}}
{"_local_timestamp": "2026-01-25T23:34:58.441549+00:00", "data": {"market": "0x6e7e4837ca555b5b02dfa6a55fe743795148fc2b5d8d90797911a1e8270392d3", "price_changes": [{"asset_id": "89233543414939235169944717531221270166586867227618204450643545899172550842279", "price": "0.08", "size": "5.53", "side": "BUY", "hash": "677daee53c66b5bd67fa5e3657c5cd6691489d8d", "best_bid": "0.45", "best_ask": "0.81"}, {"asset_id": "50224055471780128707422366253813853918328866905983285601565982922855799741030", "price": "0.92", "size": "5.53", "side": "SELL", "hash": "aca5131e6e621f5828ff1a205b4d09f994dc6d62", "best_bid": "0.19", "best_ask": "0.55"}], "timestamp": "1769384098369", "event_type": "price_change"}}
{"_local_timestamp": "2026-01-25T23:34:58.441914+00:00", "data": {"market": "0x6e7e4837ca555b5b02dfa6a55fe743795148fc2b5d8d90797911a1e8270392d3", "price_changes": [{"asset_id": "89233543414939235169944717531221270166586867227618204450643545899172550842279", "price": "0.01", "size": "3857.24", "side": "BUY", "hash": "2ff27211d6522f25353bdd7dfec0aeaa6998c1d0", "best_bid": "0.45", "best_ask": "0.81"}, {"asset_id": "50224055471780128707422366253813853918328866905983285601565982922855799741030", "price": "0.99", "size": "3857.24", "side": "SELL", "hash": "e9f87cc88f870fa99fbf13a391173dbac07f8b02", "best_bid": "0.19", "best_ask": "0.55"}], "timestamp": "1769384098370", "event_type": "price_change"}}
{"_local_timestamp": "2026-01-25T23:34:58.444094+00:00", "data": {"market": "0x6e7e4837ca555b5b02dfa6a55fe743795148fc2b5d8d90797911a1e8270392d3", "price_changes": [{"asset_id": "89233543414939235169944717531221270166586867227618204450643545899172550842279", "price": "0.03", "size": "5.05", "side": "BUY", "hash": "c0f415d1afd852cf4624950e3f44cb97564c82b8", "best_bid": "0.45", "best_ask": "0.81"}, {"asset_id": "50224055471780128707422366253813853918328866905983285601565982922855799741030", "price": "0.97", "size": "5.05", "side": "SELL", "hash": "5392f81015a21c8b526f90fc55ab77371127e405", "best_bid": "0.19", "best_ask": "0.55"}], "timestamp": "1769384098372", "event_type": "price_change"}}
{"_local_timestamp": "2026-01-25T23:35:13.390407+00:00", "data": {"market": "0x6e7e4837ca555b5b02dfa6a55fe743795148fc2b5d8d90797911a1e8270392d3", "price_changes": [{"asset_id": "89233543414939235169944717531221270166586867227618204450643545899172550842279", "price": "0.05", "size": "100", "side": "BUY", "hash": "d1349d0e48509a4933baa6e71b871165adb03a0b", "best_bid": "0.45", "best_ask": "0.81"}, {"asset_id": "50224055471780128707422366253813853918328866905983285601565982922855799741030", "price": "0.95", "size": "100", "side": "SELL", "hash": "82008e41b04b45a7a91e874a928d40c30215d1fc", "best_bid": "0.19", "best_ask": "0.55"}], "timestamp": "1769384113239", "event_type": "price_change"}}
{"_local_timestamp": "2026-01-25T23:35:13.395524+00:00", "data": {"market": "0x82aec16b81552c4ea6905c2f994720d9501154c3b74a0bc5a5ab8f0b0caea7f1", "price_changes": [{"asset_id": "1479692203425130927610602761564344666833458606561007124779091388740273802777", "price": "0.06", "size": "40.02", "side": "BUY", "hash": "8bf4c87bd26205af3971b90de8a462d3ef14a7f8", "best_bid": "0.41", "best_ask": "0.96"}, {"asset_id": "111663462646450354062278915933339748110043150715369374847324249160141103663023", "price": "0.94", "size": "40.02", "side": "SELL", "hash": "4227161010f7851d76137e89fd4a2e9376efd091", "best_bid": "0.04", "best_ask": "0.59"}], "timestamp": "1769384113240", "event_type": "price_change"}}
{"_local_timestamp": "2026-01-25T23:35:13.397948+00:00", "data": {"market": "0x6e7e4837ca555b5b02dfa6a55fe743795148fc2b5d8d90797911a1e8270392d3", "price_changes": [{"asset_id": "50224055471780128707422366253813853918328866905983285601565982922855799741030", "price": "0.07", "size": "0", "side": "BUY", "hash": "cc35e61ef64f1bbf2c029c44fa2cd51a6b9d3b38", "best_bid": "0.19", "best_ask": "0.55"}, {"asset_id": "89233543414939235169944717531221270166586867227618204450643545899172550842279", "price": "0.93", "size": "0", "side": "SELL", "hash": "4639c7c70df9fe980e7ca13b9b0e3d2ac405c19d", "best_bid": "0.45", "best_ask": "0.81"}], "timestamp": "1769384113240", "event_type": "price_change"}}
{"_local_timestamp": "2026-01-25T23:35:13.829703+00:00", "data": {"market": "0x6e7e4837ca555b5b02dfa6a55fe743795148fc2b5d8d90797911a1e8270392d3", "price_changes": [{"asset_id": "89233543414939235169944717531221270166586867227618204450643545899172550842279", "price": "0.07", "size": "200", "side": "BUY", "hash": "02e449e021c506ca9332f36c38f88c2b6cb7aac0", "best_bid": "0.45", "best_ask": "0.81"}, {"asset_id": "50224055471780128707422366253813853918328866905983285601565982922855799741030", "price": "0.93", "size": "200", "side": "SELL", "hash": "20607837bbfd1d553c7f9627c0021ea78629c992", "best_bid": "0.19", "best_ask": "0.55"}], "timestamp": "1769384113739", "event_type": "price_change"}}
{"_local_timestamp": "2026-01-25T23:35:13.840486+00:00", "data": {"market": "0x6e7e4837ca555b5b02dfa6a55fe743795148fc2b5d8d90797911a1e8270392d3", "price_changes": [{"asset_id": "50224055471780128707422366253813853918328866905983285601565982922855799741030", "price": "0.06", "size": "260.4", "side": "BUY", "hash": "682bc48df9c42675f7dfbf0ba1031183370978fd", "best_bid": "0.19", "best_ask": "0.55"}, {"asset_id": "89233543414939235169944717531221270166586867227618204450643545899172550842279", "price": "0.94", "size": "260.4", "side": "SELL", "hash": "55ed518dc9431c71b61604030a81bd2fce5e6ffb", "best_bid": "0.45", "best_ask": "0.81"}], "timestamp": "1769384113746", "event_type": "price_change"}}
{"_local_timestamp": "2026-01-25T23:35:23.751392+00:00", "data": {"market": "0x82aec16b81552c4ea6905c2f994720d9501154c3b74a0bc5a5ab8f0b0caea7f1", "price_changes": [{"asset_id": "1479692203425130927610602761564344666833458606561007124779091388740273802777", "price": "0.17", "size": "0", "side": "BUY", "hash": "9e973e9fbe0836153e0e589fbc47304d981d7785", "best_bid": "0.41", "best_ask": "0.96"}, {"asset_id": "111663462646450354062278915933339748110043150715369374847324249160141103663023", "price": "0.83", "size": "0", "side": "SELL", "hash": "5bb386ef59f52c29ad8f60efebef4ca4b4aef269", "best_bid": "0.04", "best_ask": "0.59"}], "timestamp": "1769384123669", "event_type": "price_change"}}
{"_local_timestamp": "2026-01-25T23:35:24.223430+00:00", "data": {"market": "0x82aec16b81552c4ea6905c2f994720d9501154c3b74a0bc5a5ab8f0b0caea7f1", "price_changes": [{"asset_id": "1479692203425130927610602761564344666833458606561007124779091388740273802777", "price": "0.16", "size": "150", "side": "BUY", "hash": "1b3ed6ece9ab2ba9caec0fae4573b02e04e3b0c6", "best_bid": "0.41", "best_ask": "0.96"}, {"asset_id": "111663462646450354062278915933339748110043150715369374847324249160141103663023", "price": "0.84", "size": "150", "side": "SELL", "hash": "430d926feccfebd9df0097edd555aecc9a070e9b", "best_bid": "0.04", "best_ask": "0.59"}], "timestamp": "1769384123940", "event_type": "price_change"}}
{"_local_timestamp": "2026-01-25T23:35:26.762255+00:00", "data": {"market": "0x82aec16b81552c4ea6905c2f994720d9501154c3b74a0bc5a5ab8f0b0caea7f1", "price_changes": [{"asset_id": "1479692203425130927610602761564344666833458606561007124779091388740273802777", "price": "0.11", "size": "425", "side": "BUY", "hash": "a2c22cbc9c1ac41afb468370dc7427f9cf5c3e58", "best_bid": "0.41", "best_ask": "0.96"}, {"asset_id": "111663462646450354062278915933339748110043150715369374847324249160141103663023", "price": "0.89", "size": "425", "side": "SELL", "hash": "80a0158199d9906135c5676b2de7612f09fcea37", "best_bid": "0.04", "best_ask": "0.59"}], "timestamp": "1769384126578", "event_type": "price_change"}}
{"_local_timestamp": "2026-01-25T23:36:01.690287+00:00", "data": {"market": "0x82aec16b81552c4ea6905c2f994720d9501154c3b74a0bc5a5ab8f0b0caea7f1", "price_changes": [{"asset_id": "1479692203425130927610602761564344666833458606561007124779091388740273802777", "price": "0.25", "size": "158", "side": "BUY", "hash": "70f091e1dbf241ddf05364203602382551a24ec8", "best_bid": "0.41", "best_ask": "0.96"}, {"asset_id": "111663462646450354062278915933339748110043150715369374847324249160141103663023", "price": "0.75", "size": "158", "side": "SELL", "hash": "4f409ece0dfc2ba141718ac86e97200cdc5c3356", "best_bid": "0.04", "best_ask": "0.59"}], "timestamp": "1769384161622", "event_type": "price_change"}}
{"_local_timestamp": "2026-01-25T23:36:01.691214+00:00", "data": {"market": "0x82aec16b81552c4ea6905c2f994720d9501154c3b74a0bc5a5ab8f0b0caea7f1", "price_changes": [{"asset_id": "1479692203425130927610602761564344666833458606561007124779091388740273802777", "price": "0.42", "size": "79", "side": "BUY", "hash": "430bb7b6e3d42bc1a76ee281aae0f5b0281f9ef1", "best_bid": "0.42", "best_ask": "0.96"}, {"asset_id": "111663462646450354062278915933339748110043150715369374847324249160141103663023", "price": "0.58", "size": "79", "side": "SELL", "hash": "dbcb4b2fd2c93cd96ecd94d66084bd94ec1b6910", "best_bid": "0.04", "best_ask": "0.58"}], "timestamp": "1769384161623", "event_type": "price_change"}}
{"_local_timestamp": "2026-01-25T23:36:04.827476+00:00", "data": {"market": "0x82aec16b81552c4ea6905c2f994720d9501154c3b74a0bc5a5ab8f0b0caea7f1", "price_changes": [{"asset_id": "1479692203425130927610602761564344666833458606561007124779091388740273802777", "price": "0.24", "size": "0", "side": "BUY", "hash": "5bd3e4a2966f1e6f409989e5f9cbc3360b771632", "best_bid": "0.42", "best_ask": "0.96"}, {"asset_id": "111663462646450354062278915933339748110043150715369374847324249160141103663023", "price": "0.76", "size": "0", "side": "SELL", "hash": "45785ccb6b53b471d0e1e34c768fde4248860e5e", "best_bid": "0.04", "best_ask": "0.58"}], "timestamp": "1769384164757", "event_type": "price_change"}}
{"_local_timestamp": "2026-01-25T23:36:04.849021+00:00", "data": {"market": "0x82aec16b81552c4ea6905c2f994720d9501154c3b74a0bc5a5ab8f0b0caea7f1", "price_changes": [{"asset_id": "1479692203425130927610602761564344666833458606561007124779091388740273802777", "price": "0.26", "size": "20", "side": "BUY", "hash": "72a0dcb66d0d87051a0f6044ee33af7f9c97532f", "best_bid": "0.42", "best_ask": "0.96"}, {"asset_id": "111663462646450354062278915933339748110043150715369374847324249160141103663023", "price": "0.74", "size": "20", "side": "SELL", "hash": "5966fc87448f8c0f2b552bdf710b6e8f98f19539", "best_bid": "0.04", "best_ask": "0.58"}], "timestamp": "1769384164784", "event_type": "price_change"}}
{"_local_timestamp": "2026-01-25T23:36:20.978061+00:00", "data": {"market": "0x82aec16b81552c4ea6905c2f994720d9501154c3b74a0bc5a5ab8f0b0caea7f1", "price_changes": [{"asset_id": "1479692203425130927610602761564344666833458606561007124779091388740273802777", "price": "0.25", "size": "0", "side": "BUY", "hash": "6fb22f1340d62a8a25dbd5dc248acaee2141322f", "best_bid": "0.42", "best_ask": "0.96"}, {"asset_id": "111663462646450354062278915933339748110043150715369374847324249160141103663023", "price": "0.75", "size": "0", "side": "SELL", "hash": "fdb6768628546e09a8c34d11209d990204c17343", "best_bid": "0.04", "best_ask": "0.58"}], "timestamp": "1769384180909", "event_type": "price_change"}}
{"_local_timestamp": "2026-01-25T23:36:25.157083+00:00", "data": {"market": "0x82aec16b81552c4ea6905c2f994720d9501154c3b74a0bc5a5ab8f0b0caea7f1", "price_changes": [{"asset_id": "1479692203425130927610602761564344666833458606561007124779091388740273802777", "price": "0.26", "size": "0", "side": "BUY", "hash": "cc39445a604b60316d29743e5d18afa4b0776b2d", "best_bid": "0.42", "best_ask": "0.96"}, {"asset_id": "111663462646450354062278915933339748110043150715369374847324249160141103663023", "price": "0.74", "size": "0", "side": "SELL", "hash": "f82dddec541a476c5d8f07b4e65f7e2301a0b032", "best_bid": "0.04", "best_ask": "0.58"}], "timestamp": "1769384185054", "event_type": "price_change"}}
{"_local_timestamp": "2026-01-25T23:36:25.172546+00:00", "data": {"market": "0x82aec16b81552c4ea6905c2f994720d9501154c3b74a0bc5a5ab8f0b0caea7f1", "price_changes": [{"asset_id": "1479692203425130927610602761564344666833458606561007124779091388740273802777", "price": "0.24", "size": "20", "side": "BUY", "hash": "e1440ef258f0f436f58a01a2587a5704ca2f3f22", "best_bid": "0.42", "best_ask": "0.96"}, {"asset_id": "111663462646450354062278915933339748110043150715369374847324249160141103663023", "price": "0.76", "size": "20", "side": "SELL", "hash": "4d91b4ff143402ec9a2ee55791d0613b74a06697", "best_bid": "0.04", "best_ask": "0.58"}], "timestamp": "1769384185082", "event_type": "price_change"}}
{"_local_timestamp": "2026-01-25T23:36:55.213306+00:00", "data": {"market": "0x82aec16b81552c4ea6905c2f994720d9501154c3b74a0bc5a5ab8f0b0caea7f1", "price_changes": [{"asset_id": "1479692203425130927610602761564344666833458606561007124779091388740273802777", "price": "0.11", "size": "225", "side": "BUY", "hash": "b67bd554bbcaa73a9152a08a485aa6ba5b52ef7d", "best_bid": "0.42", "best_ask": "0.96"}, {"asset_id": "111663462646450354062278915933339748110043150715369374847324249160141103663023", "price": "0.89", "size": "225", "side": "SELL", "hash": "50f9dd690aae6b147d00e145c769904820e2bce0", "best_bid": "0.04", "best_ask": "0.58"}], "timestamp": "1769384215028", "event_type": "price_change"}}
{"_local_timestamp": "2026-01-25T23:36:55.213749+00:00", "data": {"market": "0x82aec16b81552c4ea6905c2f994720d9501154c3b74a0bc5a5ab8f0b0caea7f1", "price_changes": [{"asset_id": "1479692203425130927610602761564344666833458606561007124779091388740273802777", "price": "0.01", "size": "3584.73", "side": "BUY", "hash": "b67bd554bbcaa73a9152a08a485aa6ba5b52ef7d", "best_bid": "0.42", "best_ask": "0.96"}, {"asset_id": "111663462646450354062278915933339748110043150715369374847324249160141103663023", "price": "0.99", "size": "3584.73", "side": "SELL", "hash": "50f9dd690aae6b147d00e145c769904820e2bce0", "best_bid": "0.04", "best_ask": "0.58"}], "timestamp": "1769384215028", "event_type": "price_change"}}
{"_local_timestamp": "2026-01-25T23:37:24.418258+00:00", "data": {"market": "0x82aec16b81552c4ea6905c2f994720d9501154c3b74a0bc5a5ab8f0b0caea7f1", "price_changes": [{"asset_id": "1479692203425130927610602761564344666833458606561007124779091388740273802777", "price": "0.41", "size": "0", "side": "BUY", "hash": "1f4a214e9d76bb59388651ece5c41c3411842b9f", "best_bid": "0.42", "best_ask": "0.96"}, {"asset_id": "111663462646450354062278915933339748110043150715369374847324249160141103663023", "price": "0.59", "size": "0", "side": "SELL", "hash": "39b3244103bad31e9ac0795f005231b48ba7ddf0", "best_bid": "0.04", "best_ask": "0.58"}], "timestamp": "1769384244347", "event_type": "price_change"}}
{"_local_timestamp": "2026-01-25T23:37:24.750680+00:00", "data": {"market": "0x82aec16b81552c4ea6905c2f994720d9501154c3b74a0bc5a5ab8f0b0caea7f1", "price_changes": [{"asset_id": "1479692203425130927610602761564344666833458606561007124779091388740273802777", "price": "0.43", "size": "66.66", "side": "BUY", "hash": "3ad5e378ebcad1391939bd1043cc02a19ad816ff", "best_bid": "0.43", "best_ask": "0.96"}, {"asset_id": "111663462646450354062278915933339748110043150715369374847324249160141103663023", "price": "0.57", "size": "66.66", "side": "SELL", "hash": "3eab49e5bd53ce0f034f605c49cd5ad5a2a384c8", "best_bid": "0.04", "best_ask": "0.57"}], "timestamp": "1769384244682", "event_type": "price_change"}}
{"_local_timestamp": "2026-01-25T23:37:38.361164+00:00", "data": {"market": "0x82aec16b81552c4ea6905c2f994720d9501154c3b74a0bc5a5ab8f0b0caea7f1", "price_changes": [{"asset_id": "1479692203425130927610602761564344666833458606561007124779091388740273802777", "price": "0.42", "size": "0", "side": "BUY", "hash": "a4e0453cf99da5fa44e03998e37fd3fa422cd86b", "best_bid": "0.43", "best_ask": "0.96"}, {"asset_id": "111663462646450354062278915933339748110043150715369374847324249160141103663023", "price": "0.58", "size": "0", "side": "SELL", "hash": "ad8e8db072ad08bee43755b489616d2c98fccc22", "best_bid": "0.04", "best_ask": "0.57"}], "timestamp": "1769384258286", "event_type": "price_change"}}
{"_local_timestamp": "2026-01-25T23:38:05.583031+00:00", "data": {"market": "0x82aec16b81552c4ea6905c2f994720d9501154c3b74a0bc5a5ab8f0b0caea7f1", "price_changes": [{"asset_id": "1479692203425130927610602761564344666833458606561007124779091388740273802777", "price": "0.01", "size": "3574.83", "side": "BUY", "hash": "435c58d4008dfb423c6c77bc2b0116f262824824", "best_bid": "0.43", "best_ask": "0.96"}, {"asset_id": "111663462646450354062278915933339748110043150715369374847324249160141103663023", "price": "0.99", "size": "3574.83", "side": "SELL", "hash": "e75094c67f18429a8fdbf885cfa29efde397535a", "best_bid": "0.04", "best_ask": "0.57"}], "timestamp": "1769384285512", "event_type": "price_change"}}
{"_local_timestamp": "2026-01-25T23:38:05.586336+00:00", "data": {"market": "0x82aec16b81552c4ea6905c2f994720d9501154c3b74a0bc5a5ab8f0b0caea7f1", "price_changes": [{"asset_id": "1479692203425130927610602761564344666833458606561007124779091388740273802777", "price": "0.03", "size": "200", "side": "BUY", "hash": "435c58d4008dfb423c6c77bc2b0116f262824824", "best_bid": "0.43", "best_ask": "0.96"}, {"asset_id": "111663462646450354062278915933339748110043150715369374847324249160141103663023", "price": "0.97", "size": "200", "side": "SELL", "hash": "e75094c67f18429a8fdbf885cfa29efde397535a", "best_bid": "0.04", "best_ask": "0.57"}], "timestamp": "1769384285512", "event_type": "price_change"}}
{"_local_timestamp": "2026-01-25T23:38:05.586658+00:00", "data": {"market": "0x82aec16b81552c4ea6905c2f994720d9501154c3b74a0bc5a5ab8f0b0caea7f1", "price_changes": [{"asset_id": "1479692203425130927610602761564344666833458606561007124779091388740273802777", "price": "0.06", "size": "33", "side": "BUY", "hash": "435c58d4008dfb423c6c77bc2b0116f262824824", "best_bid": "0.43", "best_ask": "0.96"}, {"asset_id": "111663462646450354062278915933339748110043150715369374847324249160141103663023", "price": "0.94", "size": "33", "side": "SELL", "hash": "e75094c67f18429a8fdbf885cfa29efde397535a", "best_bid": "0.04", "best_ask": "0.57"}], "timestamp": "1769384285512", "event_type": "price_change"}}
{"_local_timestamp": "2026-01-25T23:38:05.586919+00:00", "data": {"market": "0x82aec16b81552c4ea6905c2f994720d9501154c3b74a0bc5a5ab8f0b0caea7f1", "price_changes": [{"asset_id": "1479692203425130927610602761564344666833458606561007124779091388740273802777", "price": "0.12", "size": "0", "side": "BUY", "hash": "435c58d4008dfb423c6c77bc2b0116f262824824", "best_bid": "0.43", "best_ask": "0.96"}, {"asset_id": "111663462646450354062278915933339748110043150715369374847324249160141103663023", "price": "0.88", "size": "0", "side": "SELL", "hash": "e75094c67f18429a8fdbf885cfa29efde397535a", "best_bid": "0.04", "best_ask": "0.57"}], "timestamp": "1769384285512", "event_type": "price_change"}}
{"_local_timestamp": "2026-01-25T23:38:05.974652+00:00", "data": {"market": "0x82aec16b81552c4ea6905c2f994720d9501154c3b74a0bc5a5ab8f0b0caea7f1", "price_changes": [{"asset_id": "1479692203425130927610602761564344666833458606561007124779091388740273802777", "price": "0.04", "size": "430.82", "side": "BUY", "hash": "1b3dc106f3973badf5127a051bfb2ce3c273f554", "best_bid": "0.43", "best_ask": "0.96"}, {"asset_id": "111663462646450354062278915933339748110043150715369374847324249160141103663023", "price": "0.96", "size": "430.82", "side": "SELL", "hash": "1e85989918b919bb1abe001b3cbc36dc744f0f9e", "best_bid": "0.04", "best_ask": "0.57"}], "timestamp": "1769384285898", "event_type": "price_change"}}
{"_local_timestamp": "2026-01-25T23:38:05.975148+00:00", "data": {"market": "0x82aec16b81552c4ea6905c2f994720d9501154c3b74a0bc5a5ab8f0b0caea7f1", "price_changes": [{"asset_id": "1479692203425130927610602761564344666833458606561007124779091388740273802777", "price": "0.02", "size": "508.49", "side": "BUY", "hash": "852895108d129f3bd5573d052b465b89722c90e9", "best_bid": "0.43", "best_ask": "0.96"}, {"asset_id": "111663462646450354062278915933339748110043150715369374847324249160141103663023", "price": "0.98", "size": "508.49", "side": "SELL", "hash": "4f79e765cea75d4e2e63f46980df4165ab8a95d8", "best_bid": "0.04", "best_ask": "0.57"}], "timestamp": "1769384285899", "event_type": "price_change"}}
{"_local_timestamp": "2026-01-25T23:38:05.975454+00:00", "data": {"market": "0x82aec16b81552c4ea6905c2f994720d9501154c3b74a0bc5a5ab8f0b0caea7f1", "price_changes": [{"asset_id": "1479692203425130927610602761564344666833458606561007124779091388740273802777", "price": "0.07", "size": "8.8", "side": "BUY", "hash": "16bde8ef21188bf8783681157e48d88d57755278", "best_bid": "0.43", "best_ask": "0.96"}, {"asset_id": "111663462646450354062278915933339748110043150715369374847324249160141103663023", "price": "0.93", "size": "8.8", "side": "SELL", "hash": "40f4fbb6dc6a5f88c74788f5ad1fd99f0940d113", "best_bid": "0.04", "best_ask": "0.57"}], "timestamp": "1769384285900", "event_type": "price_change"}}
{"_local_timestamp": "2026-01-25T23:38:05.975776+00:00", "data": {"market": "0x82aec16b81552c4ea6905c2f994720d9501154c3b74a0bc5a5ab8f0b0caea7f1", "price_changes": [{"asset_id": "1479692203425130927610602761564344666833458606561007124779091388740273802777", "price": "0.17", "size": "5.28", "side": "BUY", "hash": "098c5eaca73a0601ccd7ef64165eb071406e647e", "best_bid": "0.43", "best_ask": "0.96"}, {"asset_id": "111663462646450354062278915933339748110043150715369374847324249160141103663023", "price": "0.83", "size": "5.28", "side": "SELL", "hash": "de65256b3764309c8707555be0a225fa83f5de94", "best_bid": "0.04", "best_ask": "0.57"}], "timestamp": "1769384285901", "event_type": "price_change"}}
{"_local_timestamp": "2026-01-25T23:38:58.885816+00:00", "data": {"market": "0x82aec16b81552c4ea6905c2f994720d9501154c3b74a0bc5a5ab8f0b0caea7f1", "price_changes": [{"asset_id": "1479692203425130927610602761564344666833458606561007124779091388740273802777", "price": "0.16", "size": "250", "side": "BUY", "hash": "ccf07fc624f6865de2f80e3c923124432b149a0a", "best_bid": "0.43", "best_ask": "0.96"}, {"asset_id": "111663462646450354062278915933339748110043150715369374847324249160141103663023", "price": "0.84", "size": "250", "side": "SELL", "hash": "3ad615dbde5102a3d3cfa9f6678d431d2ab104d7", "best_bid": "0.04", "best_ask": "0.57"}], "timestamp": "1769384338657", "event_type": "price_change"}}
{"_local_timestamp": "2026-01-25T23:38:58.886282+00:00", "data": {"market": "0x82aec16b81552c4ea6905c2f994720d9501154c3b74a0bc5a5ab8f0b0caea7f1", "price_changes": [{"asset_id": "1479692203425130927610602761564344666833458606561007124779091388740273802777", "price": "0.11", "size": "350", "side": "BUY", "hash": "71e938eaf60f891efbcd18117543e2b15cac1c86", "best_bid": "0.43", "best_ask": "0.96"}, {"asset_id": "111663462646450354062278915933339748110043150715369374847324249160141103663023", "price": "0.89", "size": "350", "side": "SELL", "hash": "1dad54e8fb9ecb8d445239bd2c5ffa4a4170cf91", "best_bid": "0.04", "best_ask": "0.57"}], "timestamp": "1769384338816", "event_type": "price_change"}}
{"_local_timestamp": "2026-01-25T23:39:04.386234+00:00", "data": {"market": "0x6e7e4837ca555b5b02dfa6a55fe743795148fc2b5d8d90797911a1e8270392d3", "price_changes": [{"asset_id": "89233543414939235169944717531221270166586867227618204450643545899172550842279", "price": "0.06", "size": "200", "side": "BUY", "hash": "e1c3e79492ebbaadfd66d52de8967fa7c8a59e3b", "best_bid": "0.45", "best_ask": "0.81"}, {"asset_id": "50224055471780128707422366253813853918328866905983285601565982922855799741030", "price": "0.94", "size": "200", "side": "SELL", "hash": "ebfd2d547fc6d83ac7b411b7415f3f5c4bd44815", "best_bid": "0.19", "best_ask": "0.55"}], "timestamp": "1769384344312", "event_type": "price_change"}}
{"_local_timestamp": "2026-01-25T23:39:04.690197+00:00", "data": {"market": "0x6e7e4837ca555b5b02dfa6a55fe743795148fc2b5d8d90797911a1e8270392d3", "price_changes": [{"asset_id": "89233543414939235169944717531221270166586867227618204450643545899172550842279", "price": "0.02", "size": "300", "side": "BUY", "hash": "17d3719ea712173f58cad80e89b74737a7d0ed3f", "best_bid": "0.45", "best_ask": "0.81"}, {"asset_id": "50224055471780128707422366253813853918328866905983285601565982922855799741030", "price": "0.98", "size": "300", "side": "SELL", "hash": "205d23a6b7ea43a177f616018f84d276fa49b919", "best_bid": "0.19", "best_ask": "0.55"}], "timestamp": "1769384344616", "event_type": "price_change"}}
{"_local_timestamp": "2026-01-25T23:39:22.887147+00:00", "data": {"market": "0x82aec16b81552c4ea6905c2f994720d9501154c3b74a0bc5a5ab8f0b0caea7f1", "price_changes": [{"asset_id": "1479692203425130927610602761564344666833458606561007124779091388740273802777", "price": "0.16", "size": "400", "side": "BUY", "hash": "9cff1cf979aee8d4d9a745716aca2c8d0085fe1d", "best_bid": "0.43", "best_ask": "0.96"}, {"asset_id": "111663462646450354062278915933339748110043150715369374847324249160141103663023", "price": "0.84", "size": "400", "side": "SELL", "hash": "717614ef6d0e16ae4634d5d897947a414be931d9", "best_bid": "0.04", "best_ask": "0.57"}], "timestamp": "1769384362702", "event_type": "price_change"}}
{"_local_timestamp": "2026-01-25T23:39:23.021117+00:00", "data": {"market": "0x82aec16b81552c4ea6905c2f994720d9501154c3b74a0bc5a5ab8f0b0caea7f1", "price_changes": [{"asset_id": "1479692203425130927610602761564344666833458606561007124779091388740273802777", "price": "0.11", "size": "550", "side": "BUY", "hash": "e9c2ded4ce0a4d60b060e6f846a6ef15dad2fa02", "best_bid": "0.43", "best_ask": "0.96"}, {"asset_id": "111663462646450354062278915933339748110043150715369374847324249160141103663023", "price": "0.89", "size": "550", "side": "SELL", "hash": "97943bddb1ebd3d215d0b3fe96a1956a6df9d940", "best_bid": "0.04", "best_ask": "0.57"}], "timestamp": "1769384362776", "event_type": "price_change"}}
{"_local_timestamp": "2026-01-25T23:39:23.034618+00:00", "data": {"market": "0x82aec16b81552c4ea6905c2f994720d9501154c3b74a0bc5a5ab8f0b0caea7f1", "price_changes": [{"asset_id": "1479692203425130927610602761564344666833458606561007124779091388740273802777", "price": "0.01", "size": "3874.83", "side": "BUY", "hash": "8c680e1597900aac2a50fada646b022bc23f4a1c", "best_bid": "0.43", "best_ask": "0.96"}, {"asset_id": "111663462646450354062278915933339748110043150715369374847324249160141103663023", "price": "0.99", "size": "3874.83", "side": "SELL", "hash": "53fe21fe0deb9fde9441658cc711a91cdbe98d9b", "best_bid": "0.04", "best_ask": "0.57"}], "timestamp": "1769384362832", "event_type": "price_change"}}
