{"_local_timestamp": "2026-01-25T23:33:28.107171+00:00", "data": [{"market": "0xdecf2f53f696844c80b3418b4192afc6da2f2cd39ae4394dd73d32bada6e503a", "asset_id": "40835165184050489000505191981685191962606311669994044043883047827451094585331", "timestamp": "1769383901915", "hash": "cc5199e096eda4be36924fa27362b15f7681a0b8", "bids": [{"price": "0.01", "size": "1260.22"}, {"price": "0.02", "size": "762.27"}, {"price": "0.03", "size": "307.85"}, {"price": "0.04", "size": "311.08"}, {"price": "0.05", "size": "233.33"}, {"price": "0.06", "size": "176.75"}, {"price": "0.07", "size": "39.99"}, {"price": "0.08", "size": "6.92"}, {"price": "0.09", "size": "33.33"}], "asks": [{"price": "0.99", "size": "5809.81"}, {"price": "0.98", "size": "2200"}, {"price": "0.97", "size": "8.03"}, {"price": "0.95", "size": "30"}, {"price": "0.94", "size": "33"}, {"price": "0.92", "size": "500"}, {"price": "0.91", "size": "7.34"}, {"price": "0.88", "size": "200"}, {"price": "0.86", "size": "550"}, {"price": "0.82", "size": "605"}, {"price": "0.78", "size": "150"}, {"price": "0.7", "size": "250"}, {"price": "0.69", "size": "141.66"}, {"price": "0.68", "size": "33"}, {"price": "0.51", "size": "66.66"}, {"price": "0.37", "size": "200"}, {"price": "0.35", "size": "25"}, {"price": "0.34", "size": "66.66"}], "event_type": "book", "last_trade_price": ""}, {"market": "0x8d0d1f160c1f9e4a83671f25a625a0b438dd35e7ddd7af052952f31c01e9688c", "asset_id": "70857638983358862970243549502552402025410156696792964600975537440179776576866", "timestamp": "1769383987794", "hash": "b6c02a95b002f56fdee08ee2d89a783ebaeee414", "bids": [{"price": "0.001", "size": "3459.55"}, {"price": "0.002", "size": "1258.51"}, {"price": "0.003", "size": "1166"}, {"price": "0.004", "size": "14.62"}, {"price": "0.006", "size": "83"}, {"price": "0.01", "size": "6000"}, {"price": "0.011", "size": "7.34"}, {"price": "0.02", "size": "3750"}, {"price": "0.021", "size": "7.24"}, {"price": "0.04", "size": "500"}, {"price": "0.041", "size": "200"}, {"price": "0.042", "size": "6.54"}, {"price": "0.05", "size": "30"}, {"price": "0.051", "size": "39"}, {"price": "0.08", "size": "625"}, {"price": "0.082", "size": "5.38"}, {"price": "0.11", "size": "600"}, {"price": "0.165", "size": "100"}, {"price": "0.166", "size": "300"}, {"price": "0.167", "size": "105.79"}, {"price": "0.3", "size": "150"}, {"price": "0.302", "size": "33"}, {"price": "0.439", "size": "105"}, {"price": "0.44", "size": "20"}, {"price": "0.71", "size": "10"}], "asks": [{"price": "0.999", "size": "16186.77"}, {"price": "0.998", "size": "408.84"}, {"price": "0.997", "size": "407.08"}, {"price": "0.996", "size": "329.8"}, {"price": "0.995", "size": "208.76"}, {"price": "0.994", "size": "55.9"}, {"price": "0.993", "size": "22"}, {"price": "0.992", "size": "15.43"}, {"price": "0.991", "size": "42.52"}], "event_type": "book", "last_trade_price": ""}, {"market": "0x8d0d1f160c1f9e4a83671f25a625a0b438dd35e7ddd7af052952f31c01e9688c", "asset_id": "90783695190547620038787137951226221074688238620620898081956452371639338781737", "timestamp": "1769383987794", "hash": "487557fa6206eaf7e94ef53e0b0fc6a00affd98e", "bids": [{"price": "0.001", "size": "16186.77"}, {"price": "0.002", "size": "408.84"}, {"price": "0.003", "size": "407.08"}, {"price": "0.004", "size": "329.8"}, {"price": "0.005", "size": "208.76"}, {"price": "0.006", "size": "55.9"}, {"price": "0.007", "size": "22"}, {"price": "0.008", "size": "15.43"}, {"price": "0.009", "size": "42.52"}], "asks": [{"price": "0.999", "size": "3459.55"}, {"price": "0.998", "size": "1258.51"}, {"price": "0.997", "size": "1166"}, {"price": "0.996", "size": "14.62"}, {"price": "0.994", "size": "83"}, {"price": "0.99", "size": "6000"}, {"price": "0.989", "size": "7.34"}, {"price": "0.98", "size": "3750"}, {"price": "0.979", "size": "7.24"}, {"price": "0.96", "size": "500"}, {"price": "0.959", "size": "200"}, {"price": "0.958", "size": "6.54"}, {"price": "0.95", "size": "30"}, {"price": "0.949", "size": "39"}, {"price": "0.92", "size": "625"}, {"price": "0.918", "size": "5.38"}, {"price": "0.89", "size": "600"}, {"price": "0.835", "size": "100"}, {"price": "0.834", "size": "300"}, {"price": "0.833", "size": "105.79"}, {"price": "0.7", "size": "150"}, {"price": "0.698", "size": "33"}, {"price": "0.561", "size": "105"}, {"price": "0.56", "size": "20"}, {"price": "0.29", "size": "10"}], "event_type": "book", "last_trade_price": ""}, {"market": "0xdecf2f53f696844c80b3418b4192afc6da2f2cd39ae4394dd73d32bada6e503a", "asset_id": "108291499698108152959697793115641774513911822862361462110270284885353374675485", "timestamp": "1769383901915", "hash": "3295e511087d8724da6d50bd5234a1c9715bd629", "bids": [{"price": "0.01", "size": "5809.81"}, {"price": "0.02", "size": "2200"}, {"price": "0.03", "size": "8.03"}, {"price": "0.05", "size": "30"}, {"price": "0.06", "size": "33"}, {"price": "0.08", "size": "500"}, {"price": "0.09", "size": "7.34"}, {"price": "0.12", "size": "200"}, {"price": "0.14", "size": "550"}, {"price": "0.18", "size": "605"}, {"price": "0.22", "size": "150"}, {"price": "0.3", "size": "250"}, {"price": "0.31", "size": "141.66"}, {"price": "0.32", "size": "33"}, {"price": "0.49", "size": "66.66"}, {"price": "0.63", "size": "200"}, {"price": "0.65", "size": "25"}, {"price": "0.66", "size": "66.66"}], "asks": [{"price": "0.99", "size": "1260.22"}, {"price": "0.98", "size": "762.27"}, {"price": "0.97", "size": "307.85"}, {"price": "0.96", "size": "311.08"}, {"price": "0.95", "size": "233.33"}, {"price": "0.94", "size": "176.75"}, {"price": "0.93", "size": "39.99"}, {"price": "0.92", "size": "6.92"}, {"price": "0.91", "size": "33.33"}], "event_type": "book", "last_trade_price": ""}]}
{"_local_timestamp": "2026-01-25T23:33:40.281728+00:00", "data": {"market": "0x8d0d1f160c1f9e4a83671f25a625a0b438dd35e7ddd7af052952f31c01e9688c", "price_changes": [{"asset_id": "70857638983358862970243549502552402025410156696792964600975537440179776576866", "price": "0.165", "size": "0", "side": "BUY", "hash": "4c079a01f077d9281497abae8fa3ec3fcbe30871", "best_bid": "0.71", "best_ask": "0.991"}, {"asset_id": "90783695190547620038787137951226221074688238620620898081956452371639338781737", "price": "0.835", "size": "0", "side": "SELL", "hash": "5855e7d0a9d4ff790224d439bee68997d042b008", "best_bid": "0.009", "best_ask": "0.29"}], "timestamp": "1769384020098", "event_type": "price_change"}}
{"_local_timestamp": "2026-01-25T23:33:40.295870+00:00", "data": {"market": "0x8d0d1f160c1f9e4a83671f25a625a0b438dd35e7ddd7af052952f31c01e9688c", "price_changes": [{"asset_id": "70857638983358862970243549502552402025410156696792964600975537440179776576866", "price": "0.11", "size": "475", "side": "BUY", "hash": "4c079a01f077d9281497abae8fa3ec3fcbe30871", "best_bid": "0.71", "best_ask": "0.991"}, {"asset_id": "90783695190547620038787137951226221074688238620620898081956452371639338781737", "price": "0.89", "size": "475", "side": "SELL", "hash": "5855e7d0a9d4ff790224d439bee68997d042b008", "best_bid": "0.009", "best_ask": "0.29"}], "timestamp": "1769384020098", "event_type": "price_change"}}
{"_local_timestamp": "2026-01-25T23:33:52.289307+00:00", "data": {"market": "0x8d0d1f160c1f9e4a83671f25a625a0b438dd35e7ddd7af052952f31c01e9688c", "price_changes": [{"asset_id": "70857638983358862970243549502552402025410156696792964600975537440179776576866", "price": "0.11", "size": "425", "side": "BUY", "hash": "456c17110faa6b01901e4bfe0caf208e347adc2f", "best_bid": "0.71", "best_ask": "0.991"}, {"asset_id": "90783695190547620038787137951226221074688238620620898081956452371639338781737", "price": "0.89", "size": "425", "side": "SELL", "hash": "b758881fa080dc7413bd62c4e96b0eaf8bfe2c0f", "best_bid": "0.009", "best_ask": "0.29"}], "timestamp": "1769384032220", "event_type": "price_change"}}
{"_local_timestamp": "2026-01-25T23:33:52.630034+00:00", "data": {"market": "0x8d0d1f160c1f9e4a83671f25a625a0b438dd35e7ddd7af052952f31c01e9688c", "price_changes": [{"asset_id": "70857638983358862970243549502552402025410156696792964600975537440179776576866", "price": "0.167", "size": "155.79", "side": "BUY", "hash": "db2fa517c539ec666fa84f6b2f7b9baf8fb2a230", "best_bid": "0.71", "best_ask": "0.991"}, {"asset_id": "90783695190547620038787137951226221074688238620620898081956452371639338781737", "price": "0.833", "size": "155.79", "side": "SELL", "hash": "03658eae827244ba26d65e9308af556c4347daaa", "best_bid": "0.009", "best_ask": "0.29"}], "timestamp": "1769384032551", "event_type": "price_change"}}
{"_local_timestamp": "2026-01-25T23:34:01.392602+00:00", "data": {"market": "0x8d0d1f160c1f9e4a83671f25a625a0b438dd35e7ddd7af052952f31c01e9688c", "price_changes": [{"asset_id": "70857638983358862970243549502552402025410156696792964600975537440179776576866", "price": "0.08", "size": "425", "side": "BUY", "hash": "d71f91b5d11a60a83b7045b3b2d360275c9a867a", "best_bid": "0.71", "best_ask": "0.991"}, {"asset_id": "90783695190547620038787137951226221074688238620620898081956452371639338781737", "price": "0.92", "size": "425", "side": "SELL", "hash": "1e425d877dc7a172ce7568cce956a1762b4e1f28", "best_bid": "0.009", "best_ask": "0.29"}], "timestamp": "1769384041280", "event_type": "price_change"}}
{"_local_timestamp": "2026-01-25T23:34:09.959853+00:00", "data": {"market": "0xdecf2f53f696844c80b3418b4192afc6da2f2cd39ae4394dd73d32bada6e503a", "price_changes": [{"asset_id": "108291499698108152959697793115641774513911822862361462110270284885353374675485", "price": "0.18", "size": "600", "side": "BUY", "hash": "40b8905bd530e77fad002e48a375b23b3c55a84f", "best_bid": "0.66", "best_ask": "0.91"}, {"asset_id": "40835165184050489000505191981685191962606311669994044043883047827451094585331", "price": "0.82", "size": "600", "side": "SELL", "hash": "3e65ba75d100ddac6f0c22af4fe51225b7fd29d5", "best_bid": "0.09", "best_ask": "0.34"}], "timestamp": "1769384049880", "event_type": "price_change"}}
{"_local_timestamp": "2026-01-25T23:34:10.317469+00:00", "data": {"market": "0xdecf2f53f696844c80b3418b4192afc6da2f2cd39ae4394dd73d32bada6e503a", "price_changes": [{"asset_id": "108291499698108152959697793115641774513911822862361462110270284885353374675485", "price": "0.18", "size": "605", "side": "BUY", "hash": "0d60bb315a2c58be25012b54fc372e2ebdb4c725", "best_bid": "0.66", "best_ask": "0.91"}, {"asset_id": "40835165184050489000505191981685191962606311669994044043883047827451094585331", "price": "0.82", "size": "605", "side": "SELL", "hash": "52111b423ec2e387c683a620e04687bf89e116b9", "best_bid": "0.09", "best_ask": "0.34"}], "timestamp": "1769384050253", "event_type": "price_change"}}
{"_local_timestamp": "2026-01-25T23:34:27.828113+00:00", "data": {"market": "0x8d0d1f160c1f9e4a83671f25a625a0b438dd35e7ddd7af052952f31c01e9688c", "price_changes": [{"asset_id": "70857638983358862970243549502552402025410156696792964600975537440179776576866", "price": "0.166", "size": "150", "side": "BUY", "hash": "7403f9351918852a519e089cb7f3ca54582774a7", "best_bid": "0.71", "best_ask": "0.991"}, {"asset_id": "90783695190547620038787137951226221074688238620620898081956452371639338781737", "price": "0.834", "size": "150", "side": "SELL", "hash": "72fd241e3fe3b53c348af70c33fb3013afa19c7e", "best_bid": "0.009", "best_ask": "0.29"}], "timestamp": "1769384067593", "event_type": "price_change"}}
{"_local_timestamp": "2026-01-25T23:34:27.830440+00:00", "data": {"market": "0x8d0d1f160c1f9e4a83671f25a625a0b438dd35e7ddd7af052952f31c01e9688c", "price_changes": [{"asset_id": "70857638983358862970243549502552402025410156696792964600975537440179776576866", "price": "0.02", "size": "3450", "side": "BUY", "hash": "7403f9351918852a519e089cb7f3ca54582774a7", "best_bid": "0.71", "best_ask": "0.991"}, {"asset_id": "90783695190547620038787137951226221074688238620620898081956452371639338781737", "price": "0.98", "size": "3450", "side": "SELL", "hash": "72fd241e3fe3b53c348af70c33fb3013afa19c7e", "best_bid": "0.009", "best_ask": "0.29"}], "timestamp": "1769384067593", "event_type": "price_change"}}
{"_local_timestamp": "2026-01-25T23:34:27.889678+00:00", "data": {"market": "0x8d0d1f160c1f9e4a83671f25a625a0b438dd35e7ddd7af052952f31c01e9688c", "price_changes": [{"asset_id": "70857638983358862970243549502552402025410156696792964600975537440179776576866", "price": "0.11", "size": "225", "side": "BUY", "hash": "a3515469d802718e7c418122d59c857b70823af6", "best_bid": "0.71", "best_ask": "0.991"}, {"asset_id": "90783695190547620038787137951226221074688238620620898081956452371639338781737", "price": "0.89", "size": "225", "side": "SELL", "hash": "62b9926c78cdaf72dbe7cb0b5e37c6bc461f2b16", "best_bid": "0.009", "best_ask": "0.29"}], "timestamp": "1769384067610", "event_type": "price_change"}}
{"_local_timestamp": "2026-01-25T23:34:28.475485+00:00", "data": {"market": "0x8d0d1f160c1f9e4a83671f25a625a0b438dd35e7ddd7af052952f31c01e9688c", "price_changes": [{"asset_id": "70857638983358862970243549502552402025410156696792964600975537440179776576866", "price": "0.01", "size": "6300", "side": "BUY", "hash": "da50af73f28df21f68b4340858abb11d01951efa", "best_bid": "0.71", "best_ask": "0.991"}, {"asset_id": "90783695190547620038787137951226221074688238620620898081956452371639338781737", "price": "0.99", "size": "6300", "side": "SELL", "hash": "76394df89f3038b1d5141b52fd525a38034b9062", "best_bid": "0.009", "best_ask": "0.29"}], "timestamp": "1769384068137", "event_type": "price_change"}}
{"_local_timestamp": "2026-01-25T23:34:32.422316+00:00", "data": {"market": "0x8d0d1f160c1f9e4a83671f25a625a0b438dd35e7ddd7af052952f31c01e9688c", "price_changes": [{"asset_id": "70857638983358862970243549502552402025410156696792964600975537440179776576866", "price": "0.082", "size": "0", "side": "BUY", "hash": "d2b52a67ebec94392a9f50705d008bc77ef2f866", "best_bid": "0.71", "best_ask": "0.991"}, {"asset_id": "90783695190547620038787137951226221074688238620620898081956452371639338781737", "price": "0.918", "size": "0", "side": "SELL", "hash": "b10292684881c9a8ac720f1f4a9cb4de0bd10613", "best_bid": "0.009", "best_ask": "0.29"}], "timestamp": "1769384072353", "event_type": "price_change"}}
{"_local_timestamp": "2026-01-25T23:34:32.422936+00:00", "data": {"market": "0x8d0d1f160c1f9e4a83671f25a625a0b438dd35e7ddd7af052952f31c01e9688c", "price_changes": [{"asset_id": "70857638983358862970243549502552402025410156696792964600975537440179776576866", "price": "0.167", "size": "150", "side": "BUY", "hash": "d2b52a67ebec94392a9f50705d008bc77ef2f866", "best_bid": "0.71", "best_ask": "0.991"}, {"asset_id": "90783695190547620038787137951226221074688238620620898081956452371639338781737", "price": "0.833", "size": "150", "side": "SELL", "hash": "b10292684881c9a8ac720f1f4a9cb4de0bd10613", "best_bid": "0.009", "best_ask": "0.29"}], "timestamp": "1769384072353", "event_type": "price_change"}}
{"_local_timestamp": "2026-01-25T23:34:32.749189+00:00", "data": {"market": "0x8d0d1f160c1f9e4a83671f25a625a0b438dd35e7ddd7af052952f31c01e9688c", "price_changes": [{"asset_id": "70857638983358862970243549502552402025410156696792964600975537440179776576866", "price": "0.168", "size": "5.7", "side": "BUY", "hash": "0ca0bea4caffada94dd0a1c4c70e00aa3b46f774", "best_bid": "0.71", "best_ask": "0.991"}, {"asset_id": "90783695190547620038787137951226221074688238620620898081956452371639338781737", "price": "0.832", "size": "5.7", "side": "SELL", "hash": "1d51982d03398e32aec666b7df945566cf3ae1d9", "best_bid": "0.009", "best_ask": "0.29"}], "timestamp": "1769384072682", "event_type": "price_change"}}
{"_local_timestamp": "2026-01-25T23:34:32.762848+00:00", "data": {"market": "0x8d0d1f160c1f9e4a83671f25a625a0b438dd35e7ddd7af052952f31c01e9688c", "price_changes": [{"asset_id": "70857638983358862970243549502552402025410156696792964600975537440179776576866", "price": "0.081", "size": "5.55", "side": "BUY", "hash": "353a8ba6e7379b2c465c8dd15c13242dfbe2a531", "best_bid": "0.71", "best_ask": "0.991"}, {"asset_id": "90783695190547620038787137951226221074688238620620898081956452371639338781737", "price": "0.919", "size": "5.55", "side": "SELL", "hash": "5f211dd579f0f252eab330ab977c03a5ac945183", "best_bid": "0.009", "best_ask": "0.29"}], "timestamp": "1769384072691", "event_type": "price_change"}}
{"_local_timestamp": "2026-01-25T23:34:37.597630+00:00", "data": {"market": "0x8d0d1f160c1f9e4a83671f25a625a0b438dd35e7ddd7af052952f31c01e9688c", "price_changes": [{"asset_id": "90783695190547620038787137951226221074688238620620898081956452371639338781737", "price": "0.006", "size": "18.59", "side": "BUY", "hash": "98808d2e6a0027157277e76e9639e246df3729ec", "best_bid": "0.009", "best_ask": "0.29"}, {"asset_id": "70857638983358862970243549502552402025410156696792964600975537440179776576866", "price": "0.994", "size": "18.59", "side": "SELL", "hash": "f8cb794ccf912cdfee72a218856aff4f91e4ab0b", "best_bid": "0.71", "best_ask": "0.991"}], "timestamp": "1769384077535", "event_type": "price_change"}}
{"_local_timestamp": "2026-01-25T23:34:37.947200+00:00", "data": {"market": "0x8d0d1f160c1f9e4a83671f25a625a0b438dd35e7ddd7af052952f31c01e9688c", "price_changes": [{"asset_id": "90783695190547620038787137951226221074688238620620898081956452371639338781737", "price": "0.006", "size": "55.9", "side": "BUY", "hash": "97d974e7212299256d2055d8f213917f19d077bd", "best_bid": "0.009", "best_ask": "0.29"}, {"asset_id": "70857638983358862970243549502552402025410156696792964600975537440179776576866", "price": "0.994", "size": "55.9", "side": "SELL", "hash": "810dc72c259cb4476785e12ca07137099184799b", "best_bid": "0.71", "best_ask": "0.991"}], "timestamp": "1769384077882", "event_type": "price_change"}}
{"_local_timestamp": "2026-01-25T23:34:43.625489+00:00", "data": {"market": "0x8d0d1f160c1f9e4a83671f25a625a0b438dd35e7ddd7af052952f31c01e9688c", "price_changes": [{"asset_id": "70857638983358862970243549502552402025410156696792964600975537440179776576866", "price": "0.166", "size": "0", "side": "BUY", "hash": "f4a93e93d1fd8405586f0701e931265210b939e3", "best_bid": "0.71", "best_ask": "0.991"}, {"asset_id": "90783695190547620038787137951226221074688238620620898081956452371639338781737", "price": "0.834", "size": "0", "side": "SELL", "hash": "1e0d7bcd0ac01f558e8d49b4f968c6a3df99fe5f", "best_bid": "0.009", "best_ask": "0.29"}], "timestamp": "1769384083545", "event_type": "price_change"}}
{"_local_timestamp": "2026-01-25T23:34:43.891357+00:00", "data": {"market": "0x8d0d1f160c1f9e4a83671f25a625a0b438dd35e7ddd7af052952f31c01e9688c", "price_changes": [{"asset_id": "70857638983358862970243549502552402025410156696792964600975537440179776576866", "price": "0.167", "size": "300", "side": "BUY", "hash": "2f2d1c014735a72d596a15041e7e6798498ceaf8", "best_bid": "0.71", "best_ask": "0.991"}, {"asset_id": "90783695190547620038787137951226221074688238620620898081956452371639338781737", "price": "0.833", "size": "300", "side": "SELL", "hash": "1e87ecaa52c0830762f055a3a356460cb5e147ed", "best_bid": "0.009", "best_ask": "0.29"}], "timestamp": "1769384083805", "event_type": "price_change"}}
{"_local_timestamp": "2026-01-25T23:34:49.729946+00:00", "data": {"market": "0x8d0d1f160c1f9e4a83671f25a625a0b438dd35e7ddd7af052952f31c01e9688c", "price_changes": [{"asset_id": "70857638983358862970243549502552402025410156696792964600975537440179776576866", "price": "0.439", "size": "5", "side": "BUY", "hash": "231ba4f04362301c0e218f1cf5b9fd9473c527aa", "best_bid": "0.71", "best_ask": "0.991"}, {"asset_id": "90783695190547620038787137951226221074688238620620898081956452371639338781737", "price": "0.561", "size": "5", "side": "SELL", "hash": "026f1d82bc689e18f7eecbc398f2b3beaf27c401", "best_bid": "0.009", "best_ask": "0.29"}], "timestamp": "1769384089660", "event_type": "price_change"}}
{"_local_timestamp": "2026-01-25T23:34:49.730306+00:00", "data": {"market": "0x8d0d1f160c1f9e4a83671f25a625a0b438dd35e7ddd7af052952f31c01e9688c", "price_changes": [{"asset_id": "70857638983358862970243549502552402025410156696792964600975537440179776576866", "price": "0.167", "size": "200", "side": "BUY", "hash": "231ba4f04362301c0e218f1cf5b9fd9473c527aa", "best_bid": "0.71", "best_ask": "0.991"}, {"asset_id": "90783695190547620038787137951226221074688238620620898081956452371639338781737", "price": "0.833", "size": "200", "side": "SELL", "hash": "026f1d82bc689e18f7eecbc398f2b3beaf27c401", "best_bid": "0.009", "best_ask": "0.29"}], "timestamp": "1769384089660", "event_type": "price_change"}}
{"_local_timestamp": "2026-01-25T23:34:50.372238+00:00", "data": {"market": "0x8d0d1f160c1f9e4a83671f25a625a0b438dd35e7ddd7af052952f31c01e9688c", "price_changes": [{"asset_id": "70857638983358862970243549502552402025410156696792964600975537440179776576866", "price": "0.41", "size": "100", "side": "BUY", "hash": "e3735e2b07b64d342aebeb5dfa426a3a457563e3", "best_bid": "0.71", "best_ask": "0.991"}, {"asset_id": "90783695190547620038787137951226221074688238620620898081956452371639338781737", "price": "0.59", "size": "100", "side": "SELL", "hash": "a274b536e7433a8a708433dabef07d2f94273a66", "best_bid": "0.009", "best_ask": "0.29"}], "timestamp": "1769384090295", "event_type": "price_change"}}
{"_local_timestamp": "2026-01-25T23:34:50.409540+00:00", "data": {"market": "0x8d0d1f160c1f9e4a83671f25a625a0b438dd35e7ddd7af052952f31c01e9688c", "price_changes": [{"asset_id": "70857638983358862970243549502552402025410156696792964600975537440179776576866", "price": "0.11", "size": "325", "side": "BUY", "hash": "2c50c6cb853eaa93b5af19fa78c84f24f0f564ae", "best_bid": "0.71", "best_ask": "0.991"}, {"asset_id": "90783695190547620038787137951226221074688238620620898081956452371639338781737", "price": "0.89", "size": "325", "side": "SELL", "hash": "a640dcf8b2034958096830f10e48177578a67dc3", "best_bid": "0.009", "best_ask": "0.29"}], "timestamp": "1769384090314", "event_type": "price_change"}}
{"_local_timestamp": "2026-01-25T23:34:52.665452+00:00", "data": {"market": "0x8d0d1f160c1f9e4a83671f25a625a0b438dd35e7ddd7af052952f31c01e9688c", "price_changes": [{"asset_id": "70857638983358862970243549502552402025410156696792964600975537440179776576866", "price": "0.44", "size": "0", "side": "BUY", "hash": "ef83fcde5021e7e7170140e4c13f560c51a04aa7", "best_bid": "0.71", "best_ask": "0.991"}, {"asset_id": "90783695190547620038787137951226221074688238620620898081956452371639338781737", "price": "0.56", "size": "0", "side": "SELL", "hash": "4f47ebb5389df09c5802600e83b5aaec07ba1390", "best_bid": "0.009", "best_ask": "0.29"}], "timestamp": "1769384092601", "event_type": "price_change"}}
{"_local_timestamp": "2026-01-25T23:34:52.693220+00:00", "data": {"market": "0x8d0d1f160c1f9e4a83671f25a625a0b438dd35e7ddd7af052952f31c01e9688c", "price_changes": [{"asset_id": "70857638983358862970243549502552402025410156696792964600975537440179776576866", "price": "0.411", "size": "20", "side": "BUY", "hash": "a18e75372139b4c64e25a36e89f4eb5c062c8ab7", "best_bid": "0.71", "best_ask": "0.991"}, {"asset_id": "90783695190547620038787137951226221074688238620620898081956452371639338781737", "price": "0.589", "size": "20", "side": "SELL", "hash": "e6eeb7c0ea82c535d795529e91a06f2fa426e541", "best_bid": "0.009", "best_ask": "0.29"}], "timestamp": "1769384092629", "event_type": "price_change"}}
{"_local_timestamp": "2026-01-25T23:35:00.054796+00:00", "data": {"market": "0x8d0d1f160c1f9e4a83671f25a625a0b438dd35e7ddd7af052952f31c01e9688c", "price_changes": [{"asset_id": "70857638983358862970243549502552402025410156696792964600975537440179776576866", "price": "0.01", "size": "7300", "side": "BUY", "hash": "9748ee0424e7202f352208b5d08556ae753f9a95", "best_bid": "0.71", "best_ask": "0.991"}, {"asset_id": "90783695190547620038787137951226221074688238620620898081956452371639338781737", "price": "0.99", "size": "7300", "side": "SELL", "hash": "61219cf4a3d6cbedfe423b4012c33d010e44ebf5", "best_bid": "0.009", "best_ask": "0.29"}], "timestamp": "1769384099981", "event_type": "price_change"}}
{"_local_timestamp": "2026-01-25T23:35:29.132217+00:00", "data": {"market": "0xdecf2f53f696844c80b3418b4192afc6da2f2cd39ae4394dd73d32bada6e503a", "price_changes": [{"asset_id": "108291499698108152959697793115641774513911822862361462110270284885353374675485", "price": "0.18", "size": "600", "side": "BUY", "hash": "d3a2a45cfbd2a255eb8becc460f40d82189ce40a", "best_bid": "0.66", "best_ask": "0.91"}, {"asset_id": "40835165184050489000505191981685191962606311669994044043883047827451094585331", "price": "0.82", "size": "600", "side": "SELL", "hash": "2ce471b2cdb8bed31b2db708903eeee71ead3f60", "best_bid": "0.09", "best_ask": "0.34"}], "timestamp": "1769384129065", "event_type": "price_change"}}
{"_local_timestamp": "2026-01-25T23:35:29.458944+00:00", "data": {"market": "0xdecf2f53f696844c80b3418b4192afc6da2f2cd39ae4394dd73d32bada6e503a", "price_changes": [{"asset_id": "108291499698108152959697793115641774513911822862361462110270284885353374675485", "price": "0.18", "size": "605", "side": "BUY", "hash": "3b1d177f7b9d7dfae9eddd667887dc290f4c9f2c", "best_bid": "0.66", "best_ask": "0.91"}, {"asset_id": "40835165184050489000505191981685191962606311669994044043883047827451094585331", "price": "0.82", "size": "605", "side": "SELL", "hash": "6285eaffaf96edb16ae3b92a848a20b2631965a4", "best_bid": "0.09", "best_ask": "0.34"}], "timestamp": "1769384129390", "event_type": "price_change"}}
{"_local_timestamp": "2026-01-25T23:35:52.881689+00:00", "data": {"market": "0x8d0d1f160c1f9e4a83671f25a625a0b438dd35e7ddd7af052952f31c01e9688c", "price_changes": [{"asset_id": "70857638983358862970243549502552402025410156696792964600975537440179776576866", "price": "0.44", "size": "400", "side": "BUY", "hash": "a555dbf4bbf38643ea9b986128f51fe138654c28", "best_bid": "0.71", "best_ask": "0.991"}, {"asset_id": "90783695190547620038787137951226221074688238620620898081956452371639338781737", "price": "0.56", "size": "400", "side": "SELL", "hash": "63bf7c2337202e2db6867791eda2961434db3c3e", "best_bid": "0.009", "best_ask": "0.29"}], "timestamp": "1769384152811", "event_type": "price_change"}}
{"_local_timestamp": "2026-01-25T23:35:52.882648+00:00", "data": {"market": "0x8d0d1f160c1f9e4a83671f25a625a0b438dd35e7ddd7af052952f31c01e9688c", "price_changes": [{"asset_id": "70857638983358862970243549502552402025410156696792964600975537440179776576866", "price": "0.439", "size": "405", "side": "BUY", "hash": "f1f277b1900e7b801a3e85ca9e022dbd009a81b1", "best_bid": "0.71", "best_ask": "0.991"}, {"asset_id": "90783695190547620038787137951226221074688238620620898081956452371639338781737", "price": "0.561", "size": "405", "side": "SELL", "hash": "6b75ae8b7e597c90e0ea654f8f7ac3ce3d5a4a52", "best_bid": "0.009", "best_ask": "0.29"}], "timestamp": "1769384152811", "event_type": "price_change"}}
{"_local_timestamp": "2026-01-25T23:35:56.560501+00:00", "data": {"market": "0x8d0d1f160c1f9e4a83671f25a625a0b438dd35e7ddd7af052952f31c01e9688c", "price_changes": [{"asset_id": "70857638983358862970243549502552402025410156696792964600975537440179776576866", "price": "0.411", "size": "0", "side": "BUY", "hash": "f485786831781ae29c3cdcc894ecfada316344c0", "best_bid": "0.71", "best_ask": "0.991"}, {"asset_id": "90783695190547620038787137951226221074688238620620898081956452371639338781737", "price": "0.589", "size": "0", "side": "SELL", "hash": "ae45e973bb7fc671dc05d067fe3085dd512e6fed", "best_bid": "0.009", "best_ask": "0.29"}], "timestamp": "1769384156419", "event_type": "price_change"}}
{"_local_timestamp": "2026-01-25T23:35:56.568518+00:00", "data": {"market": "0x8d0d1f160c1f9e4a83671f25a625a0b438dd35e7ddd7af052952f31c01e9688c", "price_changes": [{"asset_id": "70857638983358862970243549502552402025410156696792964600975537440179776576866", "price": "0.441", "size": "20", "side": "BUY", "hash": "b8299eecc54c0fd1e28e46ae151c51c7a1d98ba4", "best_bid": "0.71", "best_ask": "0.991"}, {"asset_id": "90783695190547620038787137951226221074688238620620898081956452371639338781737", "price": "0.559", "size": "20", "side": "SELL", "hash": "a571982d19e68f16d77e88dc30cc590569970b51", "best_bid": "0.009", "best_ask": "0.29"}], "timestamp": "1769384156446", "event_type": "price_change"}}
{"_local_timestamp": "2026-01-25T23:36:09.602860+00:00", "data": {"market": "0xdecf2f53f696844c80b3418b4192afc6da2f2cd39ae4394dd73d32bada6e503a", "price_changes": [{"asset_id": "108291499698108152959697793115641774513911822862361462110270284885353374675485", "price": "0.18", "size": "600", "side": "BUY", "hash": "a8b0e4d06624f0279bee7a11f06a3cdc469dbf6d", "best_bid": "0.66", "best_ask": "0.91"}, {"asset_id": "40835165184050489000505191981685191962606311669994044043883047827451094585331", "price": "0.82", "size": "600", "side": "SELL", "hash": "a2e591a5a9c681c41c931418d1f9a69ed48133bb", "best_bid": "0.09", "best_ask": "0.34"}], "timestamp": "1769384169537", "event_type": "price_change"}}
{"_local_timestamp": "2026-01-25T23:36:09.957334+00:00", "data": {"market": "0xdecf2f53f696844c80b3418b4192afc6da2f2cd39ae4394dd73d32bada6e503a", "price_changes": [{"asset_id": "108291499698108152959697793115641774513911822862361462110270284885353374675485", "price": "0.18", "size": "605", "side": "BUY", "hash": "07a46bbea68164562f55f256ca547a20bdaf82b3", "best_bid": "0.66", "best_ask": "0.91"}, {"asset_id": "40835165184050489000505191981685191962606311669994044043883047827451094585331", "price": "0.82", "size": "605", "side": "SELL", "hash": "3f8390e3f28192875e7a03cacbcb344bf400e06b", "best_bid": "0.09", "best_ask": "0.34"}], "timestamp": "1769384169890", "event_type": "price_change"}}
{"_local_timestamp": "2026-01-25T23:36:20.975750+00:00", "data": {"market": "0x8d0d1f160c1f9e4a83671f25a625a0b438dd35e7ddd7af052952f31c01e9688c", "price_changes": [{"asset_id": "70857638983358862970243549502552402025410156696792964600975537440179776576866", "price": "0.439", "size": "5", "side": "BUY", "hash": "7ffbb8bc5028169419328db3ecc95c08c656f2ab", "best_bid": "0.71", "best_ask": "0.991"}, {"asset_id": "90783695190547620038787137951226221074688238620620898081956452371639338781737", "price": "0.561", "size": "5", "side": "SELL", "hash": "81d3c4c79c9dfed0ce20729efb15f5c0ed5defa8", "best_bid": "0.009", "best_ask": "0.29"}], "timestamp": "1769384180909", "event_type": "price_change"}}
