{"_local_timestamp": "2026-01-25T23:33:28.107171+00:00", "data": [{"market": "0xdecf2f53f696844c80b3418b4192afc6da2f2cd39ae4394dd73d32bada6e503a", "asset_id": "40835165184050489000505191981685191962606311669994044043883047827451094585331", "timestamp": "1769383901915", "hash": "cc5199e096eda4be36924fa27362b15f7681a0b8", "bids": [{"price": "0.01", "size": "1260.22"}, {"price": "0.02", "size": "762.27"}, {"price": "0.03", "size": "307.85"}, {"price": "0.04", "size": "311.08"}, {"price": "0.05", "size": "233.33"}, {"price": "0.06", "size": "176.75"}, {"price": "0.07", "size": "39.99"}, {"price": "0.08", "size": "6.92"}, {"price": "0.09", "size": "33.33"}], "asks": [{"price": "0.99", "size": "5809.81"}, {"price": "0.98", "size": "2200"}, {"price": "0.97", "size": "8.03"}, {"price": "0.95", "size": "30"}, {"price": "0.94", "size": "33"}, {"price": "0.92", "size": "500"}, {"price": "0.91", "size": "7.34"}, {"price": "0.88", "size": "200"}, {"price": "0.86", "size": "550"}, {"price": "0.82", "size": "605"}, {"price": "0.78", "size": "150"}, {"price": "0.7", "size": "250"}, {"price": "0.69", "size": "141.66"}, {"price": "0.68", "size": "33"}, {"price": "0.51", "size": "66.66"}, {"price": "0.37", "size": "200"}, {"price": "0.35", "size": "25"}, {"price": "0.34", "size": "66.66"}], "event_type": "book", "last_trade_price": ""}, {"market": "0x8d0d1f160c1f9e4a83671f25a625a0b438dd35e7ddd7af052952f31c01e9688c", "asset_id": "70857638983358862970243549502552402025410156696792964600975537440179776576866", "timestamp": "1769383987794", "hash": "b6c02a95b002f56fdee08ee2d89a783ebaeee414", "bids": [{"price": "0.001", "size": "3459.55"}, {"price": "0.002", "size": "1258.51"}, {"price": "0.003", "size": "1166"}, {"price": "0.004", "size": "14.62"}, {"price": "0.006", "size": "83"}, {"price": "0.01", "size": "6000"}, {"price": "0.011", "size": "7.34"}, {"price": "0.02", "size": "3750"}, {"price": "0.021", "size": "7.24"}, {"price": "0.04", "size": "500"}, {"price": "0.041", "size": "200"}, {"price": "0.042", "size": "6.54"}, {"price": "0.05", "size": "30"}, {"price": "0.051", "size": "39"}, {"price": "0.08", "size": "625"}, {"price": "0.082", "size": "5.38"}, {"price": "0.11", "size": "600"}, {"price": "0.165", "size": "100"}, {"price": "0.166", "size": "300"}, {"price": "0.167", "size": "105.79"}, {"price": "0.3", "size": "150"}, {"price": "0.302", "size": "33"}, {"price": "0.439", "size": "105"}, {"price": "0.44", "size": "20"}, {"price": "0.71", "size": "10"}], "asks": [{"price": "0.999", "size": "16186.77"}, {"price": "0.998", "size": "408.84"}, {"price": "0.997", "size": "407.08"}, {"price": "0.996", "size": "329.8"}, {"price": "0.995", "size": "208.76"}, {"price": "0.994", "size": "55.9"}, {"price": "0.993", "size": "22"}, {"price": "0.992", "size": "15.43"}, {"price": "0.991", "size": "42.52"}], "event_type": "book", "last_trade_price": ""}, {"market": "0x8d0d1f160c1f9e4a83671f25a625a0b438dd35e7ddd7af052952f31c01e9688c", "asset_id": "90783695190547620038787137951226221074688238620620898081956452371639338781737", "timestamp": "1769383987794", "hash": "487557fa6206eaf7e94ef53e0b0fc6a00affd98e", "bids": [{"price": "0.001", "size": "16186.77"}, {"price": "0.002", "size": "408.84"}, {"price": "0.003", "size": "407.08"}, {"price": "0.004", "size": "329.8"}, {"price": "0.005", "size": "208.76"}, {"price": "0.006", "size": "55.9"}, {"price": "0.007", "size": "22"}, {"price": "0.008", "size": "15.43"}, {"price": "0.009", "size": "42.52"}], "asks": [{"price": "0.999", "size": "3459.55"}, {"price": "0.998", "size": "1258.51"}, {"price": "0.997", "size": "1166"}, {"price": "0.996", "size": "14.62"}, {"price": "0.994", "size": "83"}, {"price": "0.99", "size": "6000"}, {"price": "0.989", "size": "7.34"}, {"price": "0.98", "size": "3750"}, {"price": "0.979", "size": "7.24"}, {"price": "0.96", "size": "500"}, {"price": "0.959", "size": "200"}, {"price": "0.958", "size": "6.54"}, {"price": "0.95", "size": "30"}, {"price": "0.949", "size": "39"}, {"price": "0.92", "size": "625"}, {"price": "0.918", "size": "5.38"}, {"price": "0.89", "size": "600"}, {"price": "0.835", "size": "100"}, {"price": "0.834", "size": "300"}, {"price": "0.833", "size": "105.79"}, {"price": "0.7", "size": "150"}, {"price": "0.698", "size": "33"}, {"price": "0.561", "size": "105"}, {"price": "0.56", "size": "20"}, {"price": "0.29", "size": "10"}], "event_type": "book", "last_trade_price": ""}, {"market": "0xdecf2f53f696844c80b3418b4192afc6da2f2cd39ae4394dd73d32bada6e503a", "asset_id": "108291499698108152959697793115641774513911822862361462110270284885353374675485", "timestamp": "1769383901915", "hash": "3295e511087d8724da6d50bd5234a1c9715bd629", "bids": [{"price": "0.01", "size": "5809.81"}, {"price": "0.02", "size": "2200"}, {"price": "0.03", "size": "8.03"}, {"price": "0.05", "size": "30"}, {"price": "0.06", "size": "33"}, {"price": "0.08", "size": "500"}, {"price": "0.09", "size": "7.34"}, {"price": "0.12", "size": "200"}, {"price": "0.14", "size": "550"}, {"price": "0.18", "size": "605"}, {"price": "0.22", "size": "150"}, {"price": "0.3", "size": "250"}, {"price": "0.31", "size": "141.66"}, {"price": "0.32", "size": "33"}, {"price": "0.49", "size": "66.66"}, {"price": "0.63", "size": "200"}, {"price": "0.65", "size": "25"}, {"price": "0.66", "size": "66.66"}], "asks": [{"price": "0.99", "size": "1260.22"}, {"price": "0.98", "size": "762.27"}, {"price": "0.97", "size": "307.85"}, {"price": "0.96", "size": "311.08"}, {"price": "0.95", "size": "233.33"}, {"price": "0.94", "size": "176.75"}, {"price": "0.93", "size": "39.99"}, {"price": "0.92", "size": "6.92"}, {"price": "0.91", "size": "33.33"}], "event_type": "book", "last_trade_price": ""}]}
{"_local_timestamp": "2026-01-25T23:33:40.281728+00:00", "data": {"market": "0x8d0d1f160c1f9e4a83671f25a625a0b438dd35e7ddd7af052952f31c01e9688c", "price_changes": [{"asset_id": "70857638983358862970243549502552402025410156696792964600975537440179776576866", "price": "0.165", "size": "0", "side": "BUY", "hash": "4c079a01f077d9281497abae8fa3ec3fcbe30871", "best_bid": "0.71", "best_ask": "0.991"}, {"asset_id": "90783695190547620038787137951226221074688238620620898081956452371639338781737", "price": "0.835", "size": "0", "side": "SELL", "hash": "5855e7d0a9d4ff790224d439bee68997d042b008", "best_bid": "0.009", "best_ask": "0.29"}], "timestamp": "1769384020098", "event_type": "price_change"}}
{"_local_timestamp": "2026-01-25T23:33:40.295870+00:00", "data": {"market": "0x8d0d1f160c1f9e4a83671f25a625a0b438dd35e7ddd7af052952f31c01e9688c", "price_changes": [{"asset_id": "70857638983358862970243549502552402025410156696792964600975537440179776576866", "price": "0.11", "size": "475", "side": "BUY", "hash": "4c079a01f077d9281497abae8fa3ec3fcbe30871", "best_bid": "0.71", "best_ask": "0.991"}, {"asset_id": "90783695190547620038787137951226221074688238620620898081956452371639338781737", "price": "0.89", "size": "475", "side": "SELL", "hash": "5855e7d0a9d4ff790224d439bee68997d042b008", "best_bid": "0.009", "best_ask": "0.29"}], "timestamp": "1769384020098", "event_type": "price_change"}}
{"_local_timestamp": "2026-01-25T23:33:52.289307+00:00", "data": {"market": "0x8d0d1f160c1f9e4a83671f25a625a0b438dd35e7ddd7af052952f31c01e9688c", "price_changes": [{"asset_id": "70857638983358862970243549502552402025410156696792964600975537440179776576866", "price": "0.11", "size": "425", "side": "BUY", "hash": "456c17110faa6b01901e4bfe0caf208e347adc2f", "best_bid": "0.71", "best_ask": "0.991"}, {"asset_id": "90783695190547620038787137951226221074688238620620898081956452371639338781737", "price": "0.89", "size": "425", "side": "SELL", "hash": "b758881fa080dc7413bd62c4e96b0eaf8bfe2c0f", "best_bid": "0.009", "best_ask": "0.29"}], "timestamp": "1769384032220", "event_type": "price_change"}}
{"_local_timestamp": "2026-01-25T23:33:52.630034+00:00", "data": {"market": "0x8d0d1f160c1f9e4a83671f25a625a0b438dd35e7ddd7af052952f31c01e9688c", "price_changes": [{"asset_id": "70857638983358862970243549502552402025410156696792964600975537440179776576866", "price": "0.167", "size": "155.79", "side": "BUY", "hash": "db2fa517c539ec666fa84f6b2f7b9baf8fb2a230", "best_bid": "0.71", "best_ask": "0.991"}, {"asset_id": "90783695190547620038787137951226221074688238620620898081956452371639338781737", "price": "0.833", "size": "155.79", "side": "SELL", "hash": "03658eae827244ba26d65e9308af556c4347daaa", "best_bid": "0.009", "best_ask": "0.29"}], "timestamp": "1769384032551", "event_type": "price_change"}}
{"_local_timestamp": "2026-01-25T23:34:01.392602+00:00", "data": {"market": "0x8d0d1f160c1f9e4a83671f25a625a0b438dd35e7ddd7af052952f31c01e9688c", "price_changes": [{"asset_id": "70857638983358862970243549502552402025410156696792964600975537440179776576866", "price": "0.08", "size": "425", "side": "BUY", "hash": "d71f91b5d11a60a83b7045b3b2d360275c9a867a", "best_bid": "0.71", "best_ask": "0.991"}, {"asset_id": "90783695190547620038787137951226221074688238620620898081956452371639338781737", "price": "0.92", "size": "425", "side": "SELL", "hash": "1e425d877dc7a172ce7568cce956a1762b4e1f28", "best_bid": "0.009", "best_ask": "0.29"}], "timestamp": "1769384041280", "event_type": "price_change"}}
