{"_local_timestamp": "2026-01-25T23:40:29.666134+00:00", "data": [{"market": "0x2b40914f66cf5195d84f5934b3c297919342ebb3c032fabb709b7d87ae67e14e", "asset_id": "93382483372490196259599806079407160203979679994486135406898952073842583559283", "timestamp": "1769384366940", "hash": "fff25f1f6da4e85e6681a15717df04029b5d3dff", "bids": [{"price": "0.001", "size": "5814.78"}, {"price": "0.002", "size": "1255.04"}, {"price": "0.003", "size": "1400"}, {"price": "0.004", "size": "8.63"}, {"price": "0.006", "size": "200"}, {"price": "0.01", "size": "5030"}, {"price": "0.011", "size": "10.74"}, {"price": "0.02", "size": "2200"}, {"price": "0.021", "size": "207.79"}, {"price": "0.036", "size": "223.77"}, {"price": "0.037", "size": "6.71"}, {"price": "0.05", "size": "30"}, {"price": "0.051", "size": "39"}, {"price": "0.06", "size": "400"}, {"price": "0.061", "size": "71.53"}, {"price": "0.067", "size": "65.12"}, {"price": "0.068", "size": "54.29"}, {"price": "0.1", "size": "860"}, {"price": "0.105", "size": "76.71"}, {"price": "0.106", "size": "5.5"}, {"price": "0.113", "size": "38.61"}, {"price": "0.15", "size": "551.66"}, {"price": "0.151", "size": "53.34"}, {"price": "0.2", "size": "510"}, {"price": "0.21", "size": "100"}, {"price": "0.211", "size": "38.17"}, {"price": "0.25", "size": "112"}, {"price": "0.251", "size": "14.71"}, {"price": "0.252", "size": "17.31"}, {"price": "0.259", "size": "14.25"}, {"price": "0.3", "size": "236.66"}, {"price": "0.31", "size": "100"}, {"price": "0.311", "size": "11.87"}, {"price": "0.35", "size": "268.57"}, {"price": "0.351", "size": "10.51"}, {"price": "0.352", "size": "12.39"}, {"price": "0.4", "size": "150"}, {"price": "0.401", "size": "9.2"}, {"price": "0.45", "size": "100"}, {"price": "0.451", "size": "8.18"}, {"price": "0.452", "size": "9.65"}, {"price": "0.5", "size": "200"}, {"price": "0.55", "size": "100"}, {"price": "0.551", "size": "6.7"}, {"price": "0.699", "size": "5.28"}, {"price": "0.7", "size": "99.53"}, {"price": "0.709", "size": "1111"}, {"price": "0.71", "size": "1552.97"}, {"price": "0.98", "size": "350"}, {"price": "0.982", "size": "149.33"}, {"price": "0.988", "size": "14.99"}, {"price": "0.989", "size": "22.48"}], "asks": [{"price": "0.999", "size": "20943.67"}, {"price": "0.998", "size": "3668.61"}, {"price": "0.99", "size": "103.98"}], "event_type": "book", "last_trade_price": "0.010"}, {"market": "0x2b40914f66cf5195d84f5934b3c297919342ebb3c032fabb709b7d87ae67e14e", "asset_id": "65570440056117077542463878494177612662140785434913628124381440406242436241630", "timestamp": "1769384366940", "hash": "c1a4b1b61ac3ff8c751d140311bdac6e47f630ee", "bids": [{"price": "0.001", "size": "20943.67"}, {"price": "0.002", "size": "3668.61"}, {"price": "0.01", "size": "103.98"}], "asks": [{"price": "0.999", "size": "5814.78"}, {"price": "0.998", "size": "1255.04"}, {"price": "0.997", "size": "1400"}, {"price": "0.996", "size": "8.63"}, {"price": "0.994", "size": "200"}, {"price": "0.99", "size": "5030"}, {"price": "0.989", "size": "10.74"}, {"price": "0.98", "size": "2200"}, {"price": "0.979", "size": "207.79"}, {"price": "0.964", "size": "223.77"}, {"price": "0.963", "size": "6.71"}, {"price": "0.95", "size": "30"}, {"price": "0.949", "size": "39"}, {"price": "0.94", "size": "400"}, {"price": "0.939", "size": "71.53"}, {"price": "0.933", "size": "65.12"}, {"price": "0.932", "size": "54.29"}, {"price": "0.9", "size": "860"}, {"price": "0.895", "size": "76.71"}, {"price": "0.894", "size": "5.5"}, {"price": "0.887", "size": "38.61"}, {"price": "0.85", "size": "551.66"}, {"price": "0.849", "size": "53.34"}, {"price": "0.8", "size": "510"}, {"price": "0.79", "size": "100"}, {"price": "0.789", "size": "38.17"}, {"price": "0.75", "size": "112"}, {"price": "0.749", "size": "14.71"}, {"price": "0.748", "size": "17.31"}, {"price": "0.741", "size": "14.25"}, {"price": "0.7", "size": "236.66"}, {"price": "0.69", "size": "100"}, {"price": "0.689", "size": "11.87"}, {"price": "0.65", "size": "268.57"}, {"price": "0.649", "size": "10.51"}, {"price": "0.648", "size": "12.39"}, {"price": "0.6", "size": "150"}, {"price": "0.599", "size": "9.2"}, {"price": "0.55", "size": "100"}, {"price": "0.549", "size": "8.18"}, {"price": "0.548", "size": "9.65"}, {"price": "0.5", "size": "200"}, {"price": "0.45", "size": "100"}, {"price": "0.449", "size": "6.7"}, {"price": "0.301", "size": "5.28"}, {"price": "0.3", "size": "99.53"}, {"price": "0.291", "size": "1111"}, {"price": "0.29", "size": "1552.97"}, {"price": "0.02", "size": "350"}, {"price": "0.018", "size": "149.33"}, {"price": "0.012", "size": "14.99"}, {"price": "0.011", "size": "22.48"}], "event_type": "book", "last_trade_price": "0.010"}]}
{"_local_timestamp": "2026-01-25T23:41:09.216458+00:00", "data": {"market": "0x2b40914f66cf5195d84f5934b3c297919342ebb3c032fabb709b7d87ae67e14e", "price_changes": [{"asset_id": "65570440056117077542463878494177612662140785434913628124381440406242436241630", "price": "0.018", "size": "66.79", "side": "SELL", "hash": "c30feb3dfd2c4f66b1be36200aa294ac897953fa", "best_bid": "0.01", "best_ask": "0.011"}, {"asset_id": "93382483372490196259599806079407160203979679994486135406898952073842583559283", "price": "0.982", "size": "66.79", "side": "BUY", "hash": "15b9d82b50dff1bab9add4f339d23edc2a7ed706", "best_bid": "0.989", "best_ask": "0.99"}], "timestamp": "1769384469152", "event_type": "price_change"}}
{"_local_timestamp": "2026-01-25T23:41:11.968417+00:00", "data": {"market": "0x2b40914f66cf5195d84f5934b3c297919342ebb3c032fabb709b7d87ae67e14e", "price_changes": [{"asset_id": "65570440056117077542463878494177612662140785434913628124381440406242436241630", "price": "0.017", "size": "82.54", "side": "SELL", "hash": "be6242876ae1d2fe506f94bf89bb9deb6c76cc53", "best_bid": "0.01", "best_ask": "0.011"}, {"asset_id": "93382483372490196259599806079407160203979679994486135406898952073842583559283", "price": "0.983", "size": "82.54", "side": "BUY", "hash": "408984c47e52c7718fcaf75c3c099270c904c772", "best_bid": "0.989", "best_ask": "0.99"}], "timestamp": "1769384471893", "event_type": "price_change"}}
{"_local_timestamp": "2026-01-25T23:41:29.617749+00:00", "data": {"market": "0x2b40914f66cf5195d84f5934b3c297919342ebb3c032fabb709b7d87ae67e14e", "price_changes": [{"asset_id": "65570440056117077542463878494177612662140785434913628124381440406242436241630", "price": "0.018", "size": "0", "side": "SELL", "hash": "c673369daeead2dd78cef7b6b3ec0f12ebae9ff6", "best_bid": "0.01", "best_ask": "0.011"}, {"asset_id": "93382483372490196259599806079407160203979679994486135406898952073842583559283", "price": "0.982", "size": "0", "side": "BUY", "hash": "52ac5ec7491711cd5eded99e48cc19e9351783a4", "best_bid": "0.989", "best_ask": "0.99"}], "timestamp": "1769384489481", "event_type": "price_change"}}
{"_local_timestamp": "2026-01-25T23:41:29.690441+00:00", "data": {"market": "0x2b40914f66cf5195d84f5934b3c297919342ebb3c032fabb709b7d87ae67e14e", "price_changes": [{"asset_id": "65570440056117077542463878494177612662140785434913628124381440406242436241630", "price": "0.017", "size": "149.33", "side": "SELL", "hash": "0467cf0ca14442a7de16df66f28b2d6b24f80104", "best_bid": "0.01", "best_ask": "0.011"}, {"asset_id": "93382483372490196259599806079407160203979679994486135406898952073842583559283", "price": "0.983", "size": "149.33", "side": "BUY", "hash": "33b4df4c8d07a8552c71a7609e4b1ebe0c5a63a4", "best_bid": "0.989", "best_ask": "0.99"}], "timestamp": "1769384489569", "event_type": "price_change"}}
