{"_local_timestamp": "2026-01-25T23:33:25.304450+00:00", "data": [{"market": "0xd8c1b0a73653b1fb4fb6e8d13d0063d25810870d7ddf83e61fffb4de4522edf1", "asset_id": "45429668890056162364307617807576387840293305143387096943585488315586563658159", "timestamp": "1769383945015", "hash": "826f7b0bf3436fe953e4694b96f235368d803514", "bids": [{"price": "0.001", "size": "10564.99"}, {"price": "0.002", "size": "261.79"}, {"price": "0.003", "size": "152.04"}, {"price": "0.02", "size": "975.92"}, {"price": "0.021", "size": "442.5"}, {"price": "0.022", "size": "292.87"}, {"price": "0.023", "size": "9.01"}, {"price": "0.032", "size": "51.75"}, {"price": "0.033", "size": "6.55"}, {"price": "0.041", "size": "52.87"}, {"price": "0.042", "size": "47.08"}], "asks": [{"price": "0.999", "size": "4896.2"}, {"price": "0.998", "size": "1250"}, {"price": "0.997", "size": "1172.7"}, {"price": "0.994", "size": "83"}, {"price": "0.993", "size": "9.61"}, {"price": "0.99", "size": "5300"}, {"price": "0.98", "size": "2200"}, {"price": "0.979", "size": "11.43"}, {"price": "0.95", "size": "30"}, {"price": "0.949", "size": "39"}, {"price": "0.91", "size": "400"}, {"price": "0.909", "size": "7.27"}, {"price": "0.87", "size": "325"}, {"price": "0.83", "size": "300"}, {"price": "0.819", "size": "24.07"}, {"price": "0.79", "size": "600"}, {"price": "0.738", "size": "5"}, {"price": "0.7", "size": "350"}, {"price": "0.66", "size": "125"}, {"price": "0.533", "size": "3587"}, {"price": "0.5", "size": "200"}, {"price": "0.498", "size": "500"}, {"price": "0.497", "size": "166.66"}, {"price": "0.496", "size": "5"}, {"price": "0.33", "size": "100"}, {"price": "0.287", "size": "66.66"}, {"price": "0.25", "size": "30"}, {"price": "0.18", "size": "40"}, {"price": "0.111", "size": "12"}, {"price": "0.108", "size": "12"}, {"price": "0.105", "size": "12"}, {"price": "0.102", "size": "12"}, {"price": "0.099", "size": "12"}, {"price": "0.076", "size": "66.66"}, {"price": "0.075", "size": "47.06"}], "event_type": "book", "last_trade_price": "0.824"}, {"market": "0xd8c1b0a73653b1fb4fb6e8d13d0063d25810870d7ddf83e61fffb4de4522edf1", "asset_id": "63147276005126770880954125047261230986291997315680909701649556277988435329355", "timestamp": "1769383945015", "hash": "1d8e3c998d3a58527856134a66a2beabee0ecd24", "bids": [{"price": "0.001", "size": "4896.2"}, {"price": "0.002", "size": "1250"}, {"price": "0.003", "size": "1172.7"}, {"price": "0.006", "size": "83"}, {"price": "0.007", "size": "9.61"}, {"price": "0.01", "size": "5300"}, {"price": "0.02", "size": "2200"}, {"price": "0.021", "size": "11.43"}, {"price": "0.05", "size": "30"}, {"price": "0.051", "size": "39"}, {"price": "0.09", "size": "400"}, {"price": "0.091", "size": "7.27"}, {"price": "0.13", "size": "325"}, {"price": "0.17", "size": "300"}, {"price": "0.181", "size": "24.07"}, {"price": "0.21", "size": "600"}, {"price": "0.262", "size": "5"}, {"price": "0.3", "size": "350"}, {"price": "0.34", "size": "125"}, {"price": "0.467", "size": "3587"}, {"price": "0.5", "size": "200"}, {"price": "0.502", "size": "500"}, {"price": "0.503", "size": "166.66"}, {"price": "0.504", "size": "5"}, {"price": "0.67", "size": "100"}, {"price": "0.713", "size": "66.66"}, {"price": "0.75", "size": "30"}, {"price": "0.82", "size": "40"}, {"price": "0.889", "size": "12"}, {"price": "0.892", "size": "12"}, {"price": "0.895", "size": "12"}, {"price": "0.898", "size": "12"}, {"price": "0.901", "size": "12"}, {"price": "0.924", "size": "66.66"}, {"price": "0.925", "size": "47.06"}], "asks": [{"price": "0.999", "size": "10564.99"}, {"price": "0.998", "size": "261.79"}, {"price": "0.997", "size": "152.04"}, {"price": "0.98", "size": "975.92"}, {"price": "0.979", "size": "442.5"}, {"price": "0.978", "size": "292.87"}, {"price": "0.977", "size": "9.01"}, {"price": "0.968", "size": "51.75"}, {"price": "0.967", "size": "6.55"}, {"price": "0.959", "size": "52.87"}, {"price": "0.958", "size": "47.08"}], "event_type": "book", "last_trade_price": "0.824"}]}
{"_local_timestamp": "2026-01-25T23:33:30.019763+00:00", "data": {"market": "0xd8c1b0a73653b1fb4fb6e8d13d0063d25810870d7ddf83e61fffb4de4522edf1", "price_changes": [{"asset_id": "63147276005126770880954125047261230986291997315680909701649556277988435329355", "price": "0.504", "size": "0", "side": "BUY", "hash": "065556f067ac706cb92648233b34e430143c52dc", "best_bid": "0.925", "best_ask": "0.958"}, {"asset_id": "45429668890056162364307617807576387840293305143387096943585488315586563658159", "price": "0.496", "size": "0", "side": "SELL", "hash": "7ee0f1a44b636a171d5abb7b3b1935b06a639af2", "best_bid": "0.042", "best_ask": "0.075"}], "timestamp": "1769384009940", "event_type": "price_change"}}
{"_local_timestamp": "2026-01-25T23:33:30.059844+00:00", "data": {"market": "0xd8c1b0a73653b1fb4fb6e8d13d0063d25810870d7ddf83e61fffb4de4522edf1", "price_changes": [{"asset_id": "63147276005126770880954125047261230986291997315680909701649556277988435329355", "price": "0.504", "size": "5", "side": "BUY", "hash": "c16e80dd28f4092e906fa5f9bb49476ab24453a9", "best_bid": "0.925", "best_ask": "0.958"}, {"asset_id": "45429668890056162364307617807576387840293305143387096943585488315586563658159", "price": "0.496", "size": "5", "side": "SELL", "hash": "79a6fa7d27e2911ddab2deca66007346c9585830", "best_bid": "0.042", "best_ask": "0.075"}], "timestamp": "1769384009990", "event_type": "price_change"}}
{"_local_timestamp": "2026-01-25T23:34:28.939380+00:00", "data": {"market": "0xd8c1b0a73653b1fb4fb6e8d13d0063d25810870d7ddf83e61fffb4de4522edf1", "price_changes": [{"asset_id": "63147276005126770880954125047261230986291997315680909701649556277988435329355", "price": "0.924", "size": "0", "side": "BUY", "hash": "5fa46bdb26323e3788983651f8ea1703498304c1", "best_bid": "0.925", "best_ask": "0.958"}, {"asset_id": "45429668890056162364307617807576387840293305143387096943585488315586563658159", "price": "0.076", "size": "0", "side": "SELL", "hash": "ac8632bd105c37a5530723f43fe83f62fbcec579", "best_bid": "0.042", "best_ask": "0.075"}], "timestamp": "1769384068516", "event_type": "price_change"}}
{"_local_timestamp": "2026-01-25T23:34:29.195157+00:00", "data": {"market": "0xd8c1b0a73653b1fb4fb6e8d13d0063d25810870d7ddf83e61fffb4de4522edf1", "price_changes": [{"asset_id": "63147276005126770880954125047261230986291997315680909701649556277988435329355", "price": "0.926", "size": "66.66", "side": "BUY", "hash": "69cd8d417a3569b6aa0a3ec602c6e85e2650aa04", "best_bid": "0.926", "best_ask": "0.958"}, {"asset_id": "45429668890056162364307617807576387840293305143387096943585488315586563658159", "price": "0.074", "size": "66.66", "side": "SELL", "hash": "a256c414adc6dfd65a7664c069273c4c5d52b02a", "best_bid": "0.042", "best_ask": "0.074"}], "timestamp": "1769384069071", "event_type": "price_change"}}
{"_local_timestamp": "2026-01-25T23:34:31.114762+00:00", "data": {"market": "0xd8c1b0a73653b1fb4fb6e8d13d0063d25810870d7ddf83e61fffb4de4522edf1", "price_changes": [{"asset_id": "45429668890056162364307617807576387840293305143387096943585488315586563658159", "price": "0.075", "size": "22.07", "side": "SELL", "hash": "862de93e21680cfe9039de9e17d4f71b38e13b0b", "best_bid": "0.042", "best_ask": "0.074"}, {"asset_id": "63147276005126770880954125047261230986291997315680909701649556277988435329355", "price": "0.925", "size": "22.07", "side": "BUY", "hash": "08bba97a9cc7fecb5c0cca27f9de89c91c07117d", "best_bid": "0.926", "best_ask": "0.958"}], "timestamp": "1769384071040", "event_type": "price_change"}}
