{"_local_timestamp": "2026-01-25T23:33:25.304450+00:00", "data": [{"market": "0xd8c1b0a73653b1fb4fb6e8d13d0063d25810870d7ddf83e61fffb4de4522edf1", "asset_id": "45429668890056162364307617807576387840293305143387096943585488315586563658159", "timestamp": "1769383945015", "hash": "826f7b0bf3436fe953e4694b96f235368d803514", "bids": [{"price": "0.001", "size": "10564.99"}, {"price": "0.002", "size": "261.79"}, {"price": "0.003", "size": "152.04"}, {"price": "0.02", "size": "975.92"}, {"price": "0.021", "size": "442.5"}, {"price": "0.022", "size": "292.87"}, {"price": "0.023", "size": "9.01"}, {"price": "0.032", "size": "51.75"}, {"price": "0.033", "size": "6.55"}, {"price": "0.041", "size": "52.87"}, {"price": "0.042", "size": "47.08"}], "asks": [{"price": "0.999", "size": "4896.2"}, {"price": "0.998", "size": "1250"}, {"price": "0.997", "size": "1172.7"}, {"price": "0.994", "size": "83"}, {"price": "0.993", "size": "9.61"}, {"price": "0.99", "size": "5300"}, {"price": "0.98", "size": "2200"}, {"price": "0.979", "size": "11.43"}, {"price": "0.95", "size": "30"}, {"price": "0.949", "size": "39"}, {"price": "0.91", "size": "400"}, {"price": "0.909", "size": "7.27"}, {"price": "0.87", "size": "325"}, {"price": "0.83", "size": "300"}, {"price": "0.819", "size": "24.07"}, {"price": "0.79", "size": "600"}, {"price": "0.738", "size": "5"}, {"price": "0.7", "size": "350"}, {"price": "0.66", "size": "125"}, {"price": "0.533", "size": "3587"}, {"price": "0.5", "size": "200"}, {"price": "0.498", "size": "500"}, {"price": "0.497", "size": "166.66"}, {"price": "0.496", "size": "5"}, {"price": "0.33", "size": "100"}, {"price": "0.287", "size": "66.66"}, {"price": "0.25", "size": "30"}, {"price": "0.18", "size": "40"}, {"price": "0.111", "size": "12"}, {"price": "0.108", "size": "12"}, {"price": "0.105", "size": "12"}, {"price": "0.102", "size": "12"}, {"price": "0.099", "size": "12"}, {"price": "0.076", "size": "66.66"}, {"price": "0.075", "size": "47.06"}], "event_type": "book", "last_trade_price": "0.824"}, {"market": "0xd8c1b0a73653b1fb4fb6e8d13d0063d25810870d7ddf83e61fffb4de4522edf1", "asset_id": "63147276005126770880954125047261230986291997315680909701649556277988435329355", "timestamp": "1769383945015", "hash": "1d8e3c998d3a58527856134a66a2beabee0ecd24", "bids": [{"price": "0.001", "size": "4896.2"}, {"price": "0.002", "size": "1250"}, {"price": "0.003", "size": "1172.7"}, {"price": "0.006", "size": "83"}, {"price": "0.007", "size": "9.61"}, {"price": "0.01", "size": "5300"}, {"price": "0.02", "size": "2200"}, {"price": "0.021", "size": "11.43"}, {"price": "0.05", "size": "30"}, {"price": "0.051", "size": "39"}, {"price": "0.09", "size": "400"}, {"price": "0.091", "size": "7.27"}, {"price": "0.13", "size": "325"}, {"price": "0.17", "size": "300"}, {"price": "0.181", "size": "24.07"}, {"price": "0.21", "size": "600"}, {"price": "0.262", "size": "5"}, {"price": "0.3", "size": "350"}, {"price": "0.34", "size": "125"}, {"price": "0.467", "size": "3587"}, {"price": "0.5", "size": "200"}, {"price": "0.502", "size": "500"}, {"price": "0.503", "size": "166.66"}, {"price": "0.504", "size": "5"}, {"price": "0.67", "size": "100"}, {"price": "0.713", "size": "66.66"}, {"price": "0.75", "size": "30"}, {"price": "0.82", "size": "40"}, {"price": "0.889", "size": "12"}, {"price": "0.892", "size": "12"}, {"price": "0.895", "size": "12"}, {"price": "0.898", "size": "12"}, {"price": "0.901", "size": "12"}, {"price": "0.924", "size": "66.66"}, {"price": "0.925", "size": "47.06"}], "asks": [{"price": "0.999", "size": "10564.99"}, {"price": "0.998", "size": "261.79"}, {"price": "0.997", "size": "152.04"}, {"price": "0.98", "size": "975.92"}, {"price": "0.979", "size": "442.5"}, {"price": "0.978", "size": "292.87"}, {"price": "0.977", "size": "9.01"}, {"price": "0.968", "size": "51.75"}, {"price": "0.967", "size": "6.55"}, {"price": "0.959", "size": "52.87"}, {"price": "0.958", "size": "47.08"}], "event_type": "book", "last_trade_price": "0.824"}]}
{"_local_timestamp": "2026-01-25T23:33:30.019763+00:00", "data": {"market": "0xd8c1b0a73653b1fb4fb6e8d13d0063d25810870d7ddf83e61fffb4de4522edf1", "price_changes": [{"asset_id": "63147276005126770880954125047261230986291997315680909701649556277988435329355", "price": "0.504", "size": "0", "side": "BUY", "hash": "065556f067ac706cb92648233b34e430143c52dc", "best_bid": "0.925", "best_ask": "0.958"}, {"asset_id": "45429668890056162364307617807576387840293305143387096943585488315586563658159", "price": "0.496", "size": "0", "side": "SELL", "hash": "7ee0f1a44b636a171d5abb7b3b1935b06a639af2", "best_bid": "0.042", "best_ask": "0.075"}], "timestamp": "1769384009940", "event_type": "price_change"}}
{"_local_timestamp": "2026-01-25T23:33:30.059844+00:00", "data": {"market": "0xd8c1b0a73653b1fb4fb6e8d13d0063d25810870d7ddf83e61fffb4de4522edf1", "price_changes": [{"asset_id": "63147276005126770880954125047261230986291997315680909701649556277988435329355", "price": "0.504", "size": "5", "side": "BUY", "hash": "c16e80dd28f4092e906fa5f9bb49476ab24453a9", "best_bid": "0.925", "best_ask": "0.958"}, {"asset_id": "45429668890056162364307617807576387840293305143387096943585488315586563658159", "price": "0.496", "size": "5", "side": "SELL", "hash": "79a6fa7d27e2911ddab2deca66007346c9585830", "best_bid": "0.042", "best_ask": "0.075"}], "timestamp": "1769384009990", "event_type": "price_change"}}
{"_local_timestamp": "2026-01-25T23:34:28.939380+00:00", "data": {"market": "0xd8c1b0a73653b1fb4fb6e8d13d0063d25810870d7ddf83e61fffb4de4522edf1", "price_changes": [{"asset_id": "63147276005126770880954125047261230986291997315680909701649556277988435329355", "price": "0.924", "size": "0", "side": "BUY", "hash": "5fa46bdb26323e3788983651f8ea1703498304c1", "best_bid": "0.925", "best_ask": "0.958"}, {"asset_id": "45429668890056162364307617807576387840293305143387096943585488315586563658159", "price": "0.076", "size": "0", "side": "SELL", "hash": "ac8632bd105c37a5530723f43fe83f62fbcec579", "best_bid": "0.042", "best_ask": "0.075"}], "timestamp": "1769384068516", "event_type": "price_change"}}
{"_local_timestamp": "2026-01-25T23:34:29.195157+00:00", "data": {"market": "0xd8c1b0a73653b1fb4fb6e8d13d0063d25810870d7ddf83e61fffb4de4522edf1", "price_changes": [{"asset_id": "63147276005126770880954125047261230986291997315680909701649556277988435329355", "price": "0.926", "size": "66.66", "side": "BUY", "hash": "69cd8d417a3569b6aa0a3ec602c6e85e2650aa04", "best_bid": "0.926", "best_ask": "0.958"}, {"asset_id": "45429668890056162364307617807576387840293305143387096943585488315586563658159", "price": "0.074", "size": "66.66", "side": "SELL", "hash": "a256c414adc6dfd65a7664c069273c4c5d52b02a", "best_bid": "0.042", "best_ask": "0.074"}], "timestamp": "1769384069071", "event_type": "price_change"}}
{"_local_timestamp": "2026-01-25T23:34:31.114762+00:00", "data": {"market": "0xd8c1b0a73653b1fb4fb6e8d13d0063d25810870d7ddf83e61fffb4de4522edf1", "price_changes": [{"asset_id": "45429668890056162364307617807576387840293305143387096943585488315586563658159", "price": "0.075", "size": "22.07", "side": "SELL", "hash": "862de93e21680cfe9039de9e17d4f71b38e13b0b", "best_bid": "0.042", "best_ask": "0.074"}, {"asset_id": "63147276005126770880954125047261230986291997315680909701649556277988435329355", "price": "0.925", "size": "22.07", "side": "BUY", "hash": "08bba97a9cc7fecb5c0cca27f9de89c91c07117d", "best_bid": "0.926", "best_ask": "0.958"}], "timestamp": "1769384071040", "event_type": "price_change"}}
{"_local_timestamp": "2026-01-25T23:34:41.323612+00:00", "data": {"market": "0xd8c1b0a73653b1fb4fb6e8d13d0063d25810870d7ddf83e61fffb4de4522edf1", "price_changes": [{"asset_id": "45429668890056162364307617807576387840293305143387096943585488315586563658159", "price": "0.073", "size": "24.99", "side": "SELL", "hash": "4ed9506d605d6436387035e557787a4305d348ed", "best_bid": "0.042", "best_ask": "0.073"}, {"asset_id": "63147276005126770880954125047261230986291997315680909701649556277988435329355", "price": "0.927", "size": "24.99", "side": "BUY", "hash": "65bf0386f90b68fbe904d42f9568d86e1fa9c110", "best_bid": "0.927", "best_ask": "0.958"}], "timestamp": "1769384081250", "event_type": "price_change"}}
{"_local_timestamp": "2026-01-25T23:34:42.177353+00:00", "data": {"market": "0xd8c1b0a73653b1fb4fb6e8d13d0063d25810870d7ddf83e61fffb4de4522edf1", "price_changes": [{"asset_id": "45429668890056162364307617807576387840293305143387096943585488315586563658159", "price": "0.003", "size": "144.17", "side": "BUY", "hash": "bd28165ed9b4b78ccbafbe93d7b0d3f0abc21285", "best_bid": "0.042", "best_ask": "0.073"}, {"asset_id": "63147276005126770880954125047261230986291997315680909701649556277988435329355", "price": "0.997", "size": "144.17", "side": "SELL", "hash": "8ab1b2e67df369957ce95520f91181fe02184c11", "best_bid": "0.927", "best_ask": "0.958"}], "timestamp": "1769384082103", "event_type": "price_change"}}
{"_local_timestamp": "2026-01-25T23:34:42.453185+00:00", "data": {"market": "0xd8c1b0a73653b1fb4fb6e8d13d0063d25810870d7ddf83e61fffb4de4522edf1", "price_changes": [{"asset_id": "45429668890056162364307617807576387840293305143387096943585488315586563658159", "price": "0.003", "size": "152.04", "side": "BUY", "hash": "ab55e82a41c0bddf5cef50e2ee96847a54140d38", "best_bid": "0.042", "best_ask": "0.073"}, {"asset_id": "63147276005126770880954125047261230986291997315680909701649556277988435329355", "price": "0.997", "size": "152.04", "side": "SELL", "hash": "c9a373a3cdb26cec002e5942cf73091842a4c3e6", "best_bid": "0.927", "best_ask": "0.958"}], "timestamp": "1769384082386", "event_type": "price_change"}}
{"_local_timestamp": "2026-01-25T23:35:35.982887+00:00", "data": {"market": "0xd8c1b0a73653b1fb4fb6e8d13d0063d25810870d7ddf83e61fffb4de4522edf1", "price_changes": [{"asset_id": "63147276005126770880954125047261230986291997315680909701649556277988435329355", "price": "0.262", "size": "0", "side": "BUY", "hash": "a2bccda5cd28a68a1977e63fdd15cbd8ae7eb7e8", "best_bid": "0.927", "best_ask": "0.958"}, {"asset_id": "45429668890056162364307617807576387840293305143387096943585488315586563658159", "price": "0.738", "size": "0", "side": "SELL", "hash": "d9392170cfedd31619ab9e4eb7049d179f0ec98b", "best_bid": "0.042", "best_ask": "0.073"}], "timestamp": "1769384135912", "event_type": "price_change"}}
{"_local_timestamp": "2026-01-25T23:35:36.209336+00:00", "data": {"market": "0xd8c1b0a73653b1fb4fb6e8d13d0063d25810870d7ddf83e61fffb4de4522edf1", "price_changes": [{"asset_id": "63147276005126770880954125047261230986291997315680909701649556277988435329355", "price": "0.262", "size": "5", "side": "BUY", "hash": "7ee0f90af773d005e4e9958c9a388ff3aa229b8b", "best_bid": "0.927", "best_ask": "0.958"}, {"asset_id": "45429668890056162364307617807576387840293305143387096943585488315586563658159", "price": "0.738", "size": "5", "side": "SELL", "hash": "2901fbe3c30530c6e3485a60bc03f04ab2a0e37b", "best_bid": "0.042", "best_ask": "0.073"}], "timestamp": "1769384136137", "event_type": "price_change"}}
{"_local_timestamp": "2026-01-25T23:35:58.025709+00:00", "data": {"market": "0xd8c1b0a73653b1fb4fb6e8d13d0063d25810870d7ddf83e61fffb4de4522edf1", "price_changes": [{"asset_id": "45429668890056162364307617807576387840293305143387096943585488315586563658159", "price": "0.075", "size": "0", "side": "SELL", "hash": "c199add36d87492f345e04fc050cc87a2dc0a3eb", "best_bid": "0.042", "best_ask": "0.073"}, {"asset_id": "63147276005126770880954125047261230986291997315680909701649556277988435329355", "price": "0.925", "size": "0", "side": "BUY", "hash": "ae8612c29146e89569ab43ae8efc2d80e15adadb", "best_bid": "0.927", "best_ask": "0.958"}], "timestamp": "1769384157957", "event_type": "price_change"}}
{"_local_timestamp": "2026-01-25T23:35:58.127622+00:00", "data": {"market": "0xd8c1b0a73653b1fb4fb6e8d13d0063d25810870d7ddf83e61fffb4de4522edf1", "price_changes": [{"asset_id": "45429668890056162364307617807576387840293305143387096943585488315586563658159", "price": "0.073", "size": "47.06", "side": "SELL", "hash": "3b5859662d44f90c17bf6b9e8c79c451fb96af03", "best_bid": "0.042", "best_ask": "0.073"}, {"asset_id": "63147276005126770880954125047261230986291997315680909701649556277988435329355", "price": "0.927", "size": "47.06", "side": "BUY", "hash": "79666b44158c3d987254af8cc992c2499338d10c", "best_bid": "0.927", "best_ask": "0.958"}], "timestamp": "1769384158047", "event_type": "price_change"}}
{"_local_timestamp": "2026-01-25T23:36:58.542105+00:00", "data": {"market": "0xd8c1b0a73653b1fb4fb6e8d13d0063d25810870d7ddf83e61fffb4de4522edf1", "price_changes": [{"asset_id": "45429668890056162364307617807576387840293305143387096943585488315586563658159", "price": "0.003", "size": "144.17", "side": "BUY", "hash": "a51c0096d03cc779c34146ef913f3d1a1ca3fcca", "best_bid": "0.042", "best_ask": "0.073"}, {"asset_id": "63147276005126770880954125047261230986291997315680909701649556277988435329355", "price": "0.997", "size": "144.17", "side": "SELL", "hash": "99b2eba940e19700a404bf074fd98c63b7afeb89", "best_bid": "0.927", "best_ask": "0.958"}], "timestamp": "1769384218274", "event_type": "price_change"}}
{"_local_timestamp": "2026-01-25T23:36:59.057624+00:00", "data": {"market": "0xd8c1b0a73653b1fb4fb6e8d13d0063d25810870d7ddf83e61fffb4de4522edf1", "price_changes": [{"asset_id": "45429668890056162364307617807576387840293305143387096943585488315586563658159", "price": "0.004", "size": "5.9", "side": "BUY", "hash": "07314ad49cf4bd4c2c5b67d6e5d328589ce655db", "best_bid": "0.042", "best_ask": "0.073"}, {"asset_id": "63147276005126770880954125047261230986291997315680909701649556277988435329355", "price": "0.996", "size": "5.9", "side": "SELL", "hash": "8cbda4a10cac884d97d421df2fa3bc00ec9d6c36", "best_bid": "0.927", "best_ask": "0.958"}], "timestamp": "1769384218672", "event_type": "price_change"}}
{"_local_timestamp": "2026-01-25T23:37:04.350611+00:00", "data": {"market": "0xd8c1b0a73653b1fb4fb6e8d13d0063d25810870d7ddf83e61fffb4de4522edf1", "price_changes": [{"asset_id": "45429668890056162364307617807576387840293305143387096943585488315586563658159", "price": "0.111", "size": "0", "side": "SELL", "hash": "5439fcbbb33c6b03b94e27717832044090aa5243", "best_bid": "0.042", "best_ask": "0.073"}, {"asset_id": "63147276005126770880954125047261230986291997315680909701649556277988435329355", "price": "0.889", "size": "0", "side": "BUY", "hash": "bc3428d85dc523e2e8ea4845d3a371445f5e70a0", "best_bid": "0.927", "best_ask": "0.958"}], "timestamp": "1769384224152", "event_type": "price_change"}}
{"_local_timestamp": "2026-01-25T23:37:04.351022+00:00", "data": {"market": "0xd8c1b0a73653b1fb4fb6e8d13d0063d25810870d7ddf83e61fffb4de4522edf1", "price_changes": [{"asset_id": "45429668890056162364307617807576387840293305143387096943585488315586563658159", "price": "0.108", "size": "0", "side": "SELL", "hash": "5439fcbbb33c6b03b94e27717832044090aa5243", "best_bid": "0.042", "best_ask": "0.073"}, {"asset_id": "63147276005126770880954125047261230986291997315680909701649556277988435329355", "price": "0.892", "size": "0", "side": "BUY", "hash": "bc3428d85dc523e2e8ea4845d3a371445f5e70a0", "best_bid": "0.927", "best_ask": "0.958"}], "timestamp": "1769384224152", "event_type": "price_change"}}
{"_local_timestamp": "2026-01-25T23:37:04.357445+00:00", "data": {"market": "0xd8c1b0a73653b1fb4fb6e8d13d0063d25810870d7ddf83e61fffb4de4522edf1", "price_changes": [{"asset_id": "45429668890056162364307617807576387840293305143387096943585488315586563658159", "price": "0.099", "size": "0", "side": "SELL", "hash": "5439fcbbb33c6b03b94e27717832044090aa5243", "best_bid": "0.042", "best_ask": "0.073"}, {"asset_id": "63147276005126770880954125047261230986291997315680909701649556277988435329355", "price": "0.901", "size": "0", "side": "BUY", "hash": "bc3428d85dc523e2e8ea4845d3a371445f5e70a0", "best_bid": "0.927", "best_ask": "0.958"}], "timestamp": "1769384224152", "event_type": "price_change"}}
{"_local_timestamp": "2026-01-25T23:37:04.357784+00:00", "data": {"market": "0xd8c1b0a73653b1fb4fb6e8d13d0063d25810870d7ddf83e61fffb4de4522edf1", "price_changes": [{"asset_id": "45429668890056162364307617807576387840293305143387096943585488315586563658159", "price": "0.102", "size": "0", "side": "SELL", "hash": "5439fcbbb33c6b03b94e27717832044090aa5243", "best_bid": "0.042", "best_ask": "0.073"}, {"asset_id": "63147276005126770880954125047261230986291997315680909701649556277988435329355", "price": "0.898", "size": "0", "side": "BUY", "hash": "bc3428d85dc523e2e8ea4845d3a371445f5e70a0", "best_bid": "0.927", "best_ask": "0.958"}], "timestamp": "1769384224152", "event_type": "price_change"}}
{"_local_timestamp": "2026-01-25T23:37:04.358126+00:00", "data": {"market": "0xd8c1b0a73653b1fb4fb6e8d13d0063d25810870d7ddf83e61fffb4de4522edf1", "price_changes": [{"asset_id": "45429668890056162364307617807576387840293305143387096943585488315586563658159", "price": "0.105", "size": "0", "side": "SELL", "hash": "5439fcbbb33c6b03b94e27717832044090aa5243", "best_bid": "0.042", "best_ask": "0.073"}, {"asset_id": "63147276005126770880954125047261230986291997315680909701649556277988435329355", "price": "0.895", "size": "0", "side": "BUY", "hash": "bc3428d85dc523e2e8ea4845d3a371445f5e70a0", "best_bid": "0.927", "best_ask": "0.958"}], "timestamp": "1769384224152", "event_type": "price_change"}}
{"_local_timestamp": "2026-01-25T23:37:12.326218+00:00", "data": {"market": "0xd8c1b0a73653b1fb4fb6e8d13d0063d25810870d7ddf83e61fffb4de4522edf1", "price_changes": [{"asset_id": "63147276005126770880954125047261230986291997315680909701649556277988435329355", "price": "0.926", "size": "0", "side": "BUY", "hash": "bc3811d96868caf6a53ff4033121949e4cc56420", "best_bid": "0.927", "best_ask": "0.958"}, {"asset_id": "45429668890056162364307617807576387840293305143387096943585488315586563658159", "price": "0.074", "size": "0", "side": "SELL", "hash": "bbcf402f228dbe06051fd0f48743f243c63e478f", "best_bid": "0.042", "best_ask": "0.073"}], "timestamp": "1769384232241", "event_type": "price_change"}}
{"_local_timestamp": "2026-01-25T23:37:12.327320+00:00", "data": {"market": "0xd8c1b0a73653b1fb4fb6e8d13d0063d25810870d7ddf83e61fffb4de4522edf1", "price_changes": [{"asset_id": "63147276005126770880954125047261230986291997315680909701649556277988435329355", "price": "0.713", "size": "0", "side": "BUY", "hash": "bc3811d96868caf6a53ff4033121949e4cc56420", "best_bid": "0.927", "best_ask": "0.958"}, {"asset_id": "45429668890056162364307617807576387840293305143387096943585488315586563658159", "price": "0.287", "size": "0", "side": "SELL", "hash": "bbcf402f228dbe06051fd0f48743f243c63e478f", "best_bid": "0.042", "best_ask": "0.073"}], "timestamp": "1769384232241", "event_type": "price_change"}}
{"_local_timestamp": "2026-01-25T23:37:12.327961+00:00", "data": {"market": "0xd8c1b0a73653b1fb4fb6e8d13d0063d25810870d7ddf83e61fffb4de4522edf1", "price_changes": [{"asset_id": "63147276005126770880954125047261230986291997315680909701649556277988435329355", "price": "0.503", "size": "100", "side": "BUY", "hash": "bc3811d96868caf6a53ff4033121949e4cc56420", "best_bid": "0.927", "best_ask": "0.958"}, {"asset_id": "45429668890056162364307617807576387840293305143387096943585488315586563658159", "price": "0.497", "size": "100", "side": "SELL", "hash": "bbcf402f228dbe06051fd0f48743f243c63e478f", "best_bid": "0.042", "best_ask": "0.073"}], "timestamp": "1769384232241", "event_type": "price_change"}}
{"_local_timestamp": "2026-01-25T23:37:12.722409+00:00", "data": {"market": "0xd8c1b0a73653b1fb4fb6e8d13d0063d25810870d7ddf83e61fffb4de4522edf1", "price_changes": [{"asset_id": "63147276005126770880954125047261230986291997315680909701649556277988435329355", "price": "0.503", "size": "200", "side": "BUY", "hash": "2003e19afd498123bd7577bc613bad325fca167d", "best_bid": "0.927", "best_ask": "0.958"}, {"asset_id": "45429668890056162364307617807576387840293305143387096943585488315586563658159", "price": "0.497", "size": "200", "side": "SELL", "hash": "183887bc5397926a29be5d7b6e143d3eb701fca0", "best_bid": "0.042", "best_ask": "0.073"}], "timestamp": "1769384232648", "event_type": "price_change"}}
{"_local_timestamp": "2026-01-25T23:37:12.757672+00:00", "data": {"market": "0xd8c1b0a73653b1fb4fb6e8d13d0063d25810870d7ddf83e61fffb4de4522edf1", "price_changes": [{"asset_id": "63147276005126770880954125047261230986291997315680909701649556277988435329355", "price": "0.715", "size": "100", "side": "BUY", "hash": "d7bc7f4e9fbf4f4ce36bf05708356fc3d6bd1926", "best_bid": "0.927", "best_ask": "0.958"}, {"asset_id": "45429668890056162364307617807576387840293305143387096943585488315586563658159", "price": "0.285", "size": "100", "side": "SELL", "hash": "cca8f77e0920fe8270f2e495f0cfbae8fe5ab576", "best_bid": "0.042", "best_ask": "0.073"}], "timestamp": "1769384232684", "event_type": "price_change"}}
{"_local_timestamp": "2026-01-25T23:37:23.437293+00:00", "data": {"market": "0xd8c1b0a73653b1fb4fb6e8d13d0063d25810870d7ddf83e61fffb4de4522edf1", "price_changes": [{"asset_id": "63147276005126770880954125047261230986291997315680909701649556277988435329355", "price": "0.262", "size": "0", "side": "BUY", "hash": "d84a40cba2e2bd1d2cf6401402e9cec7e96e8dcc", "best_bid": "0.927", "best_ask": "0.958"}, {"asset_id": "45429668890056162364307617807576387840293305143387096943585488315586563658159", "price": "0.738", "size": "0", "side": "SELL", "hash": "26e80496bfdc7b97b27488c5ed9eae14df2ac7de", "best_bid": "0.042", "best_ask": "0.073"}], "timestamp": "1769384243369", "event_type": "price_change"}}
{"_local_timestamp": "2026-01-25T23:37:23.793090+00:00", "data": {"market": "0xd8c1b0a73653b1fb4fb6e8d13d0063d25810870d7ddf83e61fffb4de4522edf1", "price_changes": [{"asset_id": "63147276005126770880954125047261230986291997315680909701649556277988435329355", "price": "0.262", "size": "5", "side": "BUY", "hash": "e0dfaf93acd91c35af91ea5dcb68a251885574a2", "best_bid": "0.927", "best_ask": "0.958"}, {"asset_id": "45429668890056162364307617807576387840293305143387096943585488315586563658159", "price": "0.738", "size": "5", "side": "SELL", "hash": "4c6636b50905890ee2f6c8d7a7ee92b50a91eb74", "best_bid": "0.042", "best_ask": "0.073"}], "timestamp": "1769384243720", "event_type": "price_change"}}
{"_local_timestamp": "2026-01-25T23:37:24.381477+00:00", "data": {"market": "0xd8c1b0a73653b1fb4fb6e8d13d0063d25810870d7ddf83e61fffb4de4522edf1", "price_changes": [{"asset_id": "63147276005126770880954125047261230986291997315680909701649556277988435329355", "price": "0.262", "size": "0", "side": "BUY", "hash": "30c859b29762d49e6b7cda38178b877a8fd50347", "best_bid": "0.927", "best_ask": "0.958"}, {"asset_id": "45429668890056162364307617807576387840293305143387096943585488315586563658159", "price": "0.738", "size": "0", "side": "SELL", "hash": "e890cfd13acd8ca59a1fba10acee589c01d7fe93", "best_bid": "0.042", "best_ask": "0.073"}], "timestamp": "1769384244312", "event_type": "price_change"}}
{"_local_timestamp": "2026-01-25T23:37:24.774667+00:00", "data": {"market": "0xd8c1b0a73653b1fb4fb6e8d13d0063d25810870d7ddf83e61fffb4de4522edf1", "price_changes": [{"asset_id": "63147276005126770880954125047261230986291997315680909701649556277988435329355", "price": "0.262", "size": "5", "side": "BUY", "hash": "5d63bda9264cad1ed748df870eabfebf2e7247d7", "best_bid": "0.927", "best_ask": "0.958"}, {"asset_id": "45429668890056162364307617807576387840293305143387096943585488315586563658159", "price": "0.738", "size": "5", "side": "SELL", "hash": "8e0d2f0381f4fe604b503da43d57f56149cb11ed", "best_bid": "0.042", "best_ask": "0.073"}], "timestamp": "1769384244700", "event_type": "price_change"}}
{"_local_timestamp": "2026-01-25T23:37:30.863106+00:00", "data": {"market": "0xd8c1b0a73653b1fb4fb6e8d13d0063d25810870d7ddf83e61fffb4de4522edf1", "price_changes": [{"asset_id": "45429668890056162364307617807576387840293305143387096943585488315586563658159", "price": "0.004", "size": "0", "side": "BUY", "hash": "ead6ffa75a25a6dcec0f7a5670698a017bb076ba", "best_bid": "0.042", "best_ask": "0.073"}, {"asset_id": "63147276005126770880954125047261230986291997315680909701649556277988435329355", "price": "0.996", "size": "0", "side": "SELL", "hash": "676eebc97e306b0ecc226ce432e869f10867df7e", "best_bid": "0.927", "best_ask": "0.958"}], "timestamp": "1769384250786", "event_type": "price_change"}}
{"_local_timestamp": "2026-01-25T23:37:31.132918+00:00", "data": {"market": "0xd8c1b0a73653b1fb4fb6e8d13d0063d25810870d7ddf83e61fffb4de4522edf1", "price_changes": [{"asset_id": "45429668890056162364307617807576387840293305143387096943585488315586563658159", "price": "0.003", "size": "152.04", "side": "BUY", "hash": "ef1ed6add573577476e1e8d9b8bf8b7aa9780bb6", "best_bid": "0.042", "best_ask": "0.073"}, {"asset_id": "63147276005126770880954125047261230986291997315680909701649556277988435329355", "price": "0.997", "size": "152.04", "side": "SELL", "hash": "b9b0868b72c963405dac23b33b94a802ef18c265", "best_bid": "0.927", "best_ask": "0.958"}], "timestamp": "1769384251043", "event_type": "price_change"}}
