{"_local_timestamp": "2026-01-25T23:33:17.074808+00:00", "data": [{"market": "0x2b40914f66cf5195d84f5934b3c297919342ebb3c032fabb709b7d87ae67e14e", "asset_id": "65570440056117077542463878494177612662140785434913628124381440406242436241630", "timestamp": "1769383952800", "hash": "fbf8819e9717034a6780fed585f349931ae69ad8", "bids": [{"price": "0.001", "size": "20943.67"}, {"price": "0.002", "size": "3677.31"}, {"price": "0.01", "size": "103.98"}], "asks": [{"price": "0.999", "size": "5814.78"}, {"price": "0.998", "size": "1255.04"}, {"price": "0.997", "size": "1400"}, {"price": "0.996", "size": "8.63"}, {"price": "0.994", "size": "200"}, {"price": "0.99", "size": "5030"}, {"price": "0.989", "size": "5.13"}, {"price": "0.98", "size": "2200"}, {"price": "0.979", "size": "190.47"}, {"price": "0.968", "size": "100"}, {"price": "0.966", "size": "117.64"}, {"price": "0.965", "size": "7.61"}, {"price": "0.95", "size": "30"}, {"price": "0.949", "size": "39"}, {"price": "0.94", "size": "400"}, {"price": "0.939", "size": "65.57"}, {"price": "0.934", "size": "48.48"}, {"price": "0.933", "size": "59.7"}, {"price": "0.9", "size": "860"}, {"price": "0.898", "size": "31.37"}, {"price": "0.897", "size": "38.83"}, {"price": "0.896", "size": "6.03"}, {"price": "0.888", "size": "28.57"}, {"price": "0.85", "size": "551.66"}, {"price": "0.849", "size": "47.68"}, {"price": "0.8", "size": "510"}, {"price": "0.79", "size": "100"}, {"price": "0.789", "size": "34.11"}, {"price": "0.75", "size": "112"}, {"price": "0.749", "size": "12.74"}, {"price": "0.743", "size": "28.01"}, {"price": "0.742", "size": "15.5"}, {"price": "0.7", "size": "249.99"}, {"price": "0.69", "size": "100"}, {"price": "0.689", "size": "10.28"}, {"price": "0.65", "size": "268.57"}, {"price": "0.649", "size": "9.11"}, {"price": "0.6", "size": "160"}, {"price": "0.599", "size": "7.98"}, {"price": "0.55", "size": "100"}, {"price": "0.549", "size": "7.09"}, {"price": "0.5", "size": "214.4"}, {"price": "0.45", "size": "100"}, {"price": "0.449", "size": "5.8"}, {"price": "0.301", "size": "5"}, {"price": "0.3", "size": "99.53"}, {"price": "0.291", "size": "1111"}, {"price": "0.29", "size": "1552.97"}, {"price": "0.289", "size": "200"}, {"price": "0.02", "size": "416.79"}, {"price": "0.012", "size": "14.99"}, {"price": "0.011", "size": "44.96"}], "event_type": "book", "last_trade_price": "0.010"}, {"market": "0x2b40914f66cf5195d84f5934b3c297919342ebb3c032fabb709b7d87ae67e14e", "asset_id": "93382483372490196259599806079407160203979679994486135406898952073842583559283", "timestamp": "1769383952800", "hash": "08db450e6a097f22bf53dad98e82d3a86d1d70c7", "bids": [{"price": "0.001", "size": "5814.78"}, {"price": "0.002", "size": "1255.04"}, {"price": "0.003", "size": "1400"}, {"price": "0.004", "size": "8.63"}, {"price": "0.006", "size": "200"}, {"price": "0.01", "size": "5030"}, {"price": "0.011", "size": "5.13"}, {"price": "0.02", "size": "2200"}, {"price": "0.021", "size": "190.47"}, {"price": "0.032", "size": "100"}, {"price": "0.034", "size": "117.64"}, {"price": "0.035", "size": "7.61"}, {"price": "0.05", "size": "30"}, {"price": "0.051", "size": "39"}, {"price": "0.06", "size": "400"}, {"price": "0.061", "size": "65.57"}, {"price": "0.066", "size": "48.48"}, {"price": "0.067", "size": "59.7"}, {"price": "0.1", "size": "860"}, {"price": "0.102", "size": "31.37"}, {"price": "0.103", "size": "38.83"}, {"price": "0.104", "size": "6.03"}, {"price": "0.112", "size": "28.57"}, {"price": "0.15", "size": "551.66"}, {"price": "0.151", "size": "47.68"}, {"price": "0.2", "size": "510"}, {"price": "0.21", "size": "100"}, {"price": "0.211", "size": "34.11"}, {"price": "0.25", "size": "112"}, {"price": "0.251", "size": "12.74"}, {"price": "0.257", "size": "28.01"}, {"price": "0.258", "size": "15.5"}, {"price": "0.3", "size": "249.99"}, {"price": "0.31", "size": "100"}, {"price": "0.311", "size": "10.28"}, {"price": "0.35", "size": "268.57"}, {"price": "0.351", "size": "9.11"}, {"price": "0.4", "size": "160"}, {"price": "0.401", "size": "7.98"}, {"price": "0.45", "size": "100"}, {"price": "0.451", "size": "7.09"}, {"price": "0.5", "size": "214.4"}, {"price": "0.55", "size": "100"}, {"price": "0.551", "size": "5.8"}, {"price": "0.699", "size": "5"}, {"price": "0.7", "size": "99.53"}, {"price": "0.709", "size": "1111"}, {"price": "0.71", "size": "1552.97"}, {"price": "0.711", "size": "200"}, {"price": "0.98", "size": "416.79"}, {"price": "0.988", "size": "14.99"}, {"price": "0.989", "size": "44.96"}], "asks": [{"price": "0.999", "size": "20943.67"}, {"price": "0.998", "size": "3677.31"}, {"price": "0.99", "size": "103.98"}], "event_type": "book", "last_trade_price": "0.010"}]}
{"_local_timestamp": "2026-01-25T23:33:39.328782+00:00", "data": {"market": "0x2b40914f66cf5195d84f5934b3c297919342ebb3c032fabb709b7d87ae67e14e", "price_changes": [{"asset_id": "93382483372490196259599806079407160203979679994486135406898952073842583559283", "price": "0.5", "size": "206.4", "side": "BUY", "hash": "0bdfb1c89d15b32e390a9e72c97128fa3c48f72d", "best_bid": "0.989", "best_ask": "0.99"}, {"asset_id": "65570440056117077542463878494177612662140785434913628124381440406242436241630", "price": "0.5", "size": "206.4", "side": "SELL", "hash": "ff5135ad21714ff14f1dbde76b20fca99ed30c78", "best_bid": "0.01", "best_ask": "0.011"}], "timestamp": "1769384019242", "event_type": "price_change"}}
{"_local_timestamp": "2026-01-25T23:33:39.498949+00:00", "data": {"market": "0x2b40914f66cf5195d84f5934b3c297919342ebb3c032fabb709b7d87ae67e14e", "price_changes": [{"asset_id": "93382483372490196259599806079407160203979679994486135406898952073842583559283", "price": "0.4", "size": "150", "side": "BUY", "hash": "9f5ca0d50c0244b9702023f3615e81945fbc916a", "best_bid": "0.989", "best_ask": "0.99"}, {"asset_id": "65570440056117077542463878494177612662140785434913628124381440406242436241630", "price": "0.6", "size": "150", "side": "SELL", "hash": "62b7934050f6dae27da65537168a4d98ebc0c072", "best_bid": "0.01", "best_ask": "0.011"}], "timestamp": "1769384019430", "event_type": "price_change"}}
{"_local_timestamp": "2026-01-25T23:33:39.701065+00:00", "data": {"market": "0x2b40914f66cf5195d84f5934b3c297919342ebb3c032fabb709b7d87ae67e14e", "price_changes": [{"asset_id": "93382483372490196259599806079407160203979679994486135406898952073842583559283", "price": "0.3", "size": "236.66", "side": "BUY", "hash": "ade05cb3f865616474da512ff5367fde23f86ee6", "best_bid": "0.989", "best_ask": "0.99"}, {"asset_id": "65570440056117077542463878494177612662140785434913628124381440406242436241630", "price": "0.7", "size": "236.66", "side": "SELL", "hash": "ce54ac98aeceea54f666d84f5fe08f34a35c4c94", "best_bid": "0.01", "best_ask": "0.011"}], "timestamp": "1769384019632", "event_type": "price_change"}}
{"_local_timestamp": "2026-01-25T23:33:39.899534+00:00", "data": {"market": "0x2b40914f66cf5195d84f5934b3c297919342ebb3c032fabb709b7d87ae67e14e", "price_changes": [{"asset_id": "93382483372490196259599806079407160203979679994486135406898952073842583559283", "price": "0.258", "size": "0", "side": "BUY", "hash": "8028cc27c3142c6044a0ba6ee28b359d01e34412", "best_bid": "0.989", "best_ask": "0.99"}, {"asset_id": "65570440056117077542463878494177612662140785434913628124381440406242436241630", "price": "0.742", "size": "0", "side": "SELL", "hash": "ad938af9fd28476c9456e7c636080a2594d3c83c", "best_bid": "0.01", "best_ask": "0.011"}], "timestamp": "1769384019827", "event_type": "price_change"}}
{"_local_timestamp": "2026-01-25T23:33:40.107896+00:00", "data": {"market": "0x2b40914f66cf5195d84f5934b3c297919342ebb3c032fabb709b7d87ae67e14e", "price_changes": [{"asset_id": "93382483372490196259599806079407160203979679994486135406898952073842583559283", "price": "0.257", "size": "12.45", "side": "BUY", "hash": "ae084a406340fe7db23b467a937a867b38ced014", "best_bid": "0.989", "best_ask": "0.99"}, {"asset_id": "65570440056117077542463878494177612662140785434913628124381440406242436241630", "price": "0.743", "size": "12.45", "side": "SELL", "hash": "bdf557e5c49f8bd7795d824f51fbfbd380c0f7a2", "best_bid": "0.01", "best_ask": "0.011"}], "timestamp": "1769384020011", "event_type": "price_change"}}
{"_local_timestamp": "2026-01-25T23:33:40.399680+00:00", "data": {"market": "0x2b40914f66cf5195d84f5934b3c297919342ebb3c032fabb709b7d87ae67e14e", "price_changes": [{"asset_id": "93382483372490196259599806079407160203979679994486135406898952073842583559283", "price": "0.103", "size": "0", "side": "BUY", "hash": "16fe0074ec08dbb708cb65e590f1cc0467127a68", "best_bid": "0.989", "best_ask": "0.99"}, {"asset_id": "65570440056117077542463878494177612662140785434913628124381440406242436241630", "price": "0.897", "size": "0", "side": "SELL", "hash": "5b23755037ea778e8e03b14974083af3c134d492", "best_bid": "0.01", "best_ask": "0.011"}], "timestamp": "1769384020221", "event_type": "price_change"}}
{"_local_timestamp": "2026-01-25T23:33:40.495824+00:00", "data": {"market": "0x2b40914f66cf5195d84f5934b3c297919342ebb3c032fabb709b7d87ae67e14e", "price_changes": [{"asset_id": "93382483372490196259599806079407160203979679994486135406898952073842583559283", "price": "0.034", "size": "0", "side": "BUY", "hash": "7304cf94317bd4ec3b8cd6b7ef46c1b1672298de", "best_bid": "0.989", "best_ask": "0.99"}, {"asset_id": "65570440056117077542463878494177612662140785434913628124381440406242436241630", "price": "0.966", "size": "0", "side": "SELL", "hash": "b063561a96b4bd91f7d3a801face0f9b9e30c050", "best_bid": "0.01", "best_ask": "0.011"}], "timestamp": "1769384020416", "event_type": "price_change"}}
{"_local_timestamp": "2026-01-25T23:33:40.859963+00:00", "data": {"market": "0x2b40914f66cf5195d84f5934b3c297919342ebb3c032fabb709b7d87ae67e14e", "price_changes": [{"asset_id": "93382483372490196259599806079407160203979679994486135406898952073842583559283", "price": "0.021", "size": "0", "side": "BUY", "hash": "c3de122278268362b187b183396ae79dd8c0122e", "best_bid": "0.989", "best_ask": "0.99"}, {"asset_id": "65570440056117077542463878494177612662140785434913628124381440406242436241630", "price": "0.979", "size": "0", "side": "SELL", "hash": "bb619790147a0c9e108d06c34bd75e72d624d08d", "best_bid": "0.01", "best_ask": "0.011"}], "timestamp": "1769384020613", "event_type": "price_change"}}
{"_local_timestamp": "2026-01-25T23:33:40.919864+00:00", "data": {"market": "0x2b40914f66cf5195d84f5934b3c297919342ebb3c032fabb709b7d87ae67e14e", "price_changes": [{"asset_id": "93382483372490196259599806079407160203979679994486135406898952073842583559283", "price": "0.021", "size": "207.79", "side": "BUY", "hash": "bd4f3d1500c4c936601a370dfcb91431657116ca", "best_bid": "0.989", "best_ask": "0.99"}, {"asset_id": "65570440056117077542463878494177612662140785434913628124381440406242436241630", "price": "0.979", "size": "207.79", "side": "SELL", "hash": "c68f01416d536cbdfa6a3a213672b4279ad08810", "best_bid": "0.01", "best_ask": "0.011"}], "timestamp": "1769384020816", "event_type": "price_change"}}
{"_local_timestamp": "2026-01-25T23:33:41.148807+00:00", "data": {"market": "0x2b40914f66cf5195d84f5934b3c297919342ebb3c032fabb709b7d87ae67e14e", "price_changes": [{"asset_id": "93382483372490196259599806079407160203979679994486135406898952073842583559283", "price": "0.036", "size": "121.21", "side": "BUY", "hash": "c3cc7733b4e4e2c10d8c6a7c7027ae26af6bea6e", "best_bid": "0.989", "best_ask": "0.99"}, {"asset_id": "65570440056117077542463878494177612662140785434913628124381440406242436241630", "price": "0.964", "size": "121.21", "side": "SELL", "hash": "1d2dc0bdb7a92c3ae071871f2a640f0ffac8cfaf", "best_bid": "0.01", "best_ask": "0.011"}], "timestamp": "1769384021065", "event_type": "price_change"}}
{"_local_timestamp": "2026-01-25T23:33:41.381972+00:00", "data": {"market": "0x2b40914f66cf5195d84f5934b3c297919342ebb3c032fabb709b7d87ae67e14e", "price_changes": [{"asset_id": "93382483372490196259599806079407160203979679994486135406898952073842583559283", "price": "0.061", "size": "0", "side": "BUY", "hash": "62122a135df8f0e14c6ddd8506683da9fb58da56", "best_bid": "0.989", "best_ask": "0.99"}, {"asset_id": "65570440056117077542463878494177612662140785434913628124381440406242436241630", "price": "0.939", "size": "0", "side": "SELL", "hash": "83265c2ddbed1166ed8564190782e9e527d82edd", "best_bid": "0.01", "best_ask": "0.011"}], "timestamp": "1769384021298", "event_type": "price_change"}}
{"_local_timestamp": "2026-01-25T23:33:41.632695+00:00", "data": {"market": "0x2b40914f66cf5195d84f5934b3c297919342ebb3c032fabb709b7d87ae67e14e", "price_changes": [{"asset_id": "93382483372490196259599806079407160203979679994486135406898952073842583559283", "price": "0.061", "size": "71.53", "side": "BUY", "hash": "af431c6b6748e334ea2cf15c7bcb7c382d348e3d", "best_bid": "0.989", "best_ask": "0.99"}, {"asset_id": "65570440056117077542463878494177612662140785434913628124381440406242436241630", "price": "0.939", "size": "71.53", "side": "SELL", "hash": "912a93e7417834986ac6f038e7810bf68bfdec18", "best_bid": "0.01", "best_ask": "0.011"}], "timestamp": "1769384021552", "event_type": "price_change"}}
{"_local_timestamp": "2026-01-25T23:33:41.834858+00:00", "data": {"market": "0x2b40914f66cf5195d84f5934b3c297919342ebb3c032fabb709b7d87ae67e14e", "price_changes": [{"asset_id": "93382483372490196259599806079407160203979679994486135406898952073842583559283", "price": "0.067", "size": "0", "side": "BUY", "hash": "f9a023f7e95d84afea09734741aa852d8d5f248e", "best_bid": "0.989", "best_ask": "0.99"}, {"asset_id": "65570440056117077542463878494177612662140785434913628124381440406242436241630", "price": "0.933", "size": "0", "side": "SELL", "hash": "5a7f2fb37844d10818f71eb197035c7031f7bb24", "best_bid": "0.01", "best_ask": "0.011"}], "timestamp": "1769384021755", "event_type": "price_change"}}
{"_local_timestamp": "2026-01-25T23:33:42.043897+00:00", "data": {"market": "0x2b40914f66cf5195d84f5934b3c297919342ebb3c032fabb709b7d87ae67e14e", "price_changes": [{"asset_id": "93382483372490196259599806079407160203979679994486135406898952073842583559283", "price": "0.067", "size": "65.12", "side": "BUY", "hash": "c36426d18d5538d300a4db8dacf7671babddf2c3", "best_bid": "0.989", "best_ask": "0.99"}, {"asset_id": "65570440056117077542463878494177612662140785434913628124381440406242436241630", "price": "0.933", "size": "65.12", "side": "SELL", "hash": "42339e1758e522695ecb3e130429a0c90a3aaf69", "best_bid": "0.01", "best_ask": "0.011"}], "timestamp": "1769384021964", "event_type": "price_change"}}
{"_local_timestamp": "2026-01-25T23:33:42.287592+00:00", "data": {"market": "0x2b40914f66cf5195d84f5934b3c297919342ebb3c032fabb709b7d87ae67e14e", "price_changes": [{"asset_id": "93382483372490196259599806079407160203979679994486135406898952073842583559283", "price": "0.105", "size": "41.55", "side": "BUY", "hash": "3bfe5fa1fb9e5fade94f03d81b164f16c17be3dc", "best_bid": "0.989", "best_ask": "0.99"}, {"asset_id": "65570440056117077542463878494177612662140785434913628124381440406242436241630", "price": "0.895", "size": "41.55", "side": "SELL", "hash": "c00b974d97b5a71af1b35f0d3af261b1083f43e7", "best_bid": "0.01", "best_ask": "0.011"}], "timestamp": "1769384022219", "event_type": "price_change"}}
{"_local_timestamp": "2026-01-25T23:33:42.491181+00:00", "data": {"market": "0x2b40914f66cf5195d84f5934b3c297919342ebb3c032fabb709b7d87ae67e14e", "price_changes": [{"asset_id": "93382483372490196259599806079407160203979679994486135406898952073842583559283", "price": "0.113", "size": "38.61", "side": "BUY", "hash": "3faf02a7506e524929530db7a52ee5c51fcb3ca1", "best_bid": "0.989", "best_ask": "0.99"}, {"asset_id": "65570440056117077542463878494177612662140785434913628124381440406242436241630", "price": "0.887", "size": "38.61", "side": "SELL", "hash": "1fccd4062763d3a70d42333c3dcab16ffe0dfb86", "best_bid": "0.01", "best_ask": "0.011"}], "timestamp": "1769384022427", "event_type": "price_change"}}
{"_local_timestamp": "2026-01-25T23:33:42.705960+00:00", "data": {"market": "0x2b40914f66cf5195d84f5934b3c297919342ebb3c032fabb709b7d87ae67e14e", "price_changes": [{"asset_id": "93382483372490196259599806079407160203979679994486135406898952073842583559283", "price": "0.151", "size": "21.19", "side": "BUY", "hash": "7057d8d6230be594dace5ba987bc32566fccad3c", "best_bid": "0.989", "best_ask": "0.99"}, {"asset_id": "65570440056117077542463878494177612662140785434913628124381440406242436241630", "price": "0.849", "size": "21.19", "side": "SELL", "hash": "470541f8042e4e6202182cf1f74ed3b7529843ca", "best_bid": "0.01", "best_ask": "0.011"}], "timestamp": "1769384022640", "event_type": "price_change"}}
{"_local_timestamp": "2026-01-25T23:33:42.917622+00:00", "data": {"market": "0x2b40914f66cf5195d84f5934b3c297919342ebb3c032fabb709b7d87ae67e14e", "price_changes": [{"asset_id": "93382483372490196259599806079407160203979679994486135406898952073842583559283", "price": "0.151", "size": "50.08", "side": "BUY", "hash": "3c908bf1e88665a7bc7781b3f36031a3fdfd3849", "best_bid": "0.989", "best_ask": "0.99"}, {"asset_id": "65570440056117077542463878494177612662140785434913628124381440406242436241630", "price": "0.849", "size": "50.08", "side": "SELL", "hash": "b1d1e88b46b8abf81d0759f8652a18e7315ac928", "best_bid": "0.01", "best_ask": "0.011"}], "timestamp": "1769384022853", "event_type": "price_change"}}
{"_local_timestamp": "2026-01-25T23:33:43.122255+00:00", "data": {"market": "0x2b40914f66cf5195d84f5934b3c297919342ebb3c032fabb709b7d87ae67e14e", "price_changes": [{"asset_id": "93382483372490196259599806079407160203979679994486135406898952073842583559283", "price": "0.211", "size": "15.16", "side": "BUY", "hash": "35716b7bd834074d34c093442d88f98707e81a36", "best_bid": "0.989", "best_ask": "0.99"}, {"asset_id": "65570440056117077542463878494177612662140785434913628124381440406242436241630", "price": "0.789", "size": "15.16", "side": "SELL", "hash": "412e17c58efc0e0e7d71786d1822e598f69a5dc7", "best_bid": "0.01", "best_ask": "0.011"}], "timestamp": "1769384023044", "event_type": "price_change"}}
{"_local_timestamp": "2026-01-25T23:33:43.340286+00:00", "data": {"market": "0x2b40914f66cf5195d84f5934b3c297919342ebb3c032fabb709b7d87ae67e14e", "price_changes": [{"asset_id": "93382483372490196259599806079407160203979679994486135406898952073842583559283", "price": "0.211", "size": "35.84", "side": "BUY", "hash": "f056ff9deebd70fd17c619663dc7e11050d25599", "best_bid": "0.989", "best_ask": "0.99"}, {"asset_id": "65570440056117077542463878494177612662140785434913628124381440406242436241630", "price": "0.789", "size": "35.84", "side": "SELL", "hash": "ed81523c58d15d57f37724cafb79e6198c777f82", "best_bid": "0.01", "best_ask": "0.011"}], "timestamp": "1769384023272", "event_type": "price_change"}}
{"_local_timestamp": "2026-01-25T23:33:43.551948+00:00", "data": {"market": "0x2b40914f66cf5195d84f5934b3c297919342ebb3c032fabb709b7d87ae67e14e", "price_changes": [{"asset_id": "93382483372490196259599806079407160203979679994486135406898952073842583559283", "price": "0.252", "size": "17.31", "side": "BUY", "hash": "1a5c9bf3e9c6b708fee88216b992a2e42289aea7", "best_bid": "0.989", "best_ask": "0.99"}, {"asset_id": "65570440056117077542463878494177612662140785434913628124381440406242436241630", "price": "0.748", "size": "17.31", "side": "SELL", "hash": "f87a4591d4855da545b197472a461ea4fc192e1b", "best_bid": "0.01", "best_ask": "0.011"}], "timestamp": "1769384023479", "event_type": "price_change"}}
{"_local_timestamp": "2026-01-25T23:33:43.766182+00:00", "data": {"market": "0x2b40914f66cf5195d84f5934b3c297919342ebb3c032fabb709b7d87ae67e14e", "price_changes": [{"asset_id": "93382483372490196259599806079407160203979679994486135406898952073842583559283", "price": "0.352", "size": "12.39", "side": "BUY", "hash": "5c770d864c0d5c2eaa2ecc3d14d1926fefb79bfd", "best_bid": "0.989", "best_ask": "0.99"}, {"asset_id": "65570440056117077542463878494177612662140785434913628124381440406242436241630", "price": "0.648", "size": "12.39", "side": "SELL", "hash": "979f8432557e95e7f7694a9e4acd87edc68258a0", "best_bid": "0.01", "best_ask": "0.011"}], "timestamp": "1769384023686", "event_type": "price_change"}}
{"_local_timestamp": "2026-01-25T23:33:43.978655+00:00", "data": {"market": "0x2b40914f66cf5195d84f5934b3c297919342ebb3c032fabb709b7d87ae67e14e", "price_changes": [{"asset_id": "93382483372490196259599806079407160203979679994486135406898952073842583559283", "price": "0.452", "size": "9.65", "side": "BUY", "hash": "202ab2ca6985251af3eb9a3a722e052eee8e5a75", "best_bid": "0.989", "best_ask": "0.99"}, {"asset_id": "65570440056117077542463878494177612662140785434913628124381440406242436241630", "price": "0.548", "size": "9.65", "side": "SELL", "hash": "d74baba340009cf400f435b77de4c6bffc748d01", "best_bid": "0.01", "best_ask": "0.011"}], "timestamp": "1769384023905", "event_type": "price_change"}}
