{"_local_timestamp": "2026-01-25T23:33:17.074808+00:00", "data": [{"market": "0x2b40914f66cf5195d84f5934b3c297919342ebb3c032fabb709b7d87ae67e14e", "asset_id": "65570440056117077542463878494177612662140785434913628124381440406242436241630", "timestamp": "1769383952800", "hash": "fbf8819e9717034a6780fed585f349931ae69ad8", "bids": [{"price": "0.001", "size": "20943.67"}, {"price": "0.002", "size": "3677.31"}, {"price": "0.01", "size": "103.98"}], "asks": [{"price": "0.999", "size": "5814.78"}, {"price": "0.998", "size": "1255.04"}, {"price": "0.997", "size": "1400"}, {"price": "0.996", "size": "8.63"}, {"price": "0.994", "size": "200"}, {"price": "0.99", "size": "5030"}, {"price": "0.989", "size": "5.13"}, {"price": "0.98", "size": "2200"}, {"price": "0.979", "size": "190.47"}, {"price": "0.968", "size": "100"}, {"price": "0.966", "size": "117.64"}, {"price": "0.965", "size": "7.61"}, {"price": "0.95", "size": "30"}, {"price": "0.949", "size": "39"}, {"price": "0.94", "size": "400"}, {"price": "0.939", "size": "65.57"}, {"price": "0.934", "size": "48.48"}, {"price": "0.933", "size": "59.7"}, {"price": "0.9", "size": "860"}, {"price": "0.898", "size": "31.37"}, {"price": "0.897", "size": "38.83"}, {"price": "0.896", "size": "6.03"}, {"price": "0.888", "size": "28.57"}, {"price": "0.85", "size": "551.66"}, {"price": "0.849", "size": "47.68"}, {"price": "0.8", "size": "510"}, {"price": "0.79", "size": "100"}, {"price": "0.789", "size": "34.11"}, {"price": "0.75", "size": "112"}, {"price": "0.749", "size": "12.74"}, {"price": "0.743", "size": "28.01"}, {"price": "0.742", "size": "15.5"}, {"price": "0.7", "size": "249.99"}, {"price": "0.69", "size": "100"}, {"price": "0.689", "size": "10.28"}, {"price": "0.65", "size": "268.57"}, {"price": "0.649", "size": "9.11"}, {"price": "0.6", "size": "160"}, {"price": "0.599", "size": "7.98"}, {"price": "0.55", "size": "100"}, {"price": "0.549", "size": "7.09"}, {"price": "0.5", "size": "214.4"}, {"price": "0.45", "size": "100"}, {"price": "0.449", "size": "5.8"}, {"price": "0.301", "size": "5"}, {"price": "0.3", "size": "99.53"}, {"price": "0.291", "size": "1111"}, {"price": "0.29", "size": "1552.97"}, {"price": "0.289", "size": "200"}, {"price": "0.02", "size": "416.79"}, {"price": "0.012", "size": "14.99"}, {"price": "0.011", "size": "44.96"}], "event_type": "book", "last_trade_price": "0.010"}, {"market": "0x2b40914f66cf5195d84f5934b3c297919342ebb3c032fabb709b7d87ae67e14e", "asset_id": "93382483372490196259599806079407160203979679994486135406898952073842583559283", "timestamp": "1769383952800", "hash": "08db450e6a097f22bf53dad98e82d3a86d1d70c7", "bids": [{"price": "0.001", "size": "5814.78"}, {"price": "0.002", "size": "1255.04"}, {"price": "0.003", "size": "1400"}, {"price": "0.004", "size": "8.63"}, {"price": "0.006", "size": "200"}, {"price": "0.01", "size": "5030"}, {"price": "0.011", "size": "5.13"}, {"price": "0.02", "size": "2200"}, {"price": "0.021", "size": "190.47"}, {"price": "0.032", "size": "100"}, {"price": "0.034", "size": "117.64"}, {"price": "0.035", "size": "7.61"}, {"price": "0.05", "size": "30"}, {"price": "0.051", "size": "39"}, {"price": "0.06", "size": "400"}, {"price": "0.061", "size": "65.57"}, {"price": "0.066", "size": "48.48"}, {"price": "0.067", "size": "59.7"}, {"price": "0.1", "size": "860"}, {"price": "0.102", "size": "31.37"}, {"price": "0.103", "size": "38.83"}, {"price": "0.104", "size": "6.03"}, {"price": "0.112", "size": "28.57"}, {"price": "0.15", "size": "551.66"}, {"price": "0.151", "size": "47.68"}, {"price": "0.2", "size": "510"}, {"price": "0.21", "size": "100"}, {"price": "0.211", "size": "34.11"}, {"price": "0.25", "size": "112"}, {"price": "0.251", "size": "12.74"}, {"price": "0.257", "size": "28.01"}, {"price": "0.258", "size": "15.5"}, {"price": "0.3", "size": "249.99"}, {"price": "0.31", "size": "100"}, {"price": "0.311", "size": "10.28"}, {"price": "0.35", "size": "268.57"}, {"price": "0.351", "size": "9.11"}, {"price": "0.4", "size": "160"}, {"price": "0.401", "size": "7.98"}, {"price": "0.45", "size": "100"}, {"price": "0.451", "size": "7.09"}, {"price": "0.5", "size": "214.4"}, {"price": "0.55", "size": "100"}, {"price": "0.551", "size": "5.8"}, {"price": "0.699", "size": "5"}, {"price": "0.7", "size": "99.53"}, {"price": "0.709", "size": "1111"}, {"price": "0.71", "size": "1552.97"}, {"price": "0.711", "size": "200"}, {"price": "0.98", "size": "416.79"}, {"price": "0.988", "size": "14.99"}, {"price": "0.989", "size": "44.96"}], "asks": [{"price": "0.999", "size": "20943.67"}, {"price": "0.998", "size": "3677.31"}, {"price": "0.99", "size": "103.98"}], "event_type": "book", "last_trade_price": "0.010"}]}
{"_local_timestamp": "2026-01-25T23:33:39.328782+00:00", "data": {"market": "0x2b40914f66cf5195d84f5934b3c297919342ebb3c032fabb709b7d87ae67e14e", "price_changes": [{"asset_id": "93382483372490196259599806079407160203979679994486135406898952073842583559283", "price": "0.5", "size": "206.4", "side": "BUY", "hash": "0bdfb1c89d15b32e390a9e72c97128fa3c48f72d", "best_bid": "0.989", "best_ask": "0.99"}, {"asset_id": "65570440056117077542463878494177612662140785434913628124381440406242436241630", "price": "0.5", "size": "206.4", "side": "SELL", "hash": "ff5135ad21714ff14f1dbde76b20fca99ed30c78", "best_bid": "0.01", "best_ask": "0.011"}], "timestamp": "1769384019242", "event_type": "price_change"}}
{"_local_timestamp": "2026-01-25T23:33:39.498949+00:00", "data": {"market": "0x2b40914f66cf5195d84f5934b3c297919342ebb3c032fabb709b7d87ae67e14e", "price_changes": [{"asset_id": "93382483372490196259599806079407160203979679994486135406898952073842583559283", "price": "0.4", "size": "150", "side": "BUY", "hash": "9f5ca0d50c0244b9702023f3615e81945fbc916a", "best_bid": "0.989", "best_ask": "0.99"}, {"asset_id": "65570440056117077542463878494177612662140785434913628124381440406242436241630", "price": "0.6", "size": "150", "side": "SELL", "hash": "62b7934050f6dae27da65537168a4d98ebc0c072", "best_bid": "0.01", "best_ask": "0.011"}], "timestamp": "1769384019430", "event_type": "price_change"}}
{"_local_timestamp": "2026-01-25T23:33:39.701065+00:00", "data": {"market": "0x2b40914f66cf5195d84f5934b3c297919342ebb3c032fabb709b7d87ae67e14e", "price_changes": [{"asset_id": "93382483372490196259599806079407160203979679994486135406898952073842583559283", "price": "0.3", "size": "236.66", "side": "BUY", "hash": "ade05cb3f865616474da512ff5367fde23f86ee6", "best_bid": "0.989", "best_ask": "0.99"}, {"asset_id": "65570440056117077542463878494177612662140785434913628124381440406242436241630", "price": "0.7", "size": "236.66", "side": "SELL", "hash": "ce54ac98aeceea54f666d84f5fe08f34a35c4c94", "best_bid": "0.01", "best_ask": "0.011"}], "timestamp": "1769384019632", "event_type": "price_change"}}
{"_local_timestamp": "2026-01-25T23:33:39.899534+00:00", "data": {"market": "0x2b40914f66cf5195d84f5934b3c297919342ebb3c032fabb709b7d87ae67e14e", "price_changes": [{"asset_id": "93382483372490196259599806079407160203979679994486135406898952073842583559283", "price": "0.258", "size": "0", "side": "BUY", "hash": "8028cc27c3142c6044a0ba6ee28b359d01e34412", "best_bid": "0.989", "best_ask": "0.99"}, {"asset_id": "65570440056117077542463878494177612662140785434913628124381440406242436241630", "price": "0.742", "size": "0", "side": "SELL", "hash": "ad938af9fd28476c9456e7c636080a2594d3c83c", "best_bid": "0.01", "best_ask": "0.011"}], "timestamp": "1769384019827", "event_type": "price_change"}}
{"_local_timestamp": "2026-01-25T23:33:40.107896+00:00", "data": {"market": "0x2b40914f66cf5195d84f5934b3c297919342ebb3c032fabb709b7d87ae67e14e", "price_changes": [{"asset_id": "93382483372490196259599806079407160203979679994486135406898952073842583559283", "price": "0.257", "size": "12.45", "side": "BUY", "hash": "ae084a406340fe7db23b467a937a867b38ced014", "best_bid": "0.989", "best_ask": "0.99"}, {"asset_id": "65570440056117077542463878494177612662140785434913628124381440406242436241630", "price": "0.743", "size": "12.45", "side": "SELL", "hash": "bdf557e5c49f8bd7795d824f51fbfbd380c0f7a2", "best_bid": "0.01", "best_ask": "0.011"}], "timestamp": "1769384020011", "event_type": "price_change"}}
{"_local_timestamp": "2026-01-25T23:33:40.399680+00:00", "data": {"market": "0x2b40914f66cf5195d84f5934b3c297919342ebb3c032fabb709b7d87ae67e14e", "price_changes": [{"asset_id": "93382483372490196259599806079407160203979679994486135406898952073842583559283", "price": "0.103", "size": "0", "side": "BUY", "hash": "16fe0074ec08dbb708cb65e590f1cc0467127a68", "best_bid": "0.989", "best_ask": "0.99"}, {"asset_id": "65570440056117077542463878494177612662140785434913628124381440406242436241630", "price": "0.897", "size": "0", "side": "SELL", "hash": "5b23755037ea778e8e03b14974083af3c134d492", "best_bid": "0.01", "best_ask": "0.011"}], "timestamp": "1769384020221", "event_type": "price_change"}}
{"_local_timestamp": "2026-01-25T23:33:40.495824+00:00", "data": {"market": "0x2b40914f66cf5195d84f5934b3c297919342ebb3c032fabb709b7d87ae67e14e", "price_changes": [{"asset_id": "93382483372490196259599806079407160203979679994486135406898952073842583559283", "price": "0.034", "size": "0", "side": "BUY", "hash": "7304cf94317bd4ec3b8cd6b7ef46c1b1672298de", "best_bid": "0.989", "best_ask": "0.99"}, {"asset_id": "65570440056117077542463878494177612662140785434913628124381440406242436241630", "price": "0.966", "size": "0", "side": "SELL", "hash": "b063561a96b4bd91f7d3a801face0f9b9e30c050", "best_bid": "0.01", "best_ask": "0.011"}], "timestamp": "1769384020416", "event_type": "price_change"}}
{"_local_timestamp": "2026-01-25T23:33:40.859963+00:00", "data": {"market": "0x2b40914f66cf5195d84f5934b3c297919342ebb3c032fabb709b7d87ae67e14e", "price_changes": [{"asset_id": "93382483372490196259599806079407160203979679994486135406898952073842583559283", "price": "0.021", "size": "0", "side": "BUY", "hash": "c3de122278268362b187b183396ae79dd8c0122e", "best_bid": "0.989", "best_ask": "0.99"}, {"asset_id": "65570440056117077542463878494177612662140785434913628124381440406242436241630", "price": "0.979", "size": "0", "side": "SELL", "hash": "bb619790147a0c9e108d06c34bd75e72d624d08d", "best_bid": "0.01", "best_ask": "0.011"}], "timestamp": "1769384020613", "event_type": "price_change"}}
{"_local_timestamp": "2026-01-25T23:33:40.919864+00:00", "data": {"market": "0x2b40914f66cf5195d84f5934b3c297919342ebb3c032fabb709b7d87ae67e14e", "price_changes": [{"asset_id": "93382483372490196259599806079407160203979679994486135406898952073842583559283", "price": "0.021", "size": "207.79", "side": "BUY", "hash": "bd4f3d1500c4c936601a370dfcb91431657116ca", "best_bid": "0.989", "best_ask": "0.99"}, {"asset_id": "65570440056117077542463878494177612662140785434913628124381440406242436241630", "price": "0.979", "size": "207.79", "side": "SELL", "hash": "c68f01416d536cbdfa6a3a213672b4279ad08810", "best_bid": "0.01", "best_ask": "0.011"}], "timestamp": "1769384020816", "event_type": "price_change"}}
{"_local_timestamp": "2026-01-25T23:33:41.148807+00:00", "data": {"market": "0x2b40914f66cf5195d84f5934b3c297919342ebb3c032fabb709b7d87ae67e14e", "price_changes": [{"asset_id": "93382483372490196259599806079407160203979679994486135406898952073842583559283", "price": "0.036", "size": "121.21", "side": "BUY", "hash": "c3cc7733b4e4e2c10d8c6a7c7027ae26af6bea6e", "best_bid": "0.989", "best_ask": "0.99"}, {"asset_id": "65570440056117077542463878494177612662140785434913628124381440406242436241630", "price": "0.964", "size": "121.21", "side": "SELL", "hash": "1d2dc0bdb7a92c3ae071871f2a640f0ffac8cfaf", "best_bid": "0.01", "best_ask": "0.011"}], "timestamp": "1769384021065", "event_type": "price_change"}}
{"_local_timestamp": "2026-01-25T23:33:41.381972+00:00", "data": {"market": "0x2b40914f66cf5195d84f5934b3c297919342ebb3c032fabb709b7d87ae67e14e", "price_changes": [{"asset_id": "93382483372490196259599806079407160203979679994486135406898952073842583559283", "price": "0.061", "size": "0", "side": "BUY", "hash": "62122a135df8f0e14c6ddd8506683da9fb58da56", "best_bid": "0.989", "best_ask": "0.99"}, {"asset_id": "65570440056117077542463878494177612662140785434913628124381440406242436241630", "price": "0.939", "size": "0", "side": "SELL", "hash": "83265c2ddbed1166ed8564190782e9e527d82edd", "best_bid": "0.01", "best_ask": "0.011"}], "timestamp": "1769384021298", "event_type": "price_change"}}
{"_local_timestamp": "2026-01-25T23:33:41.632695+00:00", "data": {"market": "0x2b40914f66cf5195d84f5934b3c297919342ebb3c032fabb709b7d87ae67e14e", "price_changes": [{"asset_id": "93382483372490196259599806079407160203979679994486135406898952073842583559283", "price": "0.061", "size": "71.53", "side": "BUY", "hash": "af431c6b6748e334ea2cf15c7bcb7c382d348e3d", "best_bid": "0.989", "best_ask": "0.99"}, {"asset_id": "65570440056117077542463878494177612662140785434913628124381440406242436241630", "price": "0.939", "size": "71.53", "side": "SELL", "hash": "912a93e7417834986ac6f038e7810bf68bfdec18", "best_bid": "0.01", "best_ask": "0.011"}], "timestamp": "1769384021552", "event_type": "price_change"}}
{"_local_timestamp": "2026-01-25T23:33:41.834858+00:00", "data": {"market": "0x2b40914f66cf5195d84f5934b3c297919342ebb3c032fabb709b7d87ae67e14e", "price_changes": [{"asset_id": "93382483372490196259599806079407160203979679994486135406898952073842583559283", "price": "0.067", "size": "0", "side": "BUY", "hash": "f9a023f7e95d84afea09734741aa852d8d5f248e", "best_bid": "0.989", "best_ask": "0.99"}, {"asset_id": "65570440056117077542463878494177612662140785434913628124381440406242436241630", "price": "0.933", "size": "0", "side": "SELL", "hash": "5a7f2fb37844d10818f71eb197035c7031f7bb24", "best_bid": "0.01", "best_ask": "0.011"}], "timestamp": "1769384021755", "event_type": "price_change"}}
{"_local_timestamp": "2026-01-25T23:33:42.043897+00:00", "data": {"market": "0x2b40914f66cf5195d84f5934b3c297919342ebb3c032fabb709b7d87ae67e14e", "price_changes": [{"asset_id": "93382483372490196259599806079407160203979679994486135406898952073842583559283", "price": "0.067", "size": "65.12", "side": "BUY", "hash": "c36426d18d5538d300a4db8dacf7671babddf2c3", "best_bid": "0.989", "best_ask": "0.99"}, {"asset_id": "65570440056117077542463878494177612662140785434913628124381440406242436241630", "price": "0.933", "size": "65.12", "side": "SELL", "hash": "42339e1758e522695ecb3e130429a0c90a3aaf69", "best_bid": "0.01", "best_ask": "0.011"}], "timestamp": "1769384021964", "event_type": "price_change"}}
{"_local_timestamp": "2026-01-25T23:33:42.287592+00:00", "data": {"market": "0x2b40914f66cf5195d84f5934b3c297919342ebb3c032fabb709b7d87ae67e14e", "price_changes": [{"asset_id": "93382483372490196259599806079407160203979679994486135406898952073842583559283", "price": "0.105", "size": "41.55", "side": "BUY", "hash": "3bfe5fa1fb9e5fade94f03d81b164f16c17be3dc", "best_bid": "0.989", "best_ask": "0.99"}, {"asset_id": "65570440056117077542463878494177612662140785434913628124381440406242436241630", "price": "0.895", "size": "41.55", "side": "SELL", "hash": "c00b974d97b5a71af1b35f0d3af261b1083f43e7", "best_bid": "0.01", "best_ask": "0.011"}], "timestamp": "1769384022219", "event_type": "price_change"}}
{"_local_timestamp": "2026-01-25T23:33:42.491181+00:00", "data": {"market": "0x2b40914f66cf5195d84f5934b3c297919342ebb3c032fabb709b7d87ae67e14e", "price_changes": [{"asset_id": "93382483372490196259599806079407160203979679994486135406898952073842583559283", "price": "0.113", "size": "38.61", "side": "BUY", "hash": "3faf02a7506e524929530db7a52ee5c51fcb3ca1", "best_bid": "0.989", "best_ask": "0.99"}, {"asset_id": "65570440056117077542463878494177612662140785434913628124381440406242436241630", "price": "0.887", "size": "38.61", "side": "SELL", "hash": "1fccd4062763d3a70d42333c3dcab16ffe0dfb86", "best_bid": "0.01", "best_ask": "0.011"}], "timestamp": "1769384022427", "event_type": "price_change"}}
{"_local_timestamp": "2026-01-25T23:33:42.705960+00:00", "data": {"market": "0x2b40914f66cf5195d84f5934b3c297919342ebb3c032fabb709b7d87ae67e14e", "price_changes": [{"asset_id": "93382483372490196259599806079407160203979679994486135406898952073842583559283", "price": "0.151", "size": "21.19", "side": "BUY", "hash": "7057d8d6230be594dace5ba987bc32566fccad3c", "best_bid": "0.989", "best_ask": "0.99"}, {"asset_id": "65570440056117077542463878494177612662140785434913628124381440406242436241630", "price": "0.849", "size": "21.19", "side": "SELL", "hash": "470541f8042e4e6202182cf1f74ed3b7529843ca", "best_bid": "0.01", "best_ask": "0.011"}], "timestamp": "1769384022640", "event_type": "price_change"}}
{"_local_timestamp": "2026-01-25T23:33:42.917622+00:00", "data": {"market": "0x2b40914f66cf5195d84f5934b3c297919342ebb3c032fabb709b7d87ae67e14e", "price_changes": [{"asset_id": "93382483372490196259599806079407160203979679994486135406898952073842583559283", "price": "0.151", "size": "50.08", "side": "BUY", "hash": "3c908bf1e88665a7bc7781b3f36031a3fdfd3849", "best_bid": "0.989", "best_ask": "0.99"}, {"asset_id": "65570440056117077542463878494177612662140785434913628124381440406242436241630", "price": "0.849", "size": "50.08", "side": "SELL", "hash": "b1d1e88b46b8abf81d0759f8652a18e7315ac928", "best_bid": "0.01", "best_ask": "0.011"}], "timestamp": "1769384022853", "event_type": "price_change"}}
{"_local_timestamp": "2026-01-25T23:33:43.122255+00:00", "data": {"market": "0x2b40914f66cf5195d84f5934b3c297919342ebb3c032fabb709b7d87ae67e14e", "price_changes": [{"asset_id": "93382483372490196259599806079407160203979679994486135406898952073842583559283", "price": "0.211", "size": "15.16", "side": "BUY", "hash": "35716b7bd834074d34c093442d88f98707e81a36", "best_bid": "0.989", "best_ask": "0.99"}, {"asset_id": "65570440056117077542463878494177612662140785434913628124381440406242436241630", "price": "0.789", "size": "15.16", "side": "SELL", "hash": "412e17c58efc0e0e7d71786d1822e598f69a5dc7", "best_bid": "0.01", "best_ask": "0.011"}], "timestamp": "1769384023044", "event_type": "price_change"}}
{"_local_timestamp": "2026-01-25T23:33:43.340286+00:00", "data": {"market": "0x2b40914f66cf5195d84f5934b3c297919342ebb3c032fabb709b7d87ae67e14e", "price_changes": [{"asset_id": "93382483372490196259599806079407160203979679994486135406898952073842583559283", "price": "0.211", "size": "35.84", "side": "BUY", "hash": "f056ff9deebd70fd17c619663dc7e11050d25599", "best_bid": "0.989", "best_ask": "0.99"}, {"asset_id": "65570440056117077542463878494177612662140785434913628124381440406242436241630", "price": "0.789", "size": "35.84", "side": "SELL", "hash": "ed81523c58d15d57f37724cafb79e6198c777f82", "best_bid": "0.01", "best_ask": "0.011"}], "timestamp": "1769384023272", "event_type": "price_change"}}
{"_local_timestamp": "2026-01-25T23:33:43.551948+00:00", "data": {"market": "0x2b40914f66cf5195d84f5934b3c297919342ebb3c032fabb709b7d87ae67e14e", "price_changes": [{"asset_id": "93382483372490196259599806079407160203979679994486135406898952073842583559283", "price": "0.252", "size": "17.31", "side": "BUY", "hash": "1a5c9bf3e9c6b708fee88216b992a2e42289aea7", "best_bid": "0.989", "best_ask": "0.99"}, {"asset_id": "65570440056117077542463878494177612662140785434913628124381440406242436241630", "price": "0.748", "size": "17.31", "side": "SELL", "hash": "f87a4591d4855da545b197472a461ea4fc192e1b", "best_bid": "0.01", "best_ask": "0.011"}], "timestamp": "1769384023479", "event_type": "price_change"}}
{"_local_timestamp": "2026-01-25T23:33:43.766182+00:00", "data": {"market": "0x2b40914f66cf5195d84f5934b3c297919342ebb3c032fabb709b7d87ae67e14e", "price_changes": [{"asset_id": "93382483372490196259599806079407160203979679994486135406898952073842583559283", "price": "0.352", "size": "12.39", "side": "BUY", "hash": "5c770d864c0d5c2eaa2ecc3d14d1926fefb79bfd", "best_bid": "0.989", "best_ask": "0.99"}, {"asset_id": "65570440056117077542463878494177612662140785434913628124381440406242436241630", "price": "0.648", "size": "12.39", "side": "SELL", "hash": "979f8432557e95e7f7694a9e4acd87edc68258a0", "best_bid": "0.01", "best_ask": "0.011"}], "timestamp": "1769384023686", "event_type": "price_change"}}
{"_local_timestamp": "2026-01-25T23:33:43.978655+00:00", "data": {"market": "0x2b40914f66cf5195d84f5934b3c297919342ebb3c032fabb709b7d87ae67e14e", "price_changes": [{"asset_id": "93382483372490196259599806079407160203979679994486135406898952073842583559283", "price": "0.452", "size": "9.65", "side": "BUY", "hash": "202ab2ca6985251af3eb9a3a722e052eee8e5a75", "best_bid": "0.989", "best_ask": "0.99"}, {"asset_id": "65570440056117077542463878494177612662140785434913628124381440406242436241630", "price": "0.548", "size": "9.65", "side": "SELL", "hash": "d74baba340009cf400f435b77de4c6bffc748d01", "best_bid": "0.01", "best_ask": "0.011"}], "timestamp": "1769384023905", "event_type": "price_change"}}
{"_local_timestamp": "2026-01-25T23:34:28.836413+00:00", "data": {"market": "0x2b40914f66cf5195d84f5934b3c297919342ebb3c032fabb709b7d87ae67e14e", "price_changes": [{"asset_id": "93382483372490196259599806079407160203979679994486135406898952073842583559283", "price": "0.5", "size": "200", "side": "BUY", "hash": "e663839eb966f3240821e99c3c9941525b492d69", "best_bid": "0.989", "best_ask": "0.99"}, {"asset_id": "65570440056117077542463878494177612662140785434913628124381440406242436241630", "price": "0.5", "size": "200", "side": "SELL", "hash": "e8b25c8dfd8fde448e57936a07cdae7519480e92", "best_bid": "0.01", "best_ask": "0.011"}], "timestamp": "1769384068405", "event_type": "price_change"}}
{"_local_timestamp": "2026-01-25T23:34:28.977091+00:00", "data": {"market": "0x2b40914f66cf5195d84f5934b3c297919342ebb3c032fabb709b7d87ae67e14e", "price_changes": [{"asset_id": "93382483372490196259599806079407160203979679994486135406898952073842583559283", "price": "0.257", "size": "0", "side": "BUY", "hash": "edcc0834b3230a4bf4251476683346a63da4674f", "best_bid": "0.989", "best_ask": "0.99"}, {"asset_id": "65570440056117077542463878494177612662140785434913628124381440406242436241630", "price": "0.743", "size": "0", "side": "SELL", "hash": "9377335fc9c043c95e15c3054ba1810b7047757e", "best_bid": "0.01", "best_ask": "0.011"}], "timestamp": "1769384068603", "event_type": "price_change"}}
{"_local_timestamp": "2026-01-25T23:34:29.075312+00:00", "data": {"market": "0x2b40914f66cf5195d84f5934b3c297919342ebb3c032fabb709b7d87ae67e14e", "price_changes": [{"asset_id": "93382483372490196259599806079407160203979679994486135406898952073842583559283", "price": "0.112", "size": "0", "side": "BUY", "hash": "ff06cc8f7ab7773ce9fdec6bc1cb9eb74435516e", "best_bid": "0.989", "best_ask": "0.99"}, {"asset_id": "65570440056117077542463878494177612662140785434913628124381440406242436241630", "price": "0.888", "size": "0", "side": "SELL", "hash": "0a21d4c9e7c95ae20e7e87bb1edf9d5221b2a40f", "best_bid": "0.01", "best_ask": "0.011"}], "timestamp": "1769384068793", "event_type": "price_change"}}
{"_local_timestamp": "2026-01-25T23:34:29.152385+00:00", "data": {"market": "0x2b40914f66cf5195d84f5934b3c297919342ebb3c032fabb709b7d87ae67e14e", "price_changes": [{"asset_id": "93382483372490196259599806079407160203979679994486135406898952073842583559283", "price": "0.102", "size": "0", "side": "BUY", "hash": "ab6dabc9f2fab7668b36bfc587e7231230903440", "best_bid": "0.989", "best_ask": "0.99"}, {"asset_id": "65570440056117077542463878494177612662140785434913628124381440406242436241630", "price": "0.898", "size": "0", "side": "SELL", "hash": "89cd84d07ba06a2f06af80fa4486c120af12e5ab", "best_bid": "0.01", "best_ask": "0.011"}], "timestamp": "1769384068993", "event_type": "price_change"}}
{"_local_timestamp": "2026-01-25T23:34:29.255034+00:00", "data": {"market": "0x2b40914f66cf5195d84f5934b3c297919342ebb3c032fabb709b7d87ae67e14e", "price_changes": [{"asset_id": "93382483372490196259599806079407160203979679994486135406898952073842583559283", "price": "0.066", "size": "0", "side": "BUY", "hash": "7fbd7d9c38a29dce5b05906b6719860ac8638a0c", "best_bid": "0.989", "best_ask": "0.99"}, {"asset_id": "65570440056117077542463878494177612662140785434913628124381440406242436241630", "price": "0.934", "size": "0", "side": "SELL", "hash": "763550c5717267170297dc48a488d7ba0a608c73", "best_bid": "0.01", "best_ask": "0.011"}], "timestamp": "1769384069190", "event_type": "price_change"}}
{"_local_timestamp": "2026-01-25T23:34:29.455598+00:00", "data": {"market": "0x2b40914f66cf5195d84f5934b3c297919342ebb3c032fabb709b7d87ae67e14e", "price_changes": [{"asset_id": "93382483372490196259599806079407160203979679994486135406898952073842583559283", "price": "0.032", "size": "0", "side": "BUY", "hash": "d8fcf4972b6aa67b07f022b6211d61d6dc274f6a", "best_bid": "0.989", "best_ask": "0.99"}, {"asset_id": "65570440056117077542463878494177612662140785434913628124381440406242436241630", "price": "0.968", "size": "0", "side": "SELL", "hash": "6a78fc9721d5953db1d97e1b3272a357fc2ca446", "best_bid": "0.01", "best_ask": "0.011"}], "timestamp": "1769384069390", "event_type": "price_change"}}
{"_local_timestamp": "2026-01-25T23:34:29.712058+00:00", "data": {"market": "0x2b40914f66cf5195d84f5934b3c297919342ebb3c032fabb709b7d87ae67e14e", "price_changes": [{"asset_id": "93382483372490196259599806079407160203979679994486135406898952073842583559283", "price": "0.036", "size": "223.77", "side": "BUY", "hash": "907b105fb9997e84ed7497c242cdf432c34fffef", "best_bid": "0.989", "best_ask": "0.99"}, {"asset_id": "65570440056117077542463878494177612662140785434913628124381440406242436241630", "price": "0.964", "size": "223.77", "side": "SELL", "hash": "520f685756b27504073080690ffac03cd797537c", "best_bid": "0.01", "best_ask": "0.011"}], "timestamp": "1769384069612", "event_type": "price_change"}}
{"_local_timestamp": "2026-01-25T23:34:30.036399+00:00", "data": {"market": "0x2b40914f66cf5195d84f5934b3c297919342ebb3c032fabb709b7d87ae67e14e", "price_changes": [{"asset_id": "93382483372490196259599806079407160203979679994486135406898952073842583559283", "price": "0.068", "size": "54.29", "side": "BUY", "hash": "fd3b271864c988dcd41b553b0423262b54a212ec", "best_bid": "0.989", "best_ask": "0.99"}, {"asset_id": "65570440056117077542463878494177612662140785434913628124381440406242436241630", "price": "0.932", "size": "54.29", "side": "SELL", "hash": "610733d3b1de4e08530b5c0346935c48b6c5bb29", "best_bid": "0.01", "best_ask": "0.011"}], "timestamp": "1769384069836", "event_type": "price_change"}}
{"_local_timestamp": "2026-01-25T23:34:30.190640+00:00", "data": {"market": "0x2b40914f66cf5195d84f5934b3c297919342ebb3c032fabb709b7d87ae67e14e", "price_changes": [{"asset_id": "93382483372490196259599806079407160203979679994486135406898952073842583559283", "price": "0.105", "size": "76.71", "side": "BUY", "hash": "f45617d6174dd170a2a008e631b9c7c91b2fbdef", "best_bid": "0.989", "best_ask": "0.99"}, {"asset_id": "65570440056117077542463878494177612662140785434913628124381440406242436241630", "price": "0.895", "size": "76.71", "side": "SELL", "hash": "25ef79538d18633df8e3c5ff45230c932d0a296a", "best_bid": "0.01", "best_ask": "0.011"}], "timestamp": "1769384070027", "event_type": "price_change"}}
{"_local_timestamp": "2026-01-25T23:34:30.408782+00:00", "data": {"market": "0x2b40914f66cf5195d84f5934b3c297919342ebb3c032fabb709b7d87ae67e14e", "price_changes": [{"asset_id": "93382483372490196259599806079407160203979679994486135406898952073842583559283", "price": "0.151", "size": "28.89", "side": "BUY", "hash": "bac36b34e7f6f96ab51870e298a723e60c7b58ac", "best_bid": "0.989", "best_ask": "0.99"}, {"asset_id": "65570440056117077542463878494177612662140785434913628124381440406242436241630", "price": "0.849", "size": "28.89", "side": "SELL", "hash": "f7e6056a306d59a25bf6c62a3bf8a48ef89d8a84", "best_bid": "0.01", "best_ask": "0.011"}], "timestamp": "1769384070218", "event_type": "price_change"}}
{"_local_timestamp": "2026-01-25T23:34:30.611767+00:00", "data": {"market": "0x2b40914f66cf5195d84f5934b3c297919342ebb3c032fabb709b7d87ae67e14e", "price_changes": [{"asset_id": "93382483372490196259599806079407160203979679994486135406898952073842583559283", "price": "0.151", "size": "53.34", "side": "BUY", "hash": "a6520d4b19192b9d81267d630f72e96d53abfa59", "best_bid": "0.989", "best_ask": "0.99"}, {"asset_id": "65570440056117077542463878494177612662140785434913628124381440406242436241630", "price": "0.849", "size": "53.34", "side": "SELL", "hash": "cddab3a667d4847b2ab47e3215ca0284434ff68e", "best_bid": "0.01", "best_ask": "0.011"}], "timestamp": "1769384070418", "event_type": "price_change"}}
{"_local_timestamp": "2026-01-25T23:34:30.736020+00:00", "data": {"market": "0x2b40914f66cf5195d84f5934b3c297919342ebb3c032fabb709b7d87ae67e14e", "price_changes": [{"asset_id": "93382483372490196259599806079407160203979679994486135406898952073842583559283", "price": "0.211", "size": "20.68", "side": "BUY", "hash": "163dfb17840dec18d793597d3af2e5c34cd83e5a", "best_bid": "0.989", "best_ask": "0.99"}, {"asset_id": "65570440056117077542463878494177612662140785434913628124381440406242436241630", "price": "0.789", "size": "20.68", "side": "SELL", "hash": "518de2c723f67a6c0076efbc8d093b59f5812834", "best_bid": "0.01", "best_ask": "0.011"}], "timestamp": "1769384070597", "event_type": "price_change"}}
{"_local_timestamp": "2026-01-25T23:34:30.883376+00:00", "data": {"market": "0x2b40914f66cf5195d84f5934b3c297919342ebb3c032fabb709b7d87ae67e14e", "price_changes": [{"asset_id": "93382483372490196259599806079407160203979679994486135406898952073842583559283", "price": "0.211", "size": "38.17", "side": "BUY", "hash": "1d950d5cee8d1f54093c976861cb23098adde553", "best_bid": "0.989", "best_ask": "0.99"}, {"asset_id": "65570440056117077542463878494177612662140785434913628124381440406242436241630", "price": "0.789", "size": "38.17", "side": "SELL", "hash": "d1cba8148f63ac5b6cac4222ce97f885253c5db7", "best_bid": "0.01", "best_ask": "0.011"}], "timestamp": "1769384070805", "event_type": "price_change"}}
{"_local_timestamp": "2026-01-25T23:34:31.086577+00:00", "data": {"market": "0x2b40914f66cf5195d84f5934b3c297919342ebb3c032fabb709b7d87ae67e14e", "price_changes": [{"asset_id": "93382483372490196259599806079407160203979679994486135406898952073842583559283", "price": "0.251", "size": "0", "side": "BUY", "hash": "b4c238bb41a8f7f7407fa20a03c802a4e8476685", "best_bid": "0.989", "best_ask": "0.99"}, {"asset_id": "65570440056117077542463878494177612662140785434913628124381440406242436241630", "price": "0.749", "size": "0", "side": "SELL", "hash": "2050bca90ca434ed71696aa0b3f05e2c0604185b", "best_bid": "0.01", "best_ask": "0.011"}], "timestamp": "1769384071003", "event_type": "price_change"}}
{"_local_timestamp": "2026-01-25T23:34:31.281615+00:00", "data": {"market": "0x2b40914f66cf5195d84f5934b3c297919342ebb3c032fabb709b7d87ae67e14e", "price_changes": [{"asset_id": "93382483372490196259599806079407160203979679994486135406898952073842583559283", "price": "0.251", "size": "14.71", "side": "BUY", "hash": "8e2c61072394a5e9697a3e2a30fd12a12d5dee3d", "best_bid": "0.989", "best_ask": "0.99"}, {"asset_id": "65570440056117077542463878494177612662140785434913628124381440406242436241630", "price": "0.749", "size": "14.71", "side": "SELL", "hash": "101c10b0bb3e2c35bbcc79dbb1794d5977cc23d9", "best_bid": "0.01", "best_ask": "0.011"}], "timestamp": "1769384071214", "event_type": "price_change"}}
{"_local_timestamp": "2026-01-25T23:34:31.493225+00:00", "data": {"market": "0x2b40914f66cf5195d84f5934b3c297919342ebb3c032fabb709b7d87ae67e14e", "price_changes": [{"asset_id": "93382483372490196259599806079407160203979679994486135406898952073842583559283", "price": "0.259", "size": "14.25", "side": "BUY", "hash": "2bac978e7d98023116c9ff17f2c3b5f4c54a0219", "best_bid": "0.989", "best_ask": "0.99"}, {"asset_id": "65570440056117077542463878494177612662140785434913628124381440406242436241630", "price": "0.741", "size": "14.25", "side": "SELL", "hash": "fb9a1874380b4da7d76e715314ff2451b3b6cbb2", "best_bid": "0.01", "best_ask": "0.011"}], "timestamp": "1769384071423", "event_type": "price_change"}}
{"_local_timestamp": "2026-01-25T23:34:31.672134+00:00", "data": {"market": "0x2b40914f66cf5195d84f5934b3c297919342ebb3c032fabb709b7d87ae67e14e", "price_changes": [{"asset_id": "93382483372490196259599806079407160203979679994486135406898952073842583559283", "price": "0.311", "size": "0", "side": "BUY", "hash": "42a588958a29abfd9010539acc054c4568b8df8b", "best_bid": "0.989", "best_ask": "0.99"}, {"asset_id": "65570440056117077542463878494177612662140785434913628124381440406242436241630", "price": "0.689", "size": "0", "side": "SELL", "hash": "0b187f8e31bbf80e6d8cb3e170d992365edd5f61", "best_bid": "0.01", "best_ask": "0.011"}], "timestamp": "1769384071606", "event_type": "price_change"}}
{"_local_timestamp": "2026-01-25T23:34:31.908132+00:00", "data": {"market": "0x2b40914f66cf5195d84f5934b3c297919342ebb3c032fabb709b7d87ae67e14e", "price_changes": [{"asset_id": "93382483372490196259599806079407160203979679994486135406898952073842583559283", "price": "0.311", "size": "11.87", "side": "BUY", "hash": "e9370d8f40953b468ef9d705c2e6517994660980", "best_bid": "0.989", "best_ask": "0.99"}, {"asset_id": "65570440056117077542463878494177612662140785434913628124381440406242436241630", "price": "0.689", "size": "11.87", "side": "SELL", "hash": "b94bb89aed5e952bc543a3806b1928c5b2365633", "best_bid": "0.01", "best_ask": "0.011"}], "timestamp": "1769384071839", "event_type": "price_change"}}
{"_local_timestamp": "2026-01-25T23:34:32.164330+00:00", "data": {"market": "0x2b40914f66cf5195d84f5934b3c297919342ebb3c032fabb709b7d87ae67e14e", "price_changes": [{"asset_id": "93382483372490196259599806079407160203979679994486135406898952073842583559283", "price": "0.351", "size": "0", "side": "BUY", "hash": "981f6341694bc2449cd26976cc1475426789a9dc", "best_bid": "0.989", "best_ask": "0.99"}, {"asset_id": "65570440056117077542463878494177612662140785434913628124381440406242436241630", "price": "0.649", "size": "0", "side": "SELL", "hash": "b8888cebc9419cc82590ac8b2026f9e90328d5fa", "best_bid": "0.01", "best_ask": "0.011"}], "timestamp": "1769384072067", "event_type": "price_change"}}
{"_local_timestamp": "2026-01-25T23:34:32.389764+00:00", "data": {"market": "0x2b40914f66cf5195d84f5934b3c297919342ebb3c032fabb709b7d87ae67e14e", "price_changes": [{"asset_id": "93382483372490196259599806079407160203979679994486135406898952073842583559283", "price": "0.351", "size": "10.51", "side": "BUY", "hash": "292954f5e46875c610bb1bbc4deeade37be566ad", "best_bid": "0.989", "best_ask": "0.99"}, {"asset_id": "65570440056117077542463878494177612662140785434913628124381440406242436241630", "price": "0.649", "size": "10.51", "side": "SELL", "hash": "b2002994e5b5df0e06246195119a96f0ea11a2c8", "best_bid": "0.01", "best_ask": "0.011"}], "timestamp": "1769384072292", "event_type": "price_change"}}
{"_local_timestamp": "2026-01-25T23:34:32.553589+00:00", "data": {"market": "0x2b40914f66cf5195d84f5934b3c297919342ebb3c032fabb709b7d87ae67e14e", "price_changes": [{"asset_id": "93382483372490196259599806079407160203979679994486135406898952073842583559283", "price": "0.401", "size": "0", "side": "BUY", "hash": "687ae48c1fddd02b68e8676062c18447415bf81d", "best_bid": "0.989", "best_ask": "0.99"}, {"asset_id": "65570440056117077542463878494177612662140785434913628124381440406242436241630", "price": "0.599", "size": "0", "side": "SELL", "hash": "8d72785d0fc050a3b480d1edba02a8c3d9d9a8c8", "best_bid": "0.01", "best_ask": "0.011"}], "timestamp": "1769384072485", "event_type": "price_change"}}
{"_local_timestamp": "2026-01-25T23:34:33.033298+00:00", "data": {"market": "0x2b40914f66cf5195d84f5934b3c297919342ebb3c032fabb709b7d87ae67e14e", "price_changes": [{"asset_id": "93382483372490196259599806079407160203979679994486135406898952073842583559283", "price": "0.401", "size": "9.2", "side": "BUY", "hash": "b1d6c145327ee0118d6124527f1e35d1b80bc4ff", "best_bid": "0.989", "best_ask": "0.99"}, {"asset_id": "65570440056117077542463878494177612662140785434913628124381440406242436241630", "price": "0.599", "size": "9.2", "side": "SELL", "hash": "8b0709bd856c72daf9f7b0d8a0090dada388023d", "best_bid": "0.01", "best_ask": "0.011"}], "timestamp": "1769384072966", "event_type": "price_change"}}
{"_local_timestamp": "2026-01-25T23:34:33.228880+00:00", "data": {"market": "0x2b40914f66cf5195d84f5934b3c297919342ebb3c032fabb709b7d87ae67e14e", "price_changes": [{"asset_id": "93382483372490196259599806079407160203979679994486135406898952073842583559283", "price": "0.451", "size": "0", "side": "BUY", "hash": "efd728ff99ec60268b7d41d89f1323084bf114d5", "best_bid": "0.989", "best_ask": "0.99"}, {"asset_id": "65570440056117077542463878494177612662140785434913628124381440406242436241630", "price": "0.549", "size": "0", "side": "SELL", "hash": "60f4871b13a4a70b6ea6944fc8ecffe466b04202", "best_bid": "0.01", "best_ask": "0.011"}], "timestamp": "1769384073158", "event_type": "price_change"}}
{"_local_timestamp": "2026-01-25T23:34:33.454492+00:00", "data": {"market": "0x2b40914f66cf5195d84f5934b3c297919342ebb3c032fabb709b7d87ae67e14e", "price_changes": [{"asset_id": "93382483372490196259599806079407160203979679994486135406898952073842583559283", "price": "0.451", "size": "8.18", "side": "BUY", "hash": "b6da6657c573f60d719ff27cc23a8e3ca489abcb", "best_bid": "0.989", "best_ask": "0.99"}, {"asset_id": "65570440056117077542463878494177612662140785434913628124381440406242436241630", "price": "0.549", "size": "8.18", "side": "SELL", "hash": "b771dcf4ebb161e6438747e40fb7aeeb48aaa38d", "best_bid": "0.01", "best_ask": "0.011"}], "timestamp": "1769384073384", "event_type": "price_change"}}
{"_local_timestamp": "2026-01-25T23:34:33.658924+00:00", "data": {"market": "0x2b40914f66cf5195d84f5934b3c297919342ebb3c032fabb709b7d87ae67e14e", "price_changes": [{"asset_id": "93382483372490196259599806079407160203979679994486135406898952073842583559283", "price": "0.551", "size": "0", "side": "BUY", "hash": "33982c699ed1e17da51df3f1e653a0167fe9cd42", "best_bid": "0.989", "best_ask": "0.99"}, {"asset_id": "65570440056117077542463878494177612662140785434913628124381440406242436241630", "price": "0.449", "size": "0", "side": "SELL", "hash": "31d9ecaba63b51524413615e874a451aecec3d3d", "best_bid": "0.01", "best_ask": "0.011"}], "timestamp": "1769384073584", "event_type": "price_change"}}
{"_local_timestamp": "2026-01-25T23:34:33.866055+00:00", "data": {"market": "0x2b40914f66cf5195d84f5934b3c297919342ebb3c032fabb709b7d87ae67e14e", "price_changes": [{"asset_id": "93382483372490196259599806079407160203979679994486135406898952073842583559283", "price": "0.551", "size": "6.7", "side": "BUY", "hash": "b05d5560ff0bc04f3bcf5d99bda7f0d00de7bb67", "best_bid": "0.989", "best_ask": "0.99"}, {"asset_id": "65570440056117077542463878494177612662140785434913628124381440406242436241630", "price": "0.449", "size": "6.7", "side": "SELL", "hash": "9ee958dc084f2657dacfac3dea538596dfa39abf", "best_bid": "0.01", "best_ask": "0.011"}], "timestamp": "1769384073798", "event_type": "price_change"}}
{"_local_timestamp": "2026-01-25T23:34:34.108848+00:00", "data": {"market": "0x2b40914f66cf5195d84f5934b3c297919342ebb3c032fabb709b7d87ae67e14e", "price_changes": [{"asset_id": "93382483372490196259599806079407160203979679994486135406898952073842583559283", "price": "0.699", "size": "0", "side": "BUY", "hash": "463647ef6ab94014e90eb2635a92c4519d5ed5e9", "best_bid": "0.989", "best_ask": "0.99"}, {"asset_id": "65570440056117077542463878494177612662140785434913628124381440406242436241630", "price": "0.301", "size": "0", "side": "SELL", "hash": "b8ee46208e7ef9e8aad95f7f5587c722b35f74b6", "best_bid": "0.01", "best_ask": "0.011"}], "timestamp": "1769384074017", "event_type": "price_change"}}
{"_local_timestamp": "2026-01-25T23:34:34.305286+00:00", "data": {"market": "0x2b40914f66cf5195d84f5934b3c297919342ebb3c032fabb709b7d87ae67e14e", "price_changes": [{"asset_id": "93382483372490196259599806079407160203979679994486135406898952073842583559283", "price": "0.699", "size": "5.28", "side": "BUY", "hash": "e4cb815f18166f15d52d36f609381d1234e55297", "best_bid": "0.989", "best_ask": "0.99"}, {"asset_id": "65570440056117077542463878494177612662140785434913628124381440406242436241630", "price": "0.301", "size": "5.28", "side": "SELL", "hash": "50cab1c5dd5e10a07a1b8dc04071f3132bd257b0", "best_bid": "0.01", "best_ask": "0.011"}], "timestamp": "1769384074229", "event_type": "price_change"}}
{"_local_timestamp": "2026-01-25T23:34:35.740638+00:00", "data": {"market": "0x2b40914f66cf5195d84f5934b3c297919342ebb3c032fabb709b7d87ae67e14e", "price_changes": [{"asset_id": "93382483372490196259599806079407160203979679994486135406898952073842583559283", "price": "0.981", "size": "200", "side": "BUY", "hash": "d5c4699c6a15fed4e7359aa4c0426e296bd0e3d6", "best_bid": "0.989", "best_ask": "0.99"}, {"asset_id": "65570440056117077542463878494177612662140785434913628124381440406242436241630", "price": "0.019", "size": "200", "side": "SELL", "hash": "0a226c2a2a40880867468d75cbf3cedc4536d1ad", "best_bid": "0.01", "best_ask": "0.011"}], "timestamp": "1769384075671", "event_type": "price_change"}}
{"_local_timestamp": "2026-01-25T23:34:35.830526+00:00", "data": {"market": "0x2b40914f66cf5195d84f5934b3c297919342ebb3c032fabb709b7d87ae67e14e", "price_changes": [{"asset_id": "65570440056117077542463878494177612662140785434913628124381440406242436241630", "price": "0.001", "size": "21153.19", "side": "BUY", "hash": "9e4ce4beef6d8fb0858827163ddef9b1098cdf48", "best_bid": "0.01", "best_ask": "0.011"}, {"asset_id": "93382483372490196259599806079407160203979679994486135406898952073842583559283", "price": "0.999", "size": "21153.19", "side": "SELL", "hash": "7ad93a9c4e57de6747d950120be40050a48324a8", "best_bid": "0.989", "best_ask": "0.99"}], "timestamp": "1769384075762", "event_type": "price_change"}}
{"_local_timestamp": "2026-01-25T23:34:49.093665+00:00", "data": {"market": "0x2b40914f66cf5195d84f5934b3c297919342ebb3c032fabb709b7d87ae67e14e", "price_changes": [{"asset_id": "65570440056117077542463878494177612662140785434913628124381440406242436241630", "price": "0.02", "size": "350", "side": "SELL", "hash": "3649e6449bd3eaa65614a2f0715474fd607d8fc4", "best_bid": "0.01", "best_ask": "0.011"}, {"asset_id": "93382483372490196259599806079407160203979679994486135406898952073842583559283", "price": "0.98", "size": "350", "side": "BUY", "hash": "49b7ff464d59226beac9d71bd358f8144f97b988", "best_bid": "0.989", "best_ask": "0.99"}], "timestamp": "1769384089028", "event_type": "price_change"}}
{"_local_timestamp": "2026-01-25T23:34:49.196794+00:00", "data": {"market": "0x2b40914f66cf5195d84f5934b3c297919342ebb3c032fabb709b7d87ae67e14e", "price_changes": [{"asset_id": "65570440056117077542463878494177612662140785434913628124381440406242436241630", "price": "0.019", "size": "266.79", "side": "SELL", "hash": "ac7853935b6ab42c54c77fecde9c22f17e23bc00", "best_bid": "0.01", "best_ask": "0.011"}, {"asset_id": "93382483372490196259599806079407160203979679994486135406898952073842583559283", "price": "0.981", "size": "266.79", "side": "BUY", "hash": "2ea3cf1a570d56bf6bbc7a4b606f62bf12deb0d8", "best_bid": "0.989", "best_ask": "0.99"}], "timestamp": "1769384089131", "event_type": "price_change"}}
{"_local_timestamp": "2026-01-25T23:35:15.667193+00:00", "data": {"market": "0x2b40914f66cf5195d84f5934b3c297919342ebb3c032fabb709b7d87ae67e14e", "price_changes": [{"asset_id": "65570440056117077542463878494177612662140785434913628124381440406242436241630", "price": "0.001", "size": "20943.67", "side": "BUY", "hash": "c0993e58d70ea153afb2bd8115b477d3e12e0f6e", "best_bid": "0.01", "best_ask": "0.011"}, {"asset_id": "93382483372490196259599806079407160203979679994486135406898952073842583559283", "price": "0.999", "size": "20943.67", "side": "SELL", "hash": "80affb5ff834b2ae9bd60d2c9adca3a488723375", "best_bid": "0.989", "best_ask": "0.99"}], "timestamp": "1769384115451", "event_type": "price_change"}}
{"_local_timestamp": "2026-01-25T23:35:15.756021+00:00", "data": {"market": "0x2b40914f66cf5195d84f5934b3c297919342ebb3c032fabb709b7d87ae67e14e", "price_changes": [{"asset_id": "93382483372490196259599806079407160203979679994486135406898952073842583559283", "price": "0.981", "size": "66.79", "side": "BUY", "hash": "63aa05d928665b7e68b5f4e3a245eca60a18d43b", "best_bid": "0.989", "best_ask": "0.99"}, {"asset_id": "65570440056117077542463878494177612662140785434913628124381440406242436241630", "price": "0.019", "size": "66.79", "side": "SELL", "hash": "593835d99793450f68896c68f3ed6aaf27c4d4cf", "best_bid": "0.01", "best_ask": "0.011"}], "timestamp": "1769384115544", "event_type": "price_change"}}
{"_local_timestamp": "2026-01-25T23:35:21.023905+00:00", "data": {"market": "0x2b40914f66cf5195d84f5934b3c297919342ebb3c032fabb709b7d87ae67e14e", "price_changes": [{"asset_id": "65570440056117077542463878494177612662140785434913628124381440406242436241630", "price": "0.019", "size": "0", "side": "SELL", "hash": "35b36956882002d5f71f496285f9585c2a029a99", "best_bid": "0.01", "best_ask": "0.011"}, {"asset_id": "93382483372490196259599806079407160203979679994486135406898952073842583559283", "price": "0.981", "size": "0", "side": "BUY", "hash": "f392cac0df4110b69b65ecd84efc4928fd8cda41", "best_bid": "0.989", "best_ask": "0.99"}], "timestamp": "1769384120805", "event_type": "price_change"}}
{"_local_timestamp": "2026-01-25T23:35:21.246984+00:00", "data": {"market": "0x2b40914f66cf5195d84f5934b3c297919342ebb3c032fabb709b7d87ae67e14e", "price_changes": [{"asset_id": "65570440056117077542463878494177612662140785434913628124381440406242436241630", "price": "0.02", "size": "416.79", "side": "SELL", "hash": "4a0e6118debb5982089685df1ef2daf1e8ce3a30", "best_bid": "0.01", "best_ask": "0.011"}, {"asset_id": "93382483372490196259599806079407160203979679994486135406898952073842583559283", "price": "0.98", "size": "416.79", "side": "BUY", "hash": "6f3370e10576006214855788cf60042016c479f8", "best_bid": "0.989", "best_ask": "0.99"}], "timestamp": "1769384121010", "event_type": "price_change"}}
