{"_local_timestamp": "2026-01-25T23:33:25.304450+00:00", "data": [{"market": "0xd8c1b0a73653b1fb4fb6e8d13d0063d25810870d7ddf83e61fffb4de4522edf1", "asset_id": "45429668890056162364307617807576387840293305143387096943585488315586563658159", "timestamp": "1769383945015", "hash": "826f7b0bf3436fe953e4694b96f235368d803514", "bids": [{"price": "0.001", "size": "10564.99"}, {"price": "0.002", "size": "261.79"}, {"price": "0.003", "size": "152.04"}, {"price": "0.02", "size": "975.92"}, {"price": "0.021", "size": "442.5"}, {"price": "0.022", "size": "292.87"}, {"price": "0.023", "size": "9.01"}, {"price": "0.032", "size": "51.75"}, {"price": "0.033", "size": "6.55"}, {"price": "0.041", "size": "52.87"}, {"price": "0.042", "size": "47.08"}], "asks": [{"price": "0.999", "size": "4896.2"}, {"price": "0.998", "size": "1250"}, {"price": "0.997", "size": "1172.7"}, {"price": "0.994", "size": "83"}, {"price": "0.993", "size": "9.61"}, {"price": "0.99", "size": "5300"}, {"price": "0.98", "size": "2200"}, {"price": "0.979", "size": "11.43"}, {"price": "0.95", "size": "30"}, {"price": "0.949", "size": "39"}, {"price": "0.91", "size": "400"}, {"price": "0.909", "size": "7.27"}, {"price": "0.87", "size": "325"}, {"price": "0.83", "size": "300"}, {"price": "0.819", "size": "24.07"}, {"price": "0.79", "size": "600"}, {"price": "0.738", "size": "5"}, {"price": "0.7", "size": "350"}, {"price": "0.66", "size": "125"}, {"price": "0.533", "size": "3587"}, {"price": "0.5", "size": "200"}, {"price": "0.498", "size": "500"}, {"price": "0.497", "size": "166.66"}, {"price": "0.496", "size": "5"}, {"price": "0.33", "size": "100"}, {"price": "0.287", "size": "66.66"}, {"price": "0.25", "size": "30"}, {"price": "0.18", "size": "40"}, {"price": "0.111", "size": "12"}, {"price": "0.108", "size": "12"}, {"price": "0.105", "size": "12"}, {"price": "0.102", "size": "12"}, {"price": "0.099", "size": "12"}, {"price": "0.076", "size": "66.66"}, {"price": "0.075", "size": "47.06"}], "event_type": "book", "last_trade_price": "0.824"}, {"market": "0xd8c1b0a73653b1fb4fb6e8d13d0063d25810870d7ddf83e61fffb4de4522edf1", "asset_id": "63147276005126770880954125047261230986291997315680909701649556277988435329355", "timestamp": "1769383945015", "hash": "1d8e3c998d3a58527856134a66a2beabee0ecd24", "bids": [{"price": "0.001", "size": "4896.2"}, {"price": "0.002", "size": "1250"}, {"price": "0.003", "size": "1172.7"}, {"price": "0.006", "size": "83"}, {"price": "0.007", "size": "9.61"}, {"price": "0.01", "size": "5300"}, {"price": "0.02", "size": "2200"}, {"price": "0.021", "size": "11.43"}, {"price": "0.05", "size": "30"}, {"price": "0.051", "size": "39"}, {"price": "0.09", "size": "400"}, {"price": "0.091", "size": "7.27"}, {"price": "0.13", "size": "325"}, {"price": "0.17", "size": "300"}, {"price": "0.181", "size": "24.07"}, {"price": "0.21", "size": "600"}, {"price": "0.262", "size": "5"}, {"price": "0.3", "size": "350"}, {"price": "0.34", "size": "125"}, {"price": "0.467", "size": "3587"}, {"price": "0.5", "size": "200"}, {"price": "0.502", "size": "500"}, {"price": "0.503", "size": "166.66"}, {"price": "0.504", "size": "5"}, {"price": "0.67", "size": "100"}, {"price": "0.713", "size": "66.66"}, {"price": "0.75", "size": "30"}, {"price": "0.82", "size": "40"}, {"price": "0.889", "size": "12"}, {"price": "0.892", "size": "12"}, {"price": "0.895", "size": "12"}, {"price": "0.898", "size": "12"}, {"price": "0.901", "size": "12"}, {"price": "0.924", "size": "66.66"}, {"price": "0.925", "size": "47.06"}], "asks": [{"price": "0.999", "size": "10564.99"}, {"price": "0.998", "size": "261.79"}, {"price": "0.997", "size": "152.04"}, {"price": "0.98", "size": "975.92"}, {"price": "0.979", "size": "442.5"}, {"price": "0.978", "size": "292.87"}, {"price": "0.977", "size": "9.01"}, {"price": "0.968", "size": "51.75"}, {"price": "0.967", "size": "6.55"}, {"price": "0.959", "size": "52.87"}, {"price": "0.958", "size": "47.08"}], "event_type": "book", "last_trade_price": "0.824"}]}
{"_local_timestamp": "2026-01-25T23:33:30.019763+00:00", "data": {"market": "0xd8c1b0a73653b1fb4fb6e8d13d0063d25810870d7ddf83e61fffb4de4522edf1", "price_changes": [{"asset_id": "63147276005126770880954125047261230986291997315680909701649556277988435329355", "price": "0.504", "size": "0", "side": "BUY", "hash": "065556f067ac706cb92648233b34e430143c52dc", "best_bid": "0.925", "best_ask": "0.958"}, {"asset_id": "45429668890056162364307617807576387840293305143387096943585488315586563658159", "price": "0.496", "size": "0", "side": "SELL", "hash": "7ee0f1a44b636a171d5abb7b3b1935b06a639af2", "best_bid": "0.042", "best_ask": "0.075"}], "timestamp": "1769384009940", "event_type": "price_change"}}
{"_local_timestamp": "2026-01-25T23:33:30.059844+00:00", "data": {"market": "0xd8c1b0a73653b1fb4fb6e8d13d0063d25810870d7ddf83e61fffb4de4522edf1", "price_changes": [{"asset_id": "63147276005126770880954125047261230986291997315680909701649556277988435329355", "price": "0.504", "size": "5", "side": "BUY", "hash": "c16e80dd28f4092e906fa5f9bb49476ab24453a9", "best_bid": "0.925", "best_ask": "0.958"}, {"asset_id": "45429668890056162364307617807576387840293305143387096943585488315586563658159", "price": "0.496", "size": "5", "side": "SELL", "hash": "79a6fa7d27e2911ddab2deca66007346c9585830", "best_bid": "0.042", "best_ask": "0.075"}], "timestamp": "1769384009990", "event_type": "price_change"}}
{"_local_timestamp": "2026-01-25T23:34:28.939380+00:00", "data": {"market": "0xd8c1b0a73653b1fb4fb6e8d13d0063d25810870d7ddf83e61fffb4de4522edf1", "price_changes": [{"asset_id": "63147276005126770880954125047261230986291997315680909701649556277988435329355", "price": "0.924", "size": "0", "side": "BUY", "hash": "5fa46bdb26323e3788983651f8ea1703498304c1", "best_bid": "0.925", "best_ask": "0.958"}, {"asset_id": "45429668890056162364307617807576387840293305143387096943585488315586563658159", "price": "0.076", "size": "0", "side": "SELL", "hash": "ac8632bd105c37a5530723f43fe83f62fbcec579", "best_bid": "0.042", "best_ask": "0.075"}], "timestamp": "1769384068516", "event_type": "price_change"}}
{"_local_timestamp": "2026-01-25T23:34:29.195157+00:00", "data": {"market": "0xd8c1b0a73653b1fb4fb6e8d13d0063d25810870d7ddf83e61fffb4de4522edf1", "price_changes": [{"asset_id": "63147276005126770880954125047261230986291997315680909701649556277988435329355", "price": "0.926", "size": "66.66", "side": "BUY", "hash": "69cd8d417a3569b6aa0a3ec602c6e85e2650aa04", "best_bid": "0.926", "best_ask": "0.958"}, {"asset_id": "45429668890056162364307617807576387840293305143387096943585488315586563658159", "price": "0.074", "size": "66.66", "side": "SELL", "hash": "a256c414adc6dfd65a7664c069273c4c5d52b02a", "best_bid": "0.042", "best_ask": "0.074"}], "timestamp": "1769384069071", "event_type": "price_change"}}
{"_local_timestamp": "2026-01-25T23:34:31.114762+00:00", "data": {"market": "0xd8c1b0a73653b1fb4fb6e8d13d0063d25810870d7ddf83e61fffb4de4522edf1", "price_changes": [{"asset_id": "45429668890056162364307617807576387840293305143387096943585488315586563658159", "price": "0.075", "size": "22.07", "side": "SELL", "hash": "862de93e21680cfe9039de9e17d4f71b38e13b0b", "best_bid": "0.042", "best_ask": "0.074"}, {"asset_id": "63147276005126770880954125047261230986291997315680909701649556277988435329355", "price": "0.925", "size": "22.07", "side": "BUY", "hash": "08bba97a9cc7fecb5c0cca27f9de89c91c07117d", "best_bid": "0.926", "best_ask": "0.958"}], "timestamp": "1769384071040", "event_type": "price_change"}}
{"_local_timestamp": "2026-01-25T23:34:41.323612+00:00", "data": {"market": "0xd8c1b0a73653b1fb4fb6e8d13d0063d25810870d7ddf83e61fffb4de4522edf1", "price_changes": [{"asset_id": "45429668890056162364307617807576387840293305143387096943585488315586563658159", "price": "0.073", "size": "24.99", "side": "SELL", "hash": "4ed9506d605d6436387035e557787a4305d348ed", "best_bid": "0.042", "best_ask": "0.073"}, {"asset_id": "63147276005126770880954125047261230986291997315680909701649556277988435329355", "price": "0.927", "size": "24.99", "side": "BUY", "hash": "65bf0386f90b68fbe904d42f9568d86e1fa9c110", "best_bid": "0.927", "best_ask": "0.958"}], "timestamp": "1769384081250", "event_type": "price_change"}}
{"_local_timestamp": "2026-01-25T23:34:42.177353+00:00", "data": {"market": "0xd8c1b0a73653b1fb4fb6e8d13d0063d25810870d7ddf83e61fffb4de4522edf1", "price_changes": [{"asset_id": "45429668890056162364307617807576387840293305143387096943585488315586563658159", "price": "0.003", "size": "144.17", "side": "BUY", "hash": "bd28165ed9b4b78ccbafbe93d7b0d3f0abc21285", "best_bid": "0.042", "best_ask": "0.073"}, {"asset_id": "63147276005126770880954125047261230986291997315680909701649556277988435329355", "price": "0.997", "size": "144.17", "side": "SELL", "hash": "8ab1b2e67df369957ce95520f91181fe02184c11", "best_bid": "0.927", "best_ask": "0.958"}], "timestamp": "1769384082103", "event_type": "price_change"}}
{"_local_timestamp": "2026-01-25T23:34:42.453185+00:00", "data": {"market": "0xd8c1b0a73653b1fb4fb6e8d13d0063d25810870d7ddf83e61fffb4de4522edf1", "price_changes": [{"asset_id": "45429668890056162364307617807576387840293305143387096943585488315586563658159", "price": "0.003", "size": "152.04", "side": "BUY", "hash": "ab55e82a41c0bddf5cef50e2ee96847a54140d38", "best_bid": "0.042", "best_ask": "0.073"}, {"asset_id": "63147276005126770880954125047261230986291997315680909701649556277988435329355", "price": "0.997", "size": "152.04", "side": "SELL", "hash": "c9a373a3cdb26cec002e5942cf73091842a4c3e6", "best_bid": "0.927", "best_ask": "0.958"}], "timestamp": "1769384082386", "event_type": "price_change"}}
{"_local_timestamp": "2026-01-25T23:35:35.982887+00:00", "data": {"market": "0xd8c1b0a73653b1fb4fb6e8d13d0063d25810870d7ddf83e61fffb4de4522edf1", "price_changes": [{"asset_id": "63147276005126770880954125047261230986291997315680909701649556277988435329355", "price": "0.262", "size": "0", "side": "BUY", "hash": "a2bccda5cd28a68a1977e63fdd15cbd8ae7eb7e8", "best_bid": "0.927", "best_ask": "0.958"}, {"asset_id": "45429668890056162364307617807576387840293305143387096943585488315586563658159", "price": "0.738", "size": "0", "side": "SELL", "hash": "d9392170cfedd31619ab9e4eb7049d179f0ec98b", "best_bid": "0.042", "best_ask": "0.073"}], "timestamp": "1769384135912", "event_type": "price_change"}}
{"_local_timestamp": "2026-01-25T23:35:36.209336+00:00", "data": {"market": "0xd8c1b0a73653b1fb4fb6e8d13d0063d25810870d7ddf83e61fffb4de4522edf1", "price_changes": [{"asset_id": "63147276005126770880954125047261230986291997315680909701649556277988435329355", "price": "0.262", "size": "5", "side": "BUY", "hash": "7ee0f90af773d005e4e9958c9a388ff3aa229b8b", "best_bid": "0.927", "best_ask": "0.958"}, {"asset_id": "45429668890056162364307617807576387840293305143387096943585488315586563658159", "price": "0.738", "size": "5", "side": "SELL", "hash": "2901fbe3c30530c6e3485a60bc03f04ab2a0e37b", "best_bid": "0.042", "best_ask": "0.073"}], "timestamp": "1769384136137", "event_type": "price_change"}}
{"_local_timestamp": "2026-01-25T23:35:58.025709+00:00", "data": {"market": "0xd8c1b0a73653b1fb4fb6e8d13d0063d25810870d7ddf83e61fffb4de4522edf1", "price_changes": [{"asset_id": "45429668890056162364307617807576387840293305143387096943585488315586563658159", "price": "0.075", "size": "0", "side": "SELL", "hash": "c199add36d87492f345e04fc050cc87a2dc0a3eb", "best_bid": "0.042", "best_ask": "0.073"}, {"asset_id": "63147276005126770880954125047261230986291997315680909701649556277988435329355", "price": "0.925", "size": "0", "side": "BUY", "hash": "ae8612c29146e89569ab43ae8efc2d80e15adadb", "best_bid": "0.927", "best_ask": "0.958"}], "timestamp": "1769384157957", "event_type": "price_change"}}
{"_local_timestamp": "2026-01-25T23:35:58.127622+00:00", "data": {"market": "0xd8c1b0a73653b1fb4fb6e8d13d0063d25810870d7ddf83e61fffb4de4522edf1", "price_changes": [{"asset_id": "45429668890056162364307617807576387840293305143387096943585488315586563658159", "price": "0.073", "size": "47.06", "side": "SELL", "hash": "3b5859662d44f90c17bf6b9e8c79c451fb96af03", "best_bid": "0.042", "best_ask": "0.073"}, {"asset_id": "63147276005126770880954125047261230986291997315680909701649556277988435329355", "price": "0.927", "size": "47.06", "side": "BUY", "hash": "79666b44158c3d987254af8cc992c2499338d10c", "best_bid": "0.927", "best_ask": "0.958"}], "timestamp": "1769384158047", "event_type": "price_change"}}
{"_local_timestamp": "2026-01-25T23:36:58.542105+00:00", "data": {"market": "0xd8c1b0a73653b1fb4fb6e8d13d0063d25810870d7ddf83e61fffb4de4522edf1", "price_changes": [{"asset_id": "45429668890056162364307617807576387840293305143387096943585488315586563658159", "price": "0.003", "size": "144.17", "side": "BUY", "hash": "a51c0096d03cc779c34146ef913f3d1a1ca3fcca", "best_bid": "0.042", "best_ask": "0.073"}, {"asset_id": "63147276005126770880954125047261230986291997315680909701649556277988435329355", "price": "0.997", "size": "144.17", "side": "SELL", "hash": "99b2eba940e19700a404bf074fd98c63b7afeb89", "best_bid": "0.927", "best_ask": "0.958"}], "timestamp": "1769384218274", "event_type": "price_change"}}
{"_local_timestamp": "2026-01-25T23:36:59.057624+00:00", "data": {"market": "0xd8c1b0a73653b1fb4fb6e8d13d0063d25810870d7ddf83e61fffb4de4522edf1", "price_changes": [{"asset_id": "45429668890056162364307617807576387840293305143387096943585488315586563658159", "price": "0.004", "size": "5.9", "side": "BUY", "hash": "07314ad49cf4bd4c2c5b67d6e5d328589ce655db", "best_bid": "0.042", "best_ask": "0.073"}, {"asset_id": "63147276005126770880954125047261230986291997315680909701649556277988435329355", "price": "0.996", "size": "5.9", "side": "SELL", "hash": "8cbda4a10cac884d97d421df2fa3bc00ec9d6c36", "best_bid": "0.927", "best_ask": "0.958"}], "timestamp": "1769384218672", "event_type": "price_change"}}
{"_local_timestamp": "2026-01-25T23:37:04.350611+00:00", "data": {"market": "0xd8c1b0a73653b1fb4fb6e8d13d0063d25810870d7ddf83e61fffb4de4522edf1", "price_changes": [{"asset_id": "45429668890056162364307617807576387840293305143387096943585488315586563658159", "price": "0.111", "size": "0", "side": "SELL", "hash": "5439fcbbb33c6b03b94e27717832044090aa5243", "best_bid": "0.042", "best_ask": "0.073"}, {"asset_id": "63147276005126770880954125047261230986291997315680909701649556277988435329355", "price": "0.889", "size": "0", "side": "BUY", "hash": "bc3428d85dc523e2e8ea4845d3a371445f5e70a0", "best_bid": "0.927", "best_ask": "0.958"}], "timestamp": "1769384224152", "event_type": "price_change"}}
{"_local_timestamp": "2026-01-25T23:37:04.351022+00:00", "data": {"market": "0xd8c1b0a73653b1fb4fb6e8d13d0063d25810870d7ddf83e61fffb4de4522edf1", "price_changes": [{"asset_id": "45429668890056162364307617807576387840293305143387096943585488315586563658159", "price": "0.108", "size": "0", "side": "SELL", "hash": "5439fcbbb33c6b03b94e27717832044090aa5243", "best_bid": "0.042", "best_ask": "0.073"}, {"asset_id": "63147276005126770880954125047261230986291997315680909701649556277988435329355", "price": "0.892", "size": "0", "side": "BUY", "hash": "bc3428d85dc523e2e8ea4845d3a371445f5e70a0", "best_bid": "0.927", "best_ask": "0.958"}], "timestamp": "1769384224152", "event_type": "price_change"}}
{"_local_timestamp": "2026-01-25T23:37:04.357445+00:00", "data": {"market": "0xd8c1b0a73653b1fb4fb6e8d13d0063d25810870d7ddf83e61fffb4de4522edf1", "price_changes": [{"asset_id": "45429668890056162364307617807576387840293305143387096943585488315586563658159", "price": "0.099", "size": "0", "side": "SELL", "hash": "5439fcbbb33c6b03b94e27717832044090aa5243", "best_bid": "0.042", "best_ask": "0.073"}, {"asset_id": "63147276005126770880954125047261230986291997315680909701649556277988435329355", "price": "0.901", "size": "0", "side": "BUY", "hash": "bc3428d85dc523e2e8ea4845d3a371445f5e70a0", "best_bid": "0.927", "best_ask": "0.958"}], "timestamp": "1769384224152", "event_type": "price_change"}}
{"_local_timestamp": "2026-01-25T23:37:04.357784+00:00", "data": {"market": "0xd8c1b0a73653b1fb4fb6e8d13d0063d25810870d7ddf83e61fffb4de4522edf1", "price_changes": [{"asset_id": "45429668890056162364307617807576387840293305143387096943585488315586563658159", "price": "0.102", "size": "0", "side": "SELL", "hash": "5439fcbbb33c6b03b94e27717832044090aa5243", "best_bid": "0.042", "best_ask": "0.073"}, {"asset_id": "63147276005126770880954125047261230986291997315680909701649556277988435329355", "price": "0.898", "size": "0", "side": "BUY", "hash": "bc3428d85dc523e2e8ea4845d3a371445f5e70a0", "best_bid": "0.927", "best_ask": "0.958"}], "timestamp": "1769384224152", "event_type": "price_change"}}
{"_local_timestamp": "2026-01-25T23:37:04.358126+00:00", "data": {"market": "0xd8c1b0a73653b1fb4fb6e8d13d0063d25810870d7ddf83e61fffb4de4522edf1", "price_changes": [{"asset_id": "45429668890056162364307617807576387840293305143387096943585488315586563658159", "price": "0.105", "size": "0", "side": "SELL", "hash": "5439fcbbb33c6b03b94e27717832044090aa5243", "best_bid": "0.042", "best_ask": "0.073"}, {"asset_id": "63147276005126770880954125047261230986291997315680909701649556277988435329355", "price": "0.895", "size": "0", "side": "BUY", "hash": "bc3428d85dc523e2e8ea4845d3a371445f5e70a0", "best_bid": "0.927", "best_ask": "0.958"}], "timestamp": "1769384224152", "event_type": "price_change"}}
{"_local_timestamp": "2026-01-25T23:37:12.326218+00:00", "data": {"market": "0xd8c1b0a73653b1fb4fb6e8d13d0063d25810870d7ddf83e61fffb4de4522edf1", "price_changes": [{"asset_id": "63147276005126770880954125047261230986291997315680909701649556277988435329355", "price": "0.926", "size": "0", "side": "BUY", "hash": "bc3811d96868caf6a53ff4033121949e4cc56420", "best_bid": "0.927", "best_ask": "0.958"}, {"asset_id": "45429668890056162364307617807576387840293305143387096943585488315586563658159", "price": "0.074", "size": "0", "side": "SELL", "hash": "bbcf402f228dbe06051fd0f48743f243c63e478f", "best_bid": "0.042", "best_ask": "0.073"}], "timestamp": "1769384232241", "event_type": "price_change"}}
{"_local_timestamp": "2026-01-25T23:37:12.327320+00:00", "data": {"market": "0xd8c1b0a73653b1fb4fb6e8d13d0063d25810870d7ddf83e61fffb4de4522edf1", "price_changes": [{"asset_id": "63147276005126770880954125047261230986291997315680909701649556277988435329355", "price": "0.713", "size": "0", "side": "BUY", "hash": "bc3811d96868caf6a53ff4033121949e4cc56420", "best_bid": "0.927", "best_ask": "0.958"}, {"asset_id": "45429668890056162364307617807576387840293305143387096943585488315586563658159", "price": "0.287", "size": "0", "side": "SELL", "hash": "bbcf402f228dbe06051fd0f48743f243c63e478f", "best_bid": "0.042", "best_ask": "0.073"}], "timestamp": "1769384232241", "event_type": "price_change"}}
{"_local_timestamp": "2026-01-25T23:37:12.327961+00:00", "data": {"market": "0xd8c1b0a73653b1fb4fb6e8d13d0063d25810870d7ddf83e61fffb4de4522edf1", "price_changes": [{"asset_id": "63147276005126770880954125047261230986291997315680909701649556277988435329355", "price": "0.503", "size": "100", "side": "BUY", "hash": "bc3811d96868caf6a53ff4033121949e4cc56420", "best_bid": "0.927", "best_ask": "0.958"}, {"asset_id": "45429668890056162364307617807576387840293305143387096943585488315586563658159", "price": "0.497", "size": "100", "side": "SELL", "hash": "bbcf402f228dbe06051fd0f48743f243c63e478f", "best_bid": "0.042", "best_ask": "0.073"}], "timestamp": "1769384232241", "event_type": "price_change"}}
{"_local_timestamp": "2026-01-25T23:37:12.722409+00:00", "data": {"market": "0xd8c1b0a73653b1fb4fb6e8d13d0063d25810870d7ddf83e61fffb4de4522edf1", "price_changes": [{"asset_id": "63147276005126770880954125047261230986291997315680909701649556277988435329355", "price": "0.503", "size": "200", "side": "BUY", "hash": "2003e19afd498123bd7577bc613bad325fca167d", "best_bid": "0.927", "best_ask": "0.958"}, {"asset_id": "45429668890056162364307617807576387840293305143387096943585488315586563658159", "price": "0.497", "size": "200", "side": "SELL", "hash": "183887bc5397926a29be5d7b6e143d3eb701fca0", "best_bid": "0.042", "best_ask": "0.073"}], "timestamp": "1769384232648", "event_type": "price_change"}}
{"_local_timestamp": "2026-01-25T23:37:12.757672+00:00", "data": {"market": "0xd8c1b0a73653b1fb4fb6e8d13d0063d25810870d7ddf83e61fffb4de4522edf1", "price_changes": [{"asset_id": "63147276005126770880954125047261230986291997315680909701649556277988435329355", "price": "0.715", "size": "100", "side": "BUY", "hash": "d7bc7f4e9fbf4f4ce36bf05708356fc3d6bd1926", "best_bid": "0.927", "best_ask": "0.958"}, {"asset_id": "45429668890056162364307617807576387840293305143387096943585488315586563658159", "price": "0.285", "size": "100", "side": "SELL", "hash": "cca8f77e0920fe8270f2e495f0cfbae8fe5ab576", "best_bid": "0.042", "best_ask": "0.073"}], "timestamp": "1769384232684", "event_type": "price_change"}}
{"_local_timestamp": "2026-01-25T23:37:23.437293+00:00", "data": {"market": "0xd8c1b0a73653b1fb4fb6e8d13d0063d25810870d7ddf83e61fffb4de4522edf1", "price_changes": [{"asset_id": "63147276005126770880954125047261230986291997315680909701649556277988435329355", "price": "0.262", "size": "0", "side": "BUY", "hash": "d84a40cba2e2bd1d2cf6401402e9cec7e96e8dcc", "best_bid": "0.927", "best_ask": "0.958"}, {"asset_id": "45429668890056162364307617807576387840293305143387096943585488315586563658159", "price": "0.738", "size": "0", "side": "SELL", "hash": "26e80496bfdc7b97b27488c5ed9eae14df2ac7de", "best_bid": "0.042", "best_ask": "0.073"}], "timestamp": "1769384243369", "event_type": "price_change"}}
{"_local_timestamp": "2026-01-25T23:37:23.793090+00:00", "data": {"market": "0xd8c1b0a73653b1fb4fb6e8d13d0063d25810870d7ddf83e61fffb4de4522edf1", "price_changes": [{"asset_id": "63147276005126770880954125047261230986291997315680909701649556277988435329355", "price": "0.262", "size": "5", "side": "BUY", "hash": "e0dfaf93acd91c35af91ea5dcb68a251885574a2", "best_bid": "0.927", "best_ask": "0.958"}, {"asset_id": "45429668890056162364307617807576387840293305143387096943585488315586563658159", "price": "0.738", "size": "5", "side": "SELL", "hash": "4c6636b50905890ee2f6c8d7a7ee92b50a91eb74", "best_bid": "0.042", "best_ask": "0.073"}], "timestamp": "1769384243720", "event_type": "price_change"}}
{"_local_timestamp": "2026-01-25T23:37:24.381477+00:00", "data": {"market": "0xd8c1b0a73653b1fb4fb6e8d13d0063d25810870d7ddf83e61fffb4de4522edf1", "price_changes": [{"asset_id": "63147276005126770880954125047261230986291997315680909701649556277988435329355", "price": "0.262", "size": "0", "side": "BUY", "hash": "30c859b29762d49e6b7cda38178b877a8fd50347", "best_bid": "0.927", "best_ask": "0.958"}, {"asset_id": "45429668890056162364307617807576387840293305143387096943585488315586563658159", "price": "0.738", "size": "0", "side": "SELL", "hash": "e890cfd13acd8ca59a1fba10acee589c01d7fe93", "best_bid": "0.042", "best_ask": "0.073"}], "timestamp": "1769384244312", "event_type": "price_change"}}
{"_local_timestamp": "2026-01-25T23:37:24.774667+00:00", "data": {"market": "0xd8c1b0a73653b1fb4fb6e8d13d0063d25810870d7ddf83e61fffb4de4522edf1", "price_changes": [{"asset_id": "63147276005126770880954125047261230986291997315680909701649556277988435329355", "price": "0.262", "size": "5", "side": "BUY", "hash": "5d63bda9264cad1ed748df870eabfebf2e7247d7", "best_bid": "0.927", "best_ask": "0.958"}, {"asset_id": "45429668890056162364307617807576387840293305143387096943585488315586563658159", "price": "0.738", "size": "5", "side": "SELL", "hash": "8e0d2f0381f4fe604b503da43d57f56149cb11ed", "best_bid": "0.042", "best_ask": "0.073"}], "timestamp": "1769384244700", "event_type": "price_change"}}
{"_local_timestamp": "2026-01-25T23:37:30.863106+00:00", "data": {"market": "0xd8c1b0a73653b1fb4fb6e8d13d0063d25810870d7ddf83e61fffb4de4522edf1", "price_changes": [{"asset_id": "45429668890056162364307617807576387840293305143387096943585488315586563658159", "price": "0.004", "size": "0", "side": "BUY", "hash": "ead6ffa75a25a6dcec0f7a5670698a017bb076ba", "best_bid": "0.042", "best_ask": "0.073"}, {"asset_id": "63147276005126770880954125047261230986291997315680909701649556277988435329355", "price": "0.996", "size": "0", "side": "SELL", "hash": "676eebc97e306b0ecc226ce432e869f10867df7e", "best_bid": "0.927", "best_ask": "0.958"}], "timestamp": "1769384250786", "event_type": "price_change"}}
{"_local_timestamp": "2026-01-25T23:37:31.132918+00:00", "data": {"market": "0xd8c1b0a73653b1fb4fb6e8d13d0063d25810870d7ddf83e61fffb4de4522edf1", "price_changes": [{"asset_id": "45429668890056162364307617807576387840293305143387096943585488315586563658159", "price": "0.003", "size": "152.04", "side": "BUY", "hash": "ef1ed6add573577476e1e8d9b8bf8b7aa9780bb6", "best_bid": "0.042", "best_ask": "0.073"}, {"asset_id": "63147276005126770880954125047261230986291997315680909701649556277988435329355", "price": "0.997", "size": "152.04", "side": "SELL", "hash": "b9b0868b72c963405dac23b33b94a802ef18c265", "best_bid": "0.927", "best_ask": "0.958"}], "timestamp": "1769384251043", "event_type": "price_change"}}
{"_local_timestamp": "2026-01-25T23:37:39.406098+00:00", "data": {"market": "0xd8c1b0a73653b1fb4fb6e8d13d0063d25810870d7ddf83e61fffb4de4522edf1", "price_changes": [{"asset_id": "45429668890056162364307617807576387840293305143387096943585488315586563658159", "price": "0.003", "size": "144.17", "side": "BUY", "hash": "464de724b21ca912d8241ca8334624da481d0940", "best_bid": "0.042", "best_ask": "0.073"}, {"asset_id": "63147276005126770880954125047261230986291997315680909701649556277988435329355", "price": "0.997", "size": "144.17", "side": "SELL", "hash": "b591be8b73cc35d5cf7ebdf168814771e859facf", "best_bid": "0.927", "best_ask": "0.958"}], "timestamp": "1769384259330", "event_type": "price_change"}}
{"_local_timestamp": "2026-01-25T23:37:39.837070+00:00", "data": {"market": "0xd8c1b0a73653b1fb4fb6e8d13d0063d25810870d7ddf83e61fffb4de4522edf1", "price_changes": [{"asset_id": "45429668890056162364307617807576387840293305143387096943585488315586563658159", "price": "0.003", "size": "152.04", "side": "BUY", "hash": "b8bda825277eb2868cd4121349f2faeaccf5cbe9", "best_bid": "0.042", "best_ask": "0.073"}, {"asset_id": "63147276005126770880954125047261230986291997315680909701649556277988435329355", "price": "0.997", "size": "152.04", "side": "SELL", "hash": "fcca3d8631f84398bcbf1836f047f2da0edc8d0d", "best_bid": "0.927", "best_ask": "0.958"}], "timestamp": "1769384259745", "event_type": "price_change"}}
{"_local_timestamp": "2026-01-25T23:37:40.903563+00:00", "data": {"market": "0xd8c1b0a73653b1fb4fb6e8d13d0063d25810870d7ddf83e61fffb4de4522edf1", "price_changes": [{"asset_id": "45429668890056162364307617807576387840293305143387096943585488315586563658159", "price": "0.003", "size": "144.17", "side": "BUY", "hash": "a2ad750987866873e9b2375ebd32e2ad2a07d134", "best_bid": "0.042", "best_ask": "0.073"}, {"asset_id": "63147276005126770880954125047261230986291997315680909701649556277988435329355", "price": "0.997", "size": "144.17", "side": "SELL", "hash": "1dab3923c9c9207af5fb4e71074e360f21036fbf", "best_bid": "0.927", "best_ask": "0.958"}], "timestamp": "1769384260790", "event_type": "price_change"}}
{"_local_timestamp": "2026-01-25T23:37:41.356763+00:00", "data": {"market": "0xd8c1b0a73653b1fb4fb6e8d13d0063d25810870d7ddf83e61fffb4de4522edf1", "price_changes": [{"asset_id": "45429668890056162364307617807576387840293305143387096943585488315586563658159", "price": "0.003", "size": "152.04", "side": "BUY", "hash": "9b5234d36dacf71835fbcd0fa8f096c75a1bb205", "best_bid": "0.042", "best_ask": "0.073"}, {"asset_id": "63147276005126770880954125047261230986291997315680909701649556277988435329355", "price": "0.997", "size": "152.04", "side": "SELL", "hash": "ca006dd055162d990b2a4c127fb051fa4664c004", "best_bid": "0.927", "best_ask": "0.958"}], "timestamp": "1769384261236", "event_type": "price_change"}}
{"_local_timestamp": "2026-01-25T23:37:42.437883+00:00", "data": {"market": "0xd8c1b0a73653b1fb4fb6e8d13d0063d25810870d7ddf83e61fffb4de4522edf1", "price_changes": [{"asset_id": "45429668890056162364307617807576387840293305143387096943585488315586563658159", "price": "0.003", "size": "144.17", "side": "BUY", "hash": "6711f85865643fe4ef5227d1d34661a5b1b21121", "best_bid": "0.042", "best_ask": "0.073"}, {"asset_id": "63147276005126770880954125047261230986291997315680909701649556277988435329355", "price": "0.997", "size": "144.17", "side": "SELL", "hash": "26519978890f9d6d1bb41a69a9038455c5771d36", "best_bid": "0.927", "best_ask": "0.958"}], "timestamp": "1769384262333", "event_type": "price_change"}}
{"_local_timestamp": "2026-01-25T23:37:42.880807+00:00", "data": {"market": "0xd8c1b0a73653b1fb4fb6e8d13d0063d25810870d7ddf83e61fffb4de4522edf1", "price_changes": [{"asset_id": "45429668890056162364307617807576387840293305143387096943585488315586563658159", "price": "0.003", "size": "152.04", "side": "BUY", "hash": "982e809a0c31fdfb5bf93ee49cea595503f6e57d", "best_bid": "0.042", "best_ask": "0.073"}, {"asset_id": "63147276005126770880954125047261230986291997315680909701649556277988435329355", "price": "0.997", "size": "152.04", "side": "SELL", "hash": "0646cd51ef2e790020a94c5938b0146a9d376ee2", "best_bid": "0.927", "best_ask": "0.958"}], "timestamp": "1769384262772", "event_type": "price_change"}}
{"_local_timestamp": "2026-01-25T23:37:44.682442+00:00", "data": {"market": "0xd8c1b0a73653b1fb4fb6e8d13d0063d25810870d7ddf83e61fffb4de4522edf1", "price_changes": [{"asset_id": "45429668890056162364307617807576387840293305143387096943585488315586563658159", "price": "0.003", "size": "144.17", "side": "BUY", "hash": "5f0432b68c6453d4b9a384bdea64d052b8936b87", "best_bid": "0.042", "best_ask": "0.073"}, {"asset_id": "63147276005126770880954125047261230986291997315680909701649556277988435329355", "price": "0.997", "size": "144.17", "side": "SELL", "hash": "537868b9955be1fc55cbe06b7eb6a58fb3e8cd21", "best_bid": "0.927", "best_ask": "0.958"}], "timestamp": "1769384264576", "event_type": "price_change"}}
{"_local_timestamp": "2026-01-25T23:37:45.043455+00:00", "data": {"market": "0xd8c1b0a73653b1fb4fb6e8d13d0063d25810870d7ddf83e61fffb4de4522edf1", "price_changes": [{"asset_id": "45429668890056162364307617807576387840293305143387096943585488315586563658159", "price": "0.003", "size": "152.04", "side": "BUY", "hash": "37776267f27b47fa337a22df8fd2485e6addad39", "best_bid": "0.042", "best_ask": "0.073"}, {"asset_id": "63147276005126770880954125047261230986291997315680909701649556277988435329355", "price": "0.997", "size": "152.04", "side": "SELL", "hash": "fcd3a79227947eb7bbc25d0f4e4df635d67b78c9", "best_bid": "0.927", "best_ask": "0.958"}], "timestamp": "1769384264936", "event_type": "price_change"}}
{"_local_timestamp": "2026-01-25T23:37:46.222139+00:00", "data": {"market": "0xd8c1b0a73653b1fb4fb6e8d13d0063d25810870d7ddf83e61fffb4de4522edf1", "price_changes": [{"asset_id": "45429668890056162364307617807576387840293305143387096943585488315586563658159", "price": "0.003", "size": "144.17", "side": "BUY", "hash": "bbef08b7cccae4ec983878c55bd8b647069a9d28", "best_bid": "0.042", "best_ask": "0.073"}, {"asset_id": "63147276005126770880954125047261230986291997315680909701649556277988435329355", "price": "0.997", "size": "144.17", "side": "SELL", "hash": "4da20288e2fb5e210b0d749b805a5c6fa1cff252", "best_bid": "0.927", "best_ask": "0.958"}], "timestamp": "1769384266080", "event_type": "price_change"}}
{"_local_timestamp": "2026-01-25T23:37:46.562078+00:00", "data": {"market": "0xd8c1b0a73653b1fb4fb6e8d13d0063d25810870d7ddf83e61fffb4de4522edf1", "price_changes": [{"asset_id": "45429668890056162364307617807576387840293305143387096943585488315586563658159", "price": "0.003", "size": "152.04", "side": "BUY", "hash": "58e9c3febc40ec3a3fc97c7a23486944117ac5cb", "best_bid": "0.042", "best_ask": "0.073"}, {"asset_id": "63147276005126770880954125047261230986291997315680909701649556277988435329355", "price": "0.997", "size": "152.04", "side": "SELL", "hash": "d1fa5bcdbd9cc7f6a264dac615a226065b97419e", "best_bid": "0.927", "best_ask": "0.958"}], "timestamp": "1769384266416", "event_type": "price_change"}}
{"_local_timestamp": "2026-01-25T23:37:47.038446+00:00", "data": {"market": "0xd8c1b0a73653b1fb4fb6e8d13d0063d25810870d7ddf83e61fffb4de4522edf1", "price_changes": [{"asset_id": "45429668890056162364307617807576387840293305143387096943585488315586563658159", "price": "0.105", "size": "12", "side": "SELL", "hash": "e6bd4305114842919dd3e62b969b7a347d24dabc", "best_bid": "0.042", "best_ask": "0.073"}, {"asset_id": "63147276005126770880954125047261230986291997315680909701649556277988435329355", "price": "0.895", "size": "12", "side": "BUY", "hash": "95a4d9a3176241b7949abf616464c11efdf6b5a0", "best_bid": "0.927", "best_ask": "0.958"}], "timestamp": "1769384266922", "event_type": "price_change"}}
{"_local_timestamp": "2026-01-25T23:37:47.039015+00:00", "data": {"market": "0xd8c1b0a73653b1fb4fb6e8d13d0063d25810870d7ddf83e61fffb4de4522edf1", "price_changes": [{"asset_id": "45429668890056162364307617807576387840293305143387096943585488315586563658159", "price": "0.111", "size": "12", "side": "SELL", "hash": "3b2f13c8748efe3fe1b20553032c265fe10c4900", "best_bid": "0.042", "best_ask": "0.073"}, {"asset_id": "63147276005126770880954125047261230986291997315680909701649556277988435329355", "price": "0.889", "size": "12", "side": "BUY", "hash": "07ede4599cf400b5b635be262d7644dc023bd995", "best_bid": "0.927", "best_ask": "0.958"}], "timestamp": "1769384266923", "event_type": "price_change"}}
{"_local_timestamp": "2026-01-25T23:37:47.039480+00:00", "data": {"market": "0xd8c1b0a73653b1fb4fb6e8d13d0063d25810870d7ddf83e61fffb4de4522edf1", "price_changes": [{"asset_id": "45429668890056162364307617807576387840293305143387096943585488315586563658159", "price": "0.117", "size": "12", "side": "SELL", "hash": "6bc5e70d7cb27f89cb0d1f0fab7c280b21199466", "best_bid": "0.042", "best_ask": "0.073"}, {"asset_id": "63147276005126770880954125047261230986291997315680909701649556277988435329355", "price": "0.883", "size": "12", "side": "BUY", "hash": "349950681c7da2fb6c876c105237216c6d301ab5", "best_bid": "0.927", "best_ask": "0.958"}], "timestamp": "1769384266923", "event_type": "price_change"}}
{"_local_timestamp": "2026-01-25T23:37:47.039847+00:00", "data": {"market": "0xd8c1b0a73653b1fb4fb6e8d13d0063d25810870d7ddf83e61fffb4de4522edf1", "price_changes": [{"asset_id": "45429668890056162364307617807576387840293305143387096943585488315586563658159", "price": "0.114", "size": "12", "side": "SELL", "hash": "f278336b3bb6d5c1fe83fad30125ca994f36eaec", "best_bid": "0.042", "best_ask": "0.073"}, {"asset_id": "63147276005126770880954125047261230986291997315680909701649556277988435329355", "price": "0.886", "size": "12", "side": "BUY", "hash": "5e62530ecd90c4ba29b03374e9bb0d85f6babd10", "best_bid": "0.927", "best_ask": "0.958"}], "timestamp": "1769384266924", "event_type": "price_change"}}
{"_local_timestamp": "2026-01-25T23:37:47.040221+00:00", "data": {"market": "0xd8c1b0a73653b1fb4fb6e8d13d0063d25810870d7ddf83e61fffb4de4522edf1", "price_changes": [{"asset_id": "45429668890056162364307617807576387840293305143387096943585488315586563658159", "price": "0.108", "size": "12", "side": "SELL", "hash": "6deb9b9e7bfc2b40117496e4995dd4247c85e775", "best_bid": "0.042", "best_ask": "0.073"}, {"asset_id": "63147276005126770880954125047261230986291997315680909701649556277988435329355", "price": "0.892", "size": "12", "side": "BUY", "hash": "d1d1e76c794c95fff6b2917a63493d012aa69087", "best_bid": "0.927", "best_ask": "0.958"}], "timestamp": "1769384266924", "event_type": "price_change"}}
{"_local_timestamp": "2026-01-25T23:37:48.310232+00:00", "data": {"market": "0xd8c1b0a73653b1fb4fb6e8d13d0063d25810870d7ddf83e61fffb4de4522edf1", "price_changes": [{"asset_id": "45429668890056162364307617807576387840293305143387096943585488315586563658159", "price": "0.003", "size": "144.17", "side": "BUY", "hash": "cc7aaf330936a6893e3433723536531b3493ed72", "best_bid": "0.042", "best_ask": "0.073"}, {"asset_id": "63147276005126770880954125047261230986291997315680909701649556277988435329355", "price": "0.997", "size": "144.17", "side": "SELL", "hash": "cbfe9bf73cc7851085027963b06e977c167cedb2", "best_bid": "0.927", "best_ask": "0.958"}], "timestamp": "1769384268194", "event_type": "price_change"}}
{"_local_timestamp": "2026-01-25T23:37:48.627226+00:00", "data": {"market": "0xd8c1b0a73653b1fb4fb6e8d13d0063d25810870d7ddf83e61fffb4de4522edf1", "price_changes": [{"asset_id": "45429668890056162364307617807576387840293305143387096943585488315586563658159", "price": "0.003", "size": "152.04", "side": "BUY", "hash": "efae947e515e061050f6fb1066a4396252446c0b", "best_bid": "0.042", "best_ask": "0.073"}, {"asset_id": "63147276005126770880954125047261230986291997315680909701649556277988435329355", "price": "0.997", "size": "152.04", "side": "SELL", "hash": "0e6abbe2c013db7b9e31c193b7557d3075ca7d1d", "best_bid": "0.927", "best_ask": "0.958"}], "timestamp": "1769384268526", "event_type": "price_change"}}
{"_local_timestamp": "2026-01-25T23:37:49.635342+00:00", "data": {"market": "0xd8c1b0a73653b1fb4fb6e8d13d0063d25810870d7ddf83e61fffb4de4522edf1", "price_changes": [{"asset_id": "45429668890056162364307617807576387840293305143387096943585488315586563658159", "price": "0.003", "size": "144.17", "side": "BUY", "hash": "c70a58b0fe28c6924a3e0d853e88b12d2634f137", "best_bid": "0.042", "best_ask": "0.073"}, {"asset_id": "63147276005126770880954125047261230986291997315680909701649556277988435329355", "price": "0.997", "size": "144.17", "side": "SELL", "hash": "8ed86eaa14c326ec42cafc7fefe9a128254a10fb", "best_bid": "0.927", "best_ask": "0.958"}], "timestamp": "1769384269516", "event_type": "price_change"}}
{"_local_timestamp": "2026-01-25T23:37:49.954973+00:00", "data": {"market": "0xd8c1b0a73653b1fb4fb6e8d13d0063d25810870d7ddf83e61fffb4de4522edf1", "price_changes": [{"asset_id": "45429668890056162364307617807576387840293305143387096943585488315586563658159", "price": "0.004", "size": "5.9", "side": "BUY", "hash": "026d76b592ba787099334a1927735a3d12978aeb", "best_bid": "0.042", "best_ask": "0.073"}, {"asset_id": "63147276005126770880954125047261230986291997315680909701649556277988435329355", "price": "0.996", "size": "5.9", "side": "SELL", "hash": "b694bfe8fa394d5fee99a6b2485e45a257a812fd", "best_bid": "0.927", "best_ask": "0.958"}], "timestamp": "1769384269833", "event_type": "price_change"}}
{"_local_timestamp": "2026-01-25T23:37:51.491796+00:00", "data": {"market": "0xd8c1b0a73653b1fb4fb6e8d13d0063d25810870d7ddf83e61fffb4de4522edf1", "price_changes": [{"asset_id": "45429668890056162364307617807576387840293305143387096943585488315586563658159", "price": "0.004", "size": "0", "side": "BUY", "hash": "ac8183bbdd5f78f00ed47ebf400d7085a854c40f", "best_bid": "0.042", "best_ask": "0.073"}, {"asset_id": "63147276005126770880954125047261230986291997315680909701649556277988435329355", "price": "0.996", "size": "0", "side": "SELL", "hash": "df051e2f3764479df463935b0046b68de4d8b6d4", "best_bid": "0.927", "best_ask": "0.958"}], "timestamp": "1769384271160", "event_type": "price_change"}}
{"_local_timestamp": "2026-01-25T23:37:51.824462+00:00", "data": {"market": "0xd8c1b0a73653b1fb4fb6e8d13d0063d25810870d7ddf83e61fffb4de4522edf1", "price_changes": [{"asset_id": "45429668890056162364307617807576387840293305143387096943585488315586563658159", "price": "0.003", "size": "152.04", "side": "BUY", "hash": "12e287426500d0e9bcf17b6b684e3053b1605ca5", "best_bid": "0.042", "best_ask": "0.073"}, {"asset_id": "63147276005126770880954125047261230986291997315680909701649556277988435329355", "price": "0.997", "size": "152.04", "side": "SELL", "hash": "03c00c79ab18dcb7b0d12d682dd02b6b2cdd36ce", "best_bid": "0.927", "best_ask": "0.958"}], "timestamp": "1769384271532", "event_type": "price_change"}}
{"_local_timestamp": "2026-01-25T23:37:53.014674+00:00", "data": {"market": "0xd8c1b0a73653b1fb4fb6e8d13d0063d25810870d7ddf83e61fffb4de4522edf1", "price_changes": [{"asset_id": "45429668890056162364307617807576387840293305143387096943585488315586563658159", "price": "0.003", "size": "144.17", "side": "BUY", "hash": "250aa830e03a1b327b6cbb0596ead4f81f9541f3", "best_bid": "0.042", "best_ask": "0.073"}, {"asset_id": "63147276005126770880954125047261230986291997315680909701649556277988435329355", "price": "0.997", "size": "144.17", "side": "SELL", "hash": "8172ffae7aa03be55b17768586792f50855f4e60", "best_bid": "0.927", "best_ask": "0.958"}], "timestamp": "1769384272835", "event_type": "price_change"}}
{"_local_timestamp": "2026-01-25T23:37:53.291826+00:00", "data": {"market": "0xd8c1b0a73653b1fb4fb6e8d13d0063d25810870d7ddf83e61fffb4de4522edf1", "price_changes": [{"asset_id": "45429668890056162364307617807576387840293305143387096943585488315586563658159", "price": "0.003", "size": "152.04", "side": "BUY", "hash": "1d1c87fd44b577a03f6ae4c362ddb6ebb7cba1d0", "best_bid": "0.042", "best_ask": "0.073"}, {"asset_id": "63147276005126770880954125047261230986291997315680909701649556277988435329355", "price": "0.997", "size": "152.04", "side": "SELL", "hash": "5dc3e5eae6326d8db64a932f20d180f95993d7c8", "best_bid": "0.927", "best_ask": "0.958"}], "timestamp": "1769384273138", "event_type": "price_change"}}
{"_local_timestamp": "2026-01-25T23:37:55.067072+00:00", "data": {"market": "0xd8c1b0a73653b1fb4fb6e8d13d0063d25810870d7ddf83e61fffb4de4522edf1", "price_changes": [{"asset_id": "45429668890056162364307617807576387840293305143387096943585488315586563658159", "price": "0.003", "size": "144.17", "side": "BUY", "hash": "775f8a6b3a70b6e6fd2269e8797675b58380bd6b", "best_bid": "0.042", "best_ask": "0.073"}, {"asset_id": "63147276005126770880954125047261230986291997315680909701649556277988435329355", "price": "0.997", "size": "144.17", "side": "SELL", "hash": "93e7894739da482290e3922b7531c3576155dfa0", "best_bid": "0.927", "best_ask": "0.958"}], "timestamp": "1769384274931", "event_type": "price_change"}}
{"_local_timestamp": "2026-01-25T23:37:55.298340+00:00", "data": {"market": "0xd8c1b0a73653b1fb4fb6e8d13d0063d25810870d7ddf83e61fffb4de4522edf1", "price_changes": [{"asset_id": "45429668890056162364307617807576387840293305143387096943585488315586563658159", "price": "0.003", "size": "152.04", "side": "BUY", "hash": "576bf90a79032a9e5e9c163f8a4de0ace97c5a60", "best_bid": "0.042", "best_ask": "0.073"}, {"asset_id": "63147276005126770880954125047261230986291997315680909701649556277988435329355", "price": "0.997", "size": "152.04", "side": "SELL", "hash": "9c381eaabacd884027364424217e3af274d1854d", "best_bid": "0.927", "best_ask": "0.958"}], "timestamp": "1769384275172", "event_type": "price_change"}}
