{"_local_timestamp": "2026-01-25T23:33:25.304450+00:00", "data": [{"market": "0xd8c1b0a73653b1fb4fb6e8d13d0063d25810870d7ddf83e61fffb4de4522edf1", "asset_id": "45429668890056162364307617807576387840293305143387096943585488315586563658159", "timestamp": "1769383945015", "hash": "826f7b0bf3436fe953e4694b96f235368d803514", "bids": [{"price": "0.001", "size": "10564.99"}, {"price": "0.002", "size": "261.79"}, {"price": "0.003", "size": "152.04"}, {"price": "0.02", "size": "975.92"}, {"price": "0.021", "size": "442.5"}, {"price": "0.022", "size": "292.87"}, {"price": "0.023", "size": "9.01"}, {"price": "0.032", "size": "51.75"}, {"price": "0.033", "size": "6.55"}, {"price": "0.041", "size": "52.87"}, {"price": "0.042", "size": "47.08"}], "asks": [{"price": "0.999", "size": "4896.2"}, {"price": "0.998", "size": "1250"}, {"price": "0.997", "size": "1172.7"}, {"price": "0.994", "size": "83"}, {"price": "0.993", "size": "9.61"}, {"price": "0.99", "size": "5300"}, {"price": "0.98", "size": "2200"}, {"price": "0.979", "size": "11.43"}, {"price": "0.95", "size": "30"}, {"price": "0.949", "size": "39"}, {"price": "0.91", "size": "400"}, {"price": "0.909", "size": "7.27"}, {"price": "0.87", "size": "325"}, {"price": "0.83", "size": "300"}, {"price": "0.819", "size": "24.07"}, {"price": "0.79", "size": "600"}, {"price": "0.738", "size": "5"}, {"price": "0.7", "size": "350"}, {"price": "0.66", "size": "125"}, {"price": "0.533", "size": "3587"}, {"price": "0.5", "size": "200"}, {"price": "0.498", "size": "500"}, {"price": "0.497", "size": "166.66"}, {"price": "0.496", "size": "5"}, {"price": "0.33", "size": "100"}, {"price": "0.287", "size": "66.66"}, {"price": "0.25", "size": "30"}, {"price": "0.18", "size": "40"}, {"price": "0.111", "size": "12"}, {"price": "0.108", "size": "12"}, {"price": "0.105", "size": "12"}, {"price": "0.102", "size": "12"}, {"price": "0.099", "size": "12"}, {"price": "0.076", "size": "66.66"}, {"price": "0.075", "size": "47.06"}], "event_type": "book", "last_trade_price": "0.824"}, {"market": "0xd8c1b0a73653b1fb4fb6e8d13d0063d25810870d7ddf83e61fffb4de4522edf1", "asset_id": "63147276005126770880954125047261230986291997315680909701649556277988435329355", "timestamp": "1769383945015", "hash": "1d8e3c998d3a58527856134a66a2beabee0ecd24", "bids": [{"price": "0.001", "size": "4896.2"}, {"price": "0.002", "size": "1250"}, {"price": "0.003", "size": "1172.7"}, {"price": "0.006", "size": "83"}, {"price": "0.007", "size": "9.61"}, {"price": "0.01", "size": "5300"}, {"price": "0.02", "size": "2200"}, {"price": "0.021", "size": "11.43"}, {"price": "0.05", "size": "30"}, {"price": "0.051", "size": "39"}, {"price": "0.09", "size": "400"}, {"price": "0.091", "size": "7.27"}, {"price": "0.13", "size": "325"}, {"price": "0.17", "size": "300"}, {"price": "0.181", "size": "24.07"}, {"price": "0.21", "size": "600"}, {"price": "0.262", "size": "5"}, {"price": "0.3", "size": "350"}, {"price": "0.34", "size": "125"}, {"price": "0.467", "size": "3587"}, {"price": "0.5", "size": "200"}, {"price": "0.502", "size": "500"}, {"price": "0.503", "size": "166.66"}, {"price": "0.504", "size": "5"}, {"price": "0.67", "size": "100"}, {"price": "0.713", "size": "66.66"}, {"price": "0.75", "size": "30"}, {"price": "0.82", "size": "40"}, {"price": "0.889", "size": "12"}, {"price": "0.892", "size": "12"}, {"price": "0.895", "size": "12"}, {"price": "0.898", "size": "12"}, {"price": "0.901", "size": "12"}, {"price": "0.924", "size": "66.66"}, {"price": "0.925", "size": "47.06"}], "asks": [{"price": "0.999", "size": "10564.99"}, {"price": "0.998", "size": "261.79"}, {"price": "0.997", "size": "152.04"}, {"price": "0.98", "size": "975.92"}, {"price": "0.979", "size": "442.5"}, {"price": "0.978", "size": "292.87"}, {"price": "0.977", "size": "9.01"}, {"price": "0.968", "size": "51.75"}, {"price": "0.967", "size": "6.55"}, {"price": "0.959", "size": "52.87"}, {"price": "0.958", "size": "47.08"}], "event_type": "book", "last_trade_price": "0.824"}]}
{"_local_timestamp": "2026-01-25T23:33:30.019763+00:00", "data": {"market": "0xd8c1b0a73653b1fb4fb6e8d13d0063d25810870d7ddf83e61fffb4de4522edf1", "price_changes": [{"asset_id": "63147276005126770880954125047261230986291997315680909701649556277988435329355", "price": "0.504", "size": "0", "side": "BUY", "hash": "065556f067ac706cb92648233b34e430143c52dc", "best_bid": "0.925", "best_ask": "0.958"}, {"asset_id": "45429668890056162364307617807576387840293305143387096943585488315586563658159", "price": "0.496", "size": "0", "side": "SELL", "hash": "7ee0f1a44b636a171d5abb7b3b1935b06a639af2", "best_bid": "0.042", "best_ask": "0.075"}], "timestamp": "1769384009940", "event_type": "price_change"}}
{"_local_timestamp": "2026-01-25T23:33:30.059844+00:00", "data": {"market": "0xd8c1b0a73653b1fb4fb6e8d13d0063d25810870d7ddf83e61fffb4de4522edf1", "price_changes": [{"asset_id": "63147276005126770880954125047261230986291997315680909701649556277988435329355", "price": "0.504", "size": "5", "side": "BUY", "hash": "c16e80dd28f4092e906fa5f9bb49476ab24453a9", "best_bid": "0.925", "best_ask": "0.958"}, {"asset_id": "45429668890056162364307617807576387840293305143387096943585488315586563658159", "price": "0.496", "size": "5", "side": "SELL", "hash": "79a6fa7d27e2911ddab2deca66007346c9585830", "best_bid": "0.042", "best_ask": "0.075"}], "timestamp": "1769384009990", "event_type": "price_change"}}
{"_local_timestamp": "2026-01-25T23:34:28.939380+00:00", "data": {"market": "0xd8c1b0a73653b1fb4fb6e8d13d0063d25810870d7ddf83e61fffb4de4522edf1", "price_changes": [{"asset_id": "63147276005126770880954125047261230986291997315680909701649556277988435329355", "price": "0.924", "size": "0", "side": "BUY", "hash": "5fa46bdb26323e3788983651f8ea1703498304c1", "best_bid": "0.925", "best_ask": "0.958"}, {"asset_id": "45429668890056162364307617807576387840293305143387096943585488315586563658159", "price": "0.076", "size": "0", "side": "SELL", "hash": "ac8632bd105c37a5530723f43fe83f62fbcec579", "best_bid": "0.042", "best_ask": "0.075"}], "timestamp": "1769384068516", "event_type": "price_change"}}
{"_local_timestamp": "2026-01-25T23:34:29.195157+00:00", "data": {"market": "0xd8c1b0a73653b1fb4fb6e8d13d0063d25810870d7ddf83e61fffb4de4522edf1", "price_changes": [{"asset_id": "63147276005126770880954125047261230986291997315680909701649556277988435329355", "price": "0.926", "size": "66.66", "side": "BUY", "hash": "69cd8d417a3569b6aa0a3ec602c6e85e2650aa04", "best_bid": "0.926", "best_ask": "0.958"}, {"asset_id": "45429668890056162364307617807576387840293305143387096943585488315586563658159", "price": "0.074", "size": "66.66", "side": "SELL", "hash": "a256c414adc6dfd65a7664c069273c4c5d52b02a", "best_bid": "0.042", "best_ask": "0.074"}], "timestamp": "1769384069071", "event_type": "price_change"}}
{"_local_timestamp": "2026-01-25T23:34:31.114762+00:00", "data": {"market": "0xd8c1b0a73653b1fb4fb6e8d13d0063d25810870d7ddf83e61fffb4de4522edf1", "price_changes": [{"asset_id": "45429668890056162364307617807576387840293305143387096943585488315586563658159", "price": "0.075", "size": "22.07", "side": "SELL", "hash": "862de93e21680cfe9039de9e17d4f71b38e13b0b", "best_bid": "0.042", "best_ask": "0.074"}, {"asset_id": "63147276005126770880954125047261230986291997315680909701649556277988435329355", "price": "0.925", "size": "22.07", "side": "BUY", "hash": "08bba97a9cc7fecb5c0cca27f9de89c91c07117d", "best_bid": "0.926", "best_ask": "0.958"}], "timestamp": "1769384071040", "event_type": "price_change"}}
{"_local_timestamp": "2026-01-25T23:34:41.323612+00:00", "data": {"market": "0xd8c1b0a73653b1fb4fb6e8d13d0063d25810870d7ddf83e61fffb4de4522edf1", "price_changes": [{"asset_id": "45429668890056162364307617807576387840293305143387096943585488315586563658159", "price": "0.073", "size": "24.99", "side": "SELL", "hash": "4ed9506d605d6436387035e557787a4305d348ed", "best_bid": "0.042", "best_ask": "0.073"}, {"asset_id": "63147276005126770880954125047261230986291997315680909701649556277988435329355", "price": "0.927", "size": "24.99", "side": "BUY", "hash": "65bf0386f90b68fbe904d42f9568d86e1fa9c110", "best_bid": "0.927", "best_ask": "0.958"}], "timestamp": "1769384081250", "event_type": "price_change"}}
{"_local_timestamp": "2026-01-25T23:34:42.177353+00:00", "data": {"market": "0xd8c1b0a73653b1fb4fb6e8d13d0063d25810870d7ddf83e61fffb4de4522edf1", "price_changes": [{"asset_id": "45429668890056162364307617807576387840293305143387096943585488315586563658159", "price": "0.003", "size": "144.17", "side": "BUY", "hash": "bd28165ed9b4b78ccbafbe93d7b0d3f0abc21285", "best_bid": "0.042", "best_ask": "0.073"}, {"asset_id": "63147276005126770880954125047261230986291997315680909701649556277988435329355", "price": "0.997", "size": "144.17", "side": "SELL", "hash": "8ab1b2e67df369957ce95520f91181fe02184c11", "best_bid": "0.927", "best_ask": "0.958"}], "timestamp": "1769384082103", "event_type": "price_change"}}
{"_local_timestamp": "2026-01-25T23:34:42.453185+00:00", "data": {"market": "0xd8c1b0a73653b1fb4fb6e8d13d0063d25810870d7ddf83e61fffb4de4522edf1", "price_changes": [{"asset_id": "45429668890056162364307617807576387840293305143387096943585488315586563658159", "price": "0.003", "size": "152.04", "side": "BUY", "hash": "ab55e82a41c0bddf5cef50e2ee96847a54140d38", "best_bid": "0.042", "best_ask": "0.073"}, {"asset_id": "63147276005126770880954125047261230986291997315680909701649556277988435329355", "price": "0.997", "size": "152.04", "side": "SELL", "hash": "c9a373a3cdb26cec002e5942cf73091842a4c3e6", "best_bid": "0.927", "best_ask": "0.958"}], "timestamp": "1769384082386", "event_type": "price_change"}}
{"_local_timestamp": "2026-01-25T23:35:35.982887+00:00", "data": {"market": "0xd8c1b0a73653b1fb4fb6e8d13d0063d25810870d7ddf83e61fffb4de4522edf1", "price_changes": [{"asset_id": "63147276005126770880954125047261230986291997315680909701649556277988435329355", "price": "0.262", "size": "0", "side": "BUY", "hash": "a2bccda5cd28a68a1977e63fdd15cbd8ae7eb7e8", "best_bid": "0.927", "best_ask": "0.958"}, {"asset_id": "45429668890056162364307617807576387840293305143387096943585488315586563658159", "price": "0.738", "size": "0", "side": "SELL", "hash": "d9392170cfedd31619ab9e4eb7049d179f0ec98b", "best_bid": "0.042", "best_ask": "0.073"}], "timestamp": "1769384135912", "event_type": "price_change"}}
{"_local_timestamp": "2026-01-25T23:35:36.209336+00:00", "data": {"market": "0xd8c1b0a73653b1fb4fb6e8d13d0063d25810870d7ddf83e61fffb4de4522edf1", "price_changes": [{"asset_id": "63147276005126770880954125047261230986291997315680909701649556277988435329355", "price": "0.262", "size": "5", "side": "BUY", "hash": "7ee0f90af773d005e4e9958c9a388ff3aa229b8b", "best_bid": "0.927", "best_ask": "0.958"}, {"asset_id": "45429668890056162364307617807576387840293305143387096943585488315586563658159", "price": "0.738", "size": "5", "side": "SELL", "hash": "2901fbe3c30530c6e3485a60bc03f04ab2a0e37b", "best_bid": "0.042", "best_ask": "0.073"}], "timestamp": "1769384136137", "event_type": "price_change"}}
{"_local_timestamp": "2026-01-25T23:35:58.025709+00:00", "data": {"market": "0xd8c1b0a73653b1fb4fb6e8d13d0063d25810870d7ddf83e61fffb4de4522edf1", "price_changes": [{"asset_id": "45429668890056162364307617807576387840293305143387096943585488315586563658159", "price": "0.075", "size": "0", "side": "SELL", "hash": "c199add36d87492f345e04fc050cc87a2dc0a3eb", "best_bid": "0.042", "best_ask": "0.073"}, {"asset_id": "63147276005126770880954125047261230986291997315680909701649556277988435329355", "price": "0.925", "size": "0", "side": "BUY", "hash": "ae8612c29146e89569ab43ae8efc2d80e15adadb", "best_bid": "0.927", "best_ask": "0.958"}], "timestamp": "1769384157957", "event_type": "price_change"}}
{"_local_timestamp": "2026-01-25T23:35:58.127622+00:00", "data": {"market": "0xd8c1b0a73653b1fb4fb6e8d13d0063d25810870d7ddf83e61fffb4de4522edf1", "price_changes": [{"asset_id": "45429668890056162364307617807576387840293305143387096943585488315586563658159", "price": "0.073", "size": "47.06", "side": "SELL", "hash": "3b5859662d44f90c17bf6b9e8c79c451fb96af03", "best_bid": "0.042", "best_ask": "0.073"}, {"asset_id": "63147276005126770880954125047261230986291997315680909701649556277988435329355", "price": "0.927", "size": "47.06", "side": "BUY", "hash": "79666b44158c3d987254af8cc992c2499338d10c", "best_bid": "0.927", "best_ask": "0.958"}], "timestamp": "1769384158047", "event_type": "price_change"}}
{"_local_timestamp": "2026-01-25T23:36:58.542105+00:00", "data": {"market": "0xd8c1b0a73653b1fb4fb6e8d13d0063d25810870d7ddf83e61fffb4de4522edf1", "price_changes": [{"asset_id": "45429668890056162364307617807576387840293305143387096943585488315586563658159", "price": "0.003", "size": "144.17", "side": "BUY", "hash": "a51c0096d03cc779c34146ef913f3d1a1ca3fcca", "best_bid": "0.042", "best_ask": "0.073"}, {"asset_id": "63147276005126770880954125047261230986291997315680909701649556277988435329355", "price": "0.997", "size": "144.17", "side": "SELL", "hash": "99b2eba940e19700a404bf074fd98c63b7afeb89", "best_bid": "0.927", "best_ask": "0.958"}], "timestamp": "1769384218274", "event_type": "price_change"}}
{"_local_timestamp": "2026-01-25T23:36:59.057624+00:00", "data": {"market": "0xd8c1b0a73653b1fb4fb6e8d13d0063d25810870d7ddf83e61fffb4de4522edf1", "price_changes": [{"asset_id": "45429668890056162364307617807576387840293305143387096943585488315586563658159", "price": "0.004", "size": "5.9", "side": "BUY", "hash": "07314ad49cf4bd4c2c5b67d6e5d328589ce655db", "best_bid": "0.042", "best_ask": "0.073"}, {"asset_id": "63147276005126770880954125047261230986291997315680909701649556277988435329355", "price": "0.996", "size": "5.9", "side": "SELL", "hash": "8cbda4a10cac884d97d421df2fa3bc00ec9d6c36", "best_bid": "0.927", "best_ask": "0.958"}], "timestamp": "1769384218672", "event_type": "price_change"}}
{"_local_timestamp": "2026-01-25T23:37:04.350611+00:00", "data": {"market": "0xd8c1b0a73653b1fb4fb6e8d13d0063d25810870d7ddf83e61fffb4de4522edf1", "price_changes": [{"asset_id": "45429668890056162364307617807576387840293305143387096943585488315586563658159", "price": "0.111", "size": "0", "side": "SELL", "hash": "5439fcbbb33c6b03b94e27717832044090aa5243", "best_bid": "0.042", "best_ask": "0.073"}, {"asset_id": "63147276005126770880954125047261230986291997315680909701649556277988435329355", "price": "0.889", "size": "0", "side": "BUY", "hash": "bc3428d85dc523e2e8ea4845d3a371445f5e70a0", "best_bid": "0.927", "best_ask": "0.958"}], "timestamp": "1769384224152", "event_type": "price_change"}}
{"_local_timestamp": "2026-01-25T23:37:04.351022+00:00", "data": {"market": "0xd8c1b0a73653b1fb4fb6e8d13d0063d25810870d7ddf83e61fffb4de4522edf1", "price_changes": [{"asset_id": "45429668890056162364307617807576387840293305143387096943585488315586563658159", "price": "0.108", "size": "0", "side": "SELL", "hash": "5439fcbbb33c6b03b94e27717832044090aa5243", "best_bid": "0.042", "best_ask": "0.073"}, {"asset_id": "63147276005126770880954125047261230986291997315680909701649556277988435329355", "price": "0.892", "size": "0", "side": "BUY", "hash": "bc3428d85dc523e2e8ea4845d3a371445f5e70a0", "best_bid": "0.927", "best_ask": "0.958"}], "timestamp": "1769384224152", "event_type": "price_change"}}
{"_local_timestamp": "2026-01-25T23:37:04.357445+00:00", "data": {"market": "0xd8c1b0a73653b1fb4fb6e8d13d0063d25810870d7ddf83e61fffb4de4522edf1", "price_changes": [{"asset_id": "45429668890056162364307617807576387840293305143387096943585488315586563658159", "price": "0.099", "size": "0", "side": "SELL", "hash": "5439fcbbb33c6b03b94e27717832044090aa5243", "best_bid": "0.042", "best_ask": "0.073"}, {"asset_id": "63147276005126770880954125047261230986291997315680909701649556277988435329355", "price": "0.901", "size": "0", "side": "BUY", "hash": "bc3428d85dc523e2e8ea4845d3a371445f5e70a0", "best_bid": "0.927", "best_ask": "0.958"}], "timestamp": "1769384224152", "event_type": "price_change"}}
{"_local_timestamp": "2026-01-25T23:37:04.357784+00:00", "data": {"market": "0xd8c1b0a73653b1fb4fb6e8d13d0063d25810870d7ddf83e61fffb4de4522edf1", "price_changes": [{"asset_id": "45429668890056162364307617807576387840293305143387096943585488315586563658159", "price": "0.102", "size": "0", "side": "SELL", "hash": "5439fcbbb33c6b03b94e27717832044090aa5243", "best_bid": "0.042", "best_ask": "0.073"}, {"asset_id": "63147276005126770880954125047261230986291997315680909701649556277988435329355", "price": "0.898", "size": "0", "side": "BUY", "hash": "bc3428d85dc523e2e8ea4845d3a371445f5e70a0", "best_bid": "0.927", "best_ask": "0.958"}], "timestamp": "1769384224152", "event_type": "price_change"}}
{"_local_timestamp": "2026-01-25T23:37:04.358126+00:00", "data": {"market": "0xd8c1b0a73653b1fb4fb6e8d13d0063d25810870d7ddf83e61fffb4de4522edf1", "price_changes": [{"asset_id": "45429668890056162364307617807576387840293305143387096943585488315586563658159", "price": "0.105", "size": "0", "side": "SELL", "hash": "5439fcbbb33c6b03b94e27717832044090aa5243", "best_bid": "0.042", "best_ask": "0.073"}, {"asset_id": "63147276005126770880954125047261230986291997315680909701649556277988435329355", "price": "0.895", "size": "0", "side": "BUY", "hash": "bc3428d85dc523e2e8ea4845d3a371445f5e70a0", "best_bid": "0.927", "best_ask": "0.958"}], "timestamp": "1769384224152", "event_type": "price_change"}}
{"_local_timestamp": "2026-01-25T23:37:12.326218+00:00", "data": {"market": "0xd8c1b0a73653b1fb4fb6e8d13d0063d25810870d7ddf83e61fffb4de4522edf1", "price_changes": [{"asset_id": "63147276005126770880954125047261230986291997315680909701649556277988435329355", "price": "0.926", "size": "0", "side": "BUY", "hash": "bc3811d96868caf6a53ff4033121949e4cc56420", "best_bid": "0.927", "best_ask": "0.958"}, {"asset_id": "45429668890056162364307617807576387840293305143387096943585488315586563658159", "price": "0.074", "size": "0", "side": "SELL", "hash": "bbcf402f228dbe06051fd0f48743f243c63e478f", "best_bid": "0.042", "best_ask": "0.073"}], "timestamp": "1769384232241", "event_type": "price_change"}}
{"_local_timestamp": "2026-01-25T23:37:12.327320+00:00", "data": {"market": "0xd8c1b0a73653b1fb4fb6e8d13d0063d25810870d7ddf83e61fffb4de4522edf1", "price_changes": [{"asset_id": "63147276005126770880954125047261230986291997315680909701649556277988435329355", "price": "0.713", "size": "0", "side": "BUY", "hash": "bc3811d96868caf6a53ff4033121949e4cc56420", "best_bid": "0.927", "best_ask": "0.958"}, {"asset_id": "45429668890056162364307617807576387840293305143387096943585488315586563658159", "price": "0.287", "size": "0", "side": "SELL", "hash": "bbcf402f228dbe06051fd0f48743f243c63e478f", "best_bid": "0.042", "best_ask": "0.073"}], "timestamp": "1769384232241", "event_type": "price_change"}}
{"_local_timestamp": "2026-01-25T23:37:12.327961+00:00", "data": {"market": "0xd8c1b0a73653b1fb4fb6e8d13d0063d25810870d7ddf83e61fffb4de4522edf1", "price_changes": [{"asset_id": "63147276005126770880954125047261230986291997315680909701649556277988435329355", "price": "0.503", "size": "100", "side": "BUY", "hash": "bc3811d96868caf6a53ff4033121949e4cc56420", "best_bid": "0.927", "best_ask": "0.958"}, {"asset_id": "45429668890056162364307617807576387840293305143387096943585488315586563658159", "price": "0.497", "size": "100", "side": "SELL", "hash": "bbcf402f228dbe06051fd0f48743f243c63e478f", "best_bid": "0.042", "best_ask": "0.073"}], "timestamp": "1769384232241", "event_type": "price_change"}}
{"_local_timestamp": "2026-01-25T23:37:12.722409+00:00", "data": {"market": "0xd8c1b0a73653b1fb4fb6e8d13d0063d25810870d7ddf83e61fffb4de4522edf1", "price_changes": [{"asset_id": "63147276005126770880954125047261230986291997315680909701649556277988435329355", "price": "0.503", "size": "200", "side": "BUY", "hash": "2003e19afd498123bd7577bc613bad325fca167d", "best_bid": "0.927", "best_ask": "0.958"}, {"asset_id": "45429668890056162364307617807576387840293305143387096943585488315586563658159", "price": "0.497", "size": "200", "side": "SELL", "hash": "183887bc5397926a29be5d7b6e143d3eb701fca0", "best_bid": "0.042", "best_ask": "0.073"}], "timestamp": "1769384232648", "event_type": "price_change"}}
{"_local_timestamp": "2026-01-25T23:37:12.757672+00:00", "data": {"market": "0xd8c1b0a73653b1fb4fb6e8d13d0063d25810870d7ddf83e61fffb4de4522edf1", "price_changes": [{"asset_id": "63147276005126770880954125047261230986291997315680909701649556277988435329355", "price": "0.715", "size": "100", "side": "BUY", "hash": "d7bc7f4e9fbf4f4ce36bf05708356fc3d6bd1926", "best_bid": "0.927", "best_ask": "0.958"}, {"asset_id": "45429668890056162364307617807576387840293305143387096943585488315586563658159", "price": "0.285", "size": "100", "side": "SELL", "hash": "cca8f77e0920fe8270f2e495f0cfbae8fe5ab576", "best_bid": "0.042", "best_ask": "0.073"}], "timestamp": "1769384232684", "event_type": "price_change"}}
{"_local_timestamp": "2026-01-25T23:37:23.437293+00:00", "data": {"market": "0xd8c1b0a73653b1fb4fb6e8d13d0063d25810870d7ddf83e61fffb4de4522edf1", "price_changes": [{"asset_id": "63147276005126770880954125047261230986291997315680909701649556277988435329355", "price": "0.262", "size": "0", "side": "BUY", "hash": "d84a40cba2e2bd1d2cf6401402e9cec7e96e8dcc", "best_bid": "0.927", "best_ask": "0.958"}, {"asset_id": "45429668890056162364307617807576387840293305143387096943585488315586563658159", "price": "0.738", "size": "0", "side": "SELL", "hash": "26e80496bfdc7b97b27488c5ed9eae14df2ac7de", "best_bid": "0.042", "best_ask": "0.073"}], "timestamp": "1769384243369", "event_type": "price_change"}}
{"_local_timestamp": "2026-01-25T23:37:23.793090+00:00", "data": {"market": "0xd8c1b0a73653b1fb4fb6e8d13d0063d25810870d7ddf83e61fffb4de4522edf1", "price_changes": [{"asset_id": "63147276005126770880954125047261230986291997315680909701649556277988435329355", "price": "0.262", "size": "5", "side": "BUY", "hash": "e0dfaf93acd91c35af91ea5dcb68a251885574a2", "best_bid": "0.927", "best_ask": "0.958"}, {"asset_id": "45429668890056162364307617807576387840293305143387096943585488315586563658159", "price": "0.738", "size": "5", "side": "SELL", "hash": "4c6636b50905890ee2f6c8d7a7ee92b50a91eb74", "best_bid": "0.042", "best_ask": "0.073"}], "timestamp": "1769384243720", "event_type": "price_change"}}
{"_local_timestamp": "2026-01-25T23:37:24.381477+00:00", "data": {"market": "0xd8c1b0a73653b1fb4fb6e8d13d0063d25810870d7ddf83e61fffb4de4522edf1", "price_changes": [{"asset_id": "63147276005126770880954125047261230986291997315680909701649556277988435329355", "price": "0.262", "size": "0", "side": "BUY", "hash": "30c859b29762d49e6b7cda38178b877a8fd50347", "best_bid": "0.927", "best_ask": "0.958"}, {"asset_id": "45429668890056162364307617807576387840293305143387096943585488315586563658159", "price": "0.738", "size": "0", "side": "SELL", "hash": "e890cfd13acd8ca59a1fba10acee589c01d7fe93", "best_bid": "0.042", "best_ask": "0.073"}], "timestamp": "1769384244312", "event_type": "price_change"}}
{"_local_timestamp": "2026-01-25T23:37:24.774667+00:00", "data": {"market": "0xd8c1b0a73653b1fb4fb6e8d13d0063d25810870d7ddf83e61fffb4de4522edf1", "price_changes": [{"asset_id": "63147276005126770880954125047261230986291997315680909701649556277988435329355", "price": "0.262", "size": "5", "side": "BUY", "hash": "5d63bda9264cad1ed748df870eabfebf2e7247d7", "best_bid": "0.927", "best_ask": "0.958"}, {"asset_id": "45429668890056162364307617807576387840293305143387096943585488315586563658159", "price": "0.738", "size": "5", "side": "SELL", "hash": "8e0d2f0381f4fe604b503da43d57f56149cb11ed", "best_bid": "0.042", "best_ask": "0.073"}], "timestamp": "1769384244700", "event_type": "price_change"}}
{"_local_timestamp": "2026-01-25T23:37:30.863106+00:00", "data": {"market": "0xd8c1b0a73653b1fb4fb6e8d13d0063d25810870d7ddf83e61fffb4de4522edf1", "price_changes": [{"asset_id": "45429668890056162364307617807576387840293305143387096943585488315586563658159", "price": "0.004", "size": "0", "side": "BUY", "hash": "ead6ffa75a25a6dcec0f7a5670698a017bb076ba", "best_bid": "0.042", "best_ask": "0.073"}, {"asset_id": "63147276005126770880954125047261230986291997315680909701649556277988435329355", "price": "0.996", "size": "0", "side": "SELL", "hash": "676eebc97e306b0ecc226ce432e869f10867df7e", "best_bid": "0.927", "best_ask": "0.958"}], "timestamp": "1769384250786", "event_type": "price_change"}}
{"_local_timestamp": "2026-01-25T23:37:31.132918+00:00", "data": {"market": "0xd8c1b0a73653b1fb4fb6e8d13d0063d25810870d7ddf83e61fffb4de4522edf1", "price_changes": [{"asset_id": "45429668890056162364307617807576387840293305143387096943585488315586563658159", "price": "0.003", "size": "152.04", "side": "BUY", "hash": "ef1ed6add573577476e1e8d9b8bf8b7aa9780bb6", "best_bid": "0.042", "best_ask": "0.073"}, {"asset_id": "63147276005126770880954125047261230986291997315680909701649556277988435329355", "price": "0.997", "size": "152.04", "side": "SELL", "hash": "b9b0868b72c963405dac23b33b94a802ef18c265", "best_bid": "0.927", "best_ask": "0.958"}], "timestamp": "1769384251043", "event_type": "price_change"}}
{"_local_timestamp": "2026-01-25T23:37:39.406098+00:00", "data": {"market": "0xd8c1b0a73653b1fb4fb6e8d13d0063d25810870d7ddf83e61fffb4de4522edf1", "price_changes": [{"asset_id": "45429668890056162364307617807576387840293305143387096943585488315586563658159", "price": "0.003", "size": "144.17", "side": "BUY", "hash": "464de724b21ca912d8241ca8334624da481d0940", "best_bid": "0.042", "best_ask": "0.073"}, {"asset_id": "63147276005126770880954125047261230986291997315680909701649556277988435329355", "price": "0.997", "size": "144.17", "side": "SELL", "hash": "b591be8b73cc35d5cf7ebdf168814771e859facf", "best_bid": "0.927", "best_ask": "0.958"}], "timestamp": "1769384259330", "event_type": "price_change"}}
{"_local_timestamp": "2026-01-25T23:37:39.837070+00:00", "data": {"market": "0xd8c1b0a73653b1fb4fb6e8d13d0063d25810870d7ddf83e61fffb4de4522edf1", "price_changes": [{"asset_id": "45429668890056162364307617807576387840293305143387096943585488315586563658159", "price": "0.003", "size": "152.04", "side": "BUY", "hash": "b8bda825277eb2868cd4121349f2faeaccf5cbe9", "best_bid": "0.042", "best_ask": "0.073"}, {"asset_id": "63147276005126770880954125047261230986291997315680909701649556277988435329355", "price": "0.997", "size": "152.04", "side": "SELL", "hash": "fcca3d8631f84398bcbf1836f047f2da0edc8d0d", "best_bid": "0.927", "best_ask": "0.958"}], "timestamp": "1769384259745", "event_type": "price_change"}}
{"_local_timestamp": "2026-01-25T23:37:40.903563+00:00", "data": {"market": "0xd8c1b0a73653b1fb4fb6e8d13d0063d25810870d7ddf83e61fffb4de4522edf1", "price_changes": [{"asset_id": "45429668890056162364307617807576387840293305143387096943585488315586563658159", "price": "0.003", "size": "144.17", "side": "BUY", "hash": "a2ad750987866873e9b2375ebd32e2ad2a07d134", "best_bid": "0.042", "best_ask": "0.073"}, {"asset_id": "63147276005126770880954125047261230986291997315680909701649556277988435329355", "price": "0.997", "size": "144.17", "side": "SELL", "hash": "1dab3923c9c9207af5fb4e71074e360f21036fbf", "best_bid": "0.927", "best_ask": "0.958"}], "timestamp": "1769384260790", "event_type": "price_change"}}
{"_local_timestamp": "2026-01-25T23:37:41.356763+00:00", "data": {"market": "0xd8c1b0a73653b1fb4fb6e8d13d0063d25810870d7ddf83e61fffb4de4522edf1", "price_changes": [{"asset_id": "45429668890056162364307617807576387840293305143387096943585488315586563658159", "price": "0.003", "size": "152.04", "side": "BUY", "hash": "9b5234d36dacf71835fbcd0fa8f096c75a1bb205", "best_bid": "0.042", "best_ask": "0.073"}, {"asset_id": "63147276005126770880954125047261230986291997315680909701649556277988435329355", "price": "0.997", "size": "152.04", "side": "SELL", "hash": "ca006dd055162d990b2a4c127fb051fa4664c004", "best_bid": "0.927", "best_ask": "0.958"}], "timestamp": "1769384261236", "event_type": "price_change"}}
{"_local_timestamp": "2026-01-25T23:37:42.437883+00:00", "data": {"market": "0xd8c1b0a73653b1fb4fb6e8d13d0063d25810870d7ddf83e61fffb4de4522edf1", "price_changes": [{"asset_id": "45429668890056162364307617807576387840293305143387096943585488315586563658159", "price": "0.003", "size": "144.17", "side": "BUY", "hash": "6711f85865643fe4ef5227d1d34661a5b1b21121", "best_bid": "0.042", "best_ask": "0.073"}, {"asset_id": "63147276005126770880954125047261230986291997315680909701649556277988435329355", "price": "0.997", "size": "144.17", "side": "SELL", "hash": "26519978890f9d6d1bb41a69a9038455c5771d36", "best_bid": "0.927", "best_ask": "0.958"}], "timestamp": "1769384262333", "event_type": "price_change"}}
{"_local_timestamp": "2026-01-25T23:37:42.880807+00:00", "data": {"market": "0xd8c1b0a73653b1fb4fb6e8d13d0063d25810870d7ddf83e61fffb4de4522edf1", "price_changes": [{"asset_id": "45429668890056162364307617807576387840293305143387096943585488315586563658159", "price": "0.003", "size": "152.04", "side": "BUY", "hash": "982e809a0c31fdfb5bf93ee49cea595503f6e57d", "best_bid": "0.042", "best_ask": "0.073"}, {"asset_id": "63147276005126770880954125047261230986291997315680909701649556277988435329355", "price": "0.997", "size": "152.04", "side": "SELL", "hash": "0646cd51ef2e790020a94c5938b0146a9d376ee2", "best_bid": "0.927", "best_ask": "0.958"}], "timestamp": "1769384262772", "event_type": "price_change"}}
{"_local_timestamp": "2026-01-25T23:37:44.682442+00:00", "data": {"market": "0xd8c1b0a73653b1fb4fb6e8d13d0063d25810870d7ddf83e61fffb4de4522edf1", "price_changes": [{"asset_id": "45429668890056162364307617807576387840293305143387096943585488315586563658159", "price": "0.003", "size": "144.17", "side": "BUY", "hash": "5f0432b68c6453d4b9a384bdea64d052b8936b87", "best_bid": "0.042", "best_ask": "0.073"}, {"asset_id": "63147276005126770880954125047261230986291997315680909701649556277988435329355", "price": "0.997", "size": "144.17", "side": "SELL", "hash": "537868b9955be1fc55cbe06b7eb6a58fb3e8cd21", "best_bid": "0.927", "best_ask": "0.958"}], "timestamp": "1769384264576", "event_type": "price_change"}}
{"_local_timestamp": "2026-01-25T23:37:45.043455+00:00", "data": {"market": "0xd8c1b0a73653b1fb4fb6e8d13d0063d25810870d7ddf83e61fffb4de4522edf1", "price_changes": [{"asset_id": "45429668890056162364307617807576387840293305143387096943585488315586563658159", "price": "0.003", "size": "152.04", "side": "BUY", "hash": "37776267f27b47fa337a22df8fd2485e6addad39", "best_bid": "0.042", "best_ask": "0.073"}, {"asset_id": "63147276005126770880954125047261230986291997315680909701649556277988435329355", "price": "0.997", "size": "152.04", "side": "SELL", "hash": "fcd3a79227947eb7bbc25d0f4e4df635d67b78c9", "best_bid": "0.927", "best_ask": "0.958"}], "timestamp": "1769384264936", "event_type": "price_change"}}
{"_local_timestamp": "2026-01-25T23:37:46.222139+00:00", "data": {"market": "0xd8c1b0a73653b1fb4fb6e8d13d0063d25810870d7ddf83e61fffb4de4522edf1", "price_changes": [{"asset_id": "45429668890056162364307617807576387840293305143387096943585488315586563658159", "price": "0.003", "size": "144.17", "side": "BUY", "hash": "bbef08b7cccae4ec983878c55bd8b647069a9d28", "best_bid": "0.042", "best_ask": "0.073"}, {"asset_id": "63147276005126770880954125047261230986291997315680909701649556277988435329355", "price": "0.997", "size": "144.17", "side": "SELL", "hash": "4da20288e2fb5e210b0d749b805a5c6fa1cff252", "best_bid": "0.927", "best_ask": "0.958"}], "timestamp": "1769384266080", "event_type": "price_change"}}
{"_local_timestamp": "2026-01-25T23:37:46.562078+00:00", "data": {"market": "0xd8c1b0a73653b1fb4fb6e8d13d0063d25810870d7ddf83e61fffb4de4522edf1", "price_changes": [{"asset_id": "45429668890056162364307617807576387840293305143387096943585488315586563658159", "price": "0.003", "size": "152.04", "side": "BUY", "hash": "58e9c3febc40ec3a3fc97c7a23486944117ac5cb", "best_bid": "0.042", "best_ask": "0.073"}, {"asset_id": "63147276005126770880954125047261230986291997315680909701649556277988435329355", "price": "0.997", "size": "152.04", "side": "SELL", "hash": "d1fa5bcdbd9cc7f6a264dac615a226065b97419e", "best_bid": "0.927", "best_ask": "0.958"}], "timestamp": "1769384266416", "event_type": "price_change"}}
{"_local_timestamp": "2026-01-25T23:37:47.038446+00:00", "data": {"market": "0xd8c1b0a73653b1fb4fb6e8d13d0063d25810870d7ddf83e61fffb4de4522edf1", "price_changes": [{"asset_id": "45429668890056162364307617807576387840293305143387096943585488315586563658159", "price": "0.105", "size": "12", "side": "SELL", "hash": "e6bd4305114842919dd3e62b969b7a347d24dabc", "best_bid": "0.042", "best_ask": "0.073"}, {"asset_id": "63147276005126770880954125047261230986291997315680909701649556277988435329355", "price": "0.895", "size": "12", "side": "BUY", "hash": "95a4d9a3176241b7949abf616464c11efdf6b5a0", "best_bid": "0.927", "best_ask": "0.958"}], "timestamp": "1769384266922", "event_type": "price_change"}}
{"_local_timestamp": "2026-01-25T23:37:47.039015+00:00", "data": {"market": "0xd8c1b0a73653b1fb4fb6e8d13d0063d25810870d7ddf83e61fffb4de4522edf1", "price_changes": [{"asset_id": "45429668890056162364307617807576387840293305143387096943585488315586563658159", "price": "0.111", "size": "12", "side": "SELL", "hash": "3b2f13c8748efe3fe1b20553032c265fe10c4900", "best_bid": "0.042", "best_ask": "0.073"}, {"asset_id": "63147276005126770880954125047261230986291997315680909701649556277988435329355", "price": "0.889", "size": "12", "side": "BUY", "hash": "07ede4599cf400b5b635be262d7644dc023bd995", "best_bid": "0.927", "best_ask": "0.958"}], "timestamp": "1769384266923", "event_type": "price_change"}}
{"_local_timestamp": "2026-01-25T23:37:47.039480+00:00", "data": {"market": "0xd8c1b0a73653b1fb4fb6e8d13d0063d25810870d7ddf83e61fffb4de4522edf1", "price_changes": [{"asset_id": "45429668890056162364307617807576387840293305143387096943585488315586563658159", "price": "0.117", "size": "12", "side": "SELL", "hash": "6bc5e70d7cb27f89cb0d1f0fab7c280b21199466", "best_bid": "0.042", "best_ask": "0.073"}, {"asset_id": "63147276005126770880954125047261230986291997315680909701649556277988435329355", "price": "0.883", "size": "12", "side": "BUY", "hash": "349950681c7da2fb6c876c105237216c6d301ab5", "best_bid": "0.927", "best_ask": "0.958"}], "timestamp": "1769384266923", "event_type": "price_change"}}
{"_local_timestamp": "2026-01-25T23:37:47.039847+00:00", "data": {"market": "0xd8c1b0a73653b1fb4fb6e8d13d0063d25810870d7ddf83e61fffb4de4522edf1", "price_changes": [{"asset_id": "45429668890056162364307617807576387840293305143387096943585488315586563658159", "price": "0.114", "size": "12", "side": "SELL", "hash": "f278336b3bb6d5c1fe83fad30125ca994f36eaec", "best_bid": "0.042", "best_ask": "0.073"}, {"asset_id": "63147276005126770880954125047261230986291997315680909701649556277988435329355", "price": "0.886", "size": "12", "side": "BUY", "hash": "5e62530ecd90c4ba29b03374e9bb0d85f6babd10", "best_bid": "0.927", "best_ask": "0.958"}], "timestamp": "1769384266924", "event_type": "price_change"}}
{"_local_timestamp": "2026-01-25T23:37:47.040221+00:00", "data": {"market": "0xd8c1b0a73653b1fb4fb6e8d13d0063d25810870d7ddf83e61fffb4de4522edf1", "price_changes": [{"asset_id": "45429668890056162364307617807576387840293305143387096943585488315586563658159", "price": "0.108", "size": "12", "side": "SELL", "hash": "6deb9b9e7bfc2b40117496e4995dd4247c85e775", "best_bid": "0.042", "best_ask": "0.073"}, {"asset_id": "63147276005126770880954125047261230986291997315680909701649556277988435329355", "price": "0.892", "size": "12", "side": "BUY", "hash": "d1d1e76c794c95fff6b2917a63493d012aa69087", "best_bid": "0.927", "best_ask": "0.958"}], "timestamp": "1769384266924", "event_type": "price_change"}}
{"_local_timestamp": "2026-01-25T23:37:48.310232+00:00", "data": {"market": "0xd8c1b0a73653b1fb4fb6e8d13d0063d25810870d7ddf83e61fffb4de4522edf1", "price_changes": [{"asset_id": "45429668890056162364307617807576387840293305143387096943585488315586563658159", "price": "0.003", "size": "144.17", "side": "BUY", "hash": "cc7aaf330936a6893e3433723536531b3493ed72", "best_bid": "0.042", "best_ask": "0.073"}, {"asset_id": "63147276005126770880954125047261230986291997315680909701649556277988435329355", "price": "0.997", "size": "144.17", "side": "SELL", "hash": "cbfe9bf73cc7851085027963b06e977c167cedb2", "best_bid": "0.927", "best_ask": "0.958"}], "timestamp": "1769384268194", "event_type": "price_change"}}
{"_local_timestamp": "2026-01-25T23:37:48.627226+00:00", "data": {"market": "0xd8c1b0a73653b1fb4fb6e8d13d0063d25810870d7ddf83e61fffb4de4522edf1", "price_changes": [{"asset_id": "45429668890056162364307617807576387840293305143387096943585488315586563658159", "price": "0.003", "size": "152.04", "side": "BUY", "hash": "efae947e515e061050f6fb1066a4396252446c0b", "best_bid": "0.042", "best_ask": "0.073"}, {"asset_id": "63147276005126770880954125047261230986291997315680909701649556277988435329355", "price": "0.997", "size": "152.04", "side": "SELL", "hash": "0e6abbe2c013db7b9e31c193b7557d3075ca7d1d", "best_bid": "0.927", "best_ask": "0.958"}], "timestamp": "1769384268526", "event_type": "price_change"}}
{"_local_timestamp": "2026-01-25T23:37:49.635342+00:00", "data": {"market": "0xd8c1b0a73653b1fb4fb6e8d13d0063d25810870d7ddf83e61fffb4de4522edf1", "price_changes": [{"asset_id": "45429668890056162364307617807576387840293305143387096943585488315586563658159", "price": "0.003", "size": "144.17", "side": "BUY", "hash": "c70a58b0fe28c6924a3e0d853e88b12d2634f137", "best_bid": "0.042", "best_ask": "0.073"}, {"asset_id": "63147276005126770880954125047261230986291997315680909701649556277988435329355", "price": "0.997", "size": "144.17", "side": "SELL", "hash": "8ed86eaa14c326ec42cafc7fefe9a128254a10fb", "best_bid": "0.927", "best_ask": "0.958"}], "timestamp": "1769384269516", "event_type": "price_change"}}
{"_local_timestamp": "2026-01-25T23:37:49.954973+00:00", "data": {"market": "0xd8c1b0a73653b1fb4fb6e8d13d0063d25810870d7ddf83e61fffb4de4522edf1", "price_changes": [{"asset_id": "45429668890056162364307617807576387840293305143387096943585488315586563658159", "price": "0.004", "size": "5.9", "side": "BUY", "hash": "026d76b592ba787099334a1927735a3d12978aeb", "best_bid": "0.042", "best_ask": "0.073"}, {"asset_id": "63147276005126770880954125047261230986291997315680909701649556277988435329355", "price": "0.996", "size": "5.9", "side": "SELL", "hash": "b694bfe8fa394d5fee99a6b2485e45a257a812fd", "best_bid": "0.927", "best_ask": "0.958"}], "timestamp": "1769384269833", "event_type": "price_change"}}
{"_local_timestamp": "2026-01-25T23:37:51.491796+00:00", "data": {"market": "0xd8c1b0a73653b1fb4fb6e8d13d0063d25810870d7ddf83e61fffb4de4522edf1", "price_changes": [{"asset_id": "45429668890056162364307617807576387840293305143387096943585488315586563658159", "price": "0.004", "size": "0", "side": "BUY", "hash": "ac8183bbdd5f78f00ed47ebf400d7085a854c40f", "best_bid": "0.042", "best_ask": "0.073"}, {"asset_id": "63147276005126770880954125047261230986291997315680909701649556277988435329355", "price": "0.996", "size": "0", "side": "SELL", "hash": "df051e2f3764479df463935b0046b68de4d8b6d4", "best_bid": "0.927", "best_ask": "0.958"}], "timestamp": "1769384271160", "event_type": "price_change"}}
{"_local_timestamp": "2026-01-25T23:37:51.824462+00:00", "data": {"market": "0xd8c1b0a73653b1fb4fb6e8d13d0063d25810870d7ddf83e61fffb4de4522edf1", "price_changes": [{"asset_id": "45429668890056162364307617807576387840293305143387096943585488315586563658159", "price": "0.003", "size": "152.04", "side": "BUY", "hash": "12e287426500d0e9bcf17b6b684e3053b1605ca5", "best_bid": "0.042", "best_ask": "0.073"}, {"asset_id": "63147276005126770880954125047261230986291997315680909701649556277988435329355", "price": "0.997", "size": "152.04", "side": "SELL", "hash": "03c00c79ab18dcb7b0d12d682dd02b6b2cdd36ce", "best_bid": "0.927", "best_ask": "0.958"}], "timestamp": "1769384271532", "event_type": "price_change"}}
{"_local_timestamp": "2026-01-25T23:37:53.014674+00:00", "data": {"market": "0xd8c1b0a73653b1fb4fb6e8d13d0063d25810870d7ddf83e61fffb4de4522edf1", "price_changes": [{"asset_id": "45429668890056162364307617807576387840293305143387096943585488315586563658159", "price": "0.003", "size": "144.17", "side": "BUY", "hash": "250aa830e03a1b327b6cbb0596ead4f81f9541f3", "best_bid": "0.042", "best_ask": "0.073"}, {"asset_id": "63147276005126770880954125047261230986291997315680909701649556277988435329355", "price": "0.997", "size": "144.17", "side": "SELL", "hash": "8172ffae7aa03be55b17768586792f50855f4e60", "best_bid": "0.927", "best_ask": "0.958"}], "timestamp": "1769384272835", "event_type": "price_change"}}
{"_local_timestamp": "2026-01-25T23:37:53.291826+00:00", "data": {"market": "0xd8c1b0a73653b1fb4fb6e8d13d0063d25810870d7ddf83e61fffb4de4522edf1", "price_changes": [{"asset_id": "45429668890056162364307617807576387840293305143387096943585488315586563658159", "price": "0.003", "size": "152.04", "side": "BUY", "hash": "1d1c87fd44b577a03f6ae4c362ddb6ebb7cba1d0", "best_bid": "0.042", "best_ask": "0.073"}, {"asset_id": "63147276005126770880954125047261230986291997315680909701649556277988435329355", "price": "0.997", "size": "152.04", "side": "SELL", "hash": "5dc3e5eae6326d8db64a932f20d180f95993d7c8", "best_bid": "0.927", "best_ask": "0.958"}], "timestamp": "1769384273138", "event_type": "price_change"}}
{"_local_timestamp": "2026-01-25T23:37:55.067072+00:00", "data": {"market": "0xd8c1b0a73653b1fb4fb6e8d13d0063d25810870d7ddf83e61fffb4de4522edf1", "price_changes": [{"asset_id": "45429668890056162364307617807576387840293305143387096943585488315586563658159", "price": "0.003", "size": "144.17", "side": "BUY", "hash": "775f8a6b3a70b6e6fd2269e8797675b58380bd6b", "best_bid": "0.042", "best_ask": "0.073"}, {"asset_id": "63147276005126770880954125047261230986291997315680909701649556277988435329355", "price": "0.997", "size": "144.17", "side": "SELL", "hash": "93e7894739da482290e3922b7531c3576155dfa0", "best_bid": "0.927", "best_ask": "0.958"}], "timestamp": "1769384274931", "event_type": "price_change"}}
{"_local_timestamp": "2026-01-25T23:37:55.298340+00:00", "data": {"market": "0xd8c1b0a73653b1fb4fb6e8d13d0063d25810870d7ddf83e61fffb4de4522edf1", "price_changes": [{"asset_id": "45429668890056162364307617807576387840293305143387096943585488315586563658159", "price": "0.003", "size": "152.04", "side": "BUY", "hash": "576bf90a79032a9e5e9c163f8a4de0ace97c5a60", "best_bid": "0.042", "best_ask": "0.073"}, {"asset_id": "63147276005126770880954125047261230986291997315680909701649556277988435329355", "price": "0.997", "size": "152.04", "side": "SELL", "hash": "9c381eaabacd884027364424217e3af274d1854d", "best_bid": "0.927", "best_ask": "0.958"}], "timestamp": "1769384275172", "event_type": "price_change"}}
{"_local_timestamp": "2026-01-25T23:37:56.087524+00:00", "data": {"market": "0xd8c1b0a73653b1fb4fb6e8d13d0063d25810870d7ddf83e61fffb4de4522edf1", "price_changes": [{"asset_id": "45429668890056162364307617807576387840293305143387096943585488315586563658159", "price": "0.003", "size": "144.17", "side": "BUY", "hash": "837664d5c48205ca3eaf6f5da9d8af234e9458af", "best_bid": "0.042", "best_ask": "0.073"}, {"asset_id": "63147276005126770880954125047261230986291997315680909701649556277988435329355", "price": "0.997", "size": "144.17", "side": "SELL", "hash": "07e8285158fd64330d9f9f4ec6d11ef09e8e9e8e", "best_bid": "0.927", "best_ask": "0.958"}], "timestamp": "1769384275964", "event_type": "price_change"}}
{"_local_timestamp": "2026-01-25T23:37:56.407900+00:00", "data": {"market": "0xd8c1b0a73653b1fb4fb6e8d13d0063d25810870d7ddf83e61fffb4de4522edf1", "price_changes": [{"asset_id": "45429668890056162364307617807576387840293305143387096943585488315586563658159", "price": "0.003", "size": "152.04", "side": "BUY", "hash": "8a58984e393cfd2f991652556d44ccfdfac431ae", "best_bid": "0.042", "best_ask": "0.073"}, {"asset_id": "63147276005126770880954125047261230986291997315680909701649556277988435329355", "price": "0.997", "size": "152.04", "side": "SELL", "hash": "7908d5935fed1aebdd64e194dcf3f7ebf008772b", "best_bid": "0.927", "best_ask": "0.958"}], "timestamp": "1769384276280", "event_type": "price_change"}}
{"_local_timestamp": "2026-01-25T23:37:58.769718+00:00", "data": {"market": "0xd8c1b0a73653b1fb4fb6e8d13d0063d25810870d7ddf83e61fffb4de4522edf1", "price_changes": [{"asset_id": "45429668890056162364307617807576387840293305143387096943585488315586563658159", "price": "0.003", "size": "144.17", "side": "BUY", "hash": "6b8658571e94414851f35b0b8ca81f00726a4ef3", "best_bid": "0.042", "best_ask": "0.073"}, {"asset_id": "63147276005126770880954125047261230986291997315680909701649556277988435329355", "price": "0.997", "size": "144.17", "side": "SELL", "hash": "224edbe817f4bf781b9321b8a6fca10ac67df670", "best_bid": "0.927", "best_ask": "0.958"}], "timestamp": "1769384278648", "event_type": "price_change"}}
{"_local_timestamp": "2026-01-25T23:37:58.955689+00:00", "data": {"market": "0xd8c1b0a73653b1fb4fb6e8d13d0063d25810870d7ddf83e61fffb4de4522edf1", "price_changes": [{"asset_id": "45429668890056162364307617807576387840293305143387096943585488315586563658159", "price": "0.004", "size": "5.9", "side": "BUY", "hash": "dda8cd659ddba2b2359efde31da95e56adb1fa7f", "best_bid": "0.042", "best_ask": "0.073"}, {"asset_id": "63147276005126770880954125047261230986291997315680909701649556277988435329355", "price": "0.996", "size": "5.9", "side": "SELL", "hash": "2fb3bd5e43c959405c77e9ccdc9db49283547d06", "best_bid": "0.927", "best_ask": "0.958"}], "timestamp": "1769384278850", "event_type": "price_change"}}
{"_local_timestamp": "2026-01-25T23:38:00.298631+00:00", "data": {"market": "0xd8c1b0a73653b1fb4fb6e8d13d0063d25810870d7ddf83e61fffb4de4522edf1", "price_changes": [{"asset_id": "45429668890056162364307617807576387840293305143387096943585488315586563658159", "price": "0.004", "size": "0", "side": "BUY", "hash": "1b6ac36b667126415754aac827d6648f566450a1", "best_bid": "0.042", "best_ask": "0.073"}, {"asset_id": "63147276005126770880954125047261230986291997315680909701649556277988435329355", "price": "0.996", "size": "0", "side": "SELL", "hash": "ddd4befb4ea75e62f13f5ba5383072e47a4a8a0f", "best_bid": "0.927", "best_ask": "0.958"}], "timestamp": "1769384280197", "event_type": "price_change"}}
{"_local_timestamp": "2026-01-25T23:38:00.783277+00:00", "data": {"market": "0xd8c1b0a73653b1fb4fb6e8d13d0063d25810870d7ddf83e61fffb4de4522edf1", "price_changes": [{"asset_id": "45429668890056162364307617807576387840293305143387096943585488315586563658159", "price": "0.003", "size": "152.04", "side": "BUY", "hash": "15fb30815309b5767a5aaf573557d00edcf21a3f", "best_bid": "0.042", "best_ask": "0.073"}, {"asset_id": "63147276005126770880954125047261230986291997315680909701649556277988435329355", "price": "0.997", "size": "152.04", "side": "SELL", "hash": "54f82214b066e60ff7fff8a06924bd339945f234", "best_bid": "0.927", "best_ask": "0.958"}], "timestamp": "1769384280676", "event_type": "price_change"}}
{"_local_timestamp": "2026-01-25T23:38:00.846219+00:00", "data": {"market": "0xd8c1b0a73653b1fb4fb6e8d13d0063d25810870d7ddf83e61fffb4de4522edf1", "price_changes": [{"asset_id": "45429668890056162364307617807576387840293305143387096943585488315586563658159", "price": "0.042", "size": "96.08", "side": "BUY", "hash": "99ee57e7b72f1333809cd95d4f523650da93a818", "best_bid": "0.042", "best_ask": "0.073"}, {"asset_id": "63147276005126770880954125047261230986291997315680909701649556277988435329355", "price": "0.958", "size": "96.08", "side": "SELL", "hash": "efb796e98ba345ea5b0ce06eca8a0df1152bf477", "best_bid": "0.927", "best_ask": "0.958"}], "timestamp": "1769384280734", "event_type": "price_change"}}
{"_local_timestamp": "2026-01-25T23:38:01.038855+00:00", "data": {"market": "0xd8c1b0a73653b1fb4fb6e8d13d0063d25810870d7ddf83e61fffb4de4522edf1", "price_changes": [{"asset_id": "45429668890056162364307617807576387840293305143387096943585488315586563658159", "price": "0.073", "size": "24.99", "side": "SELL", "hash": "0e052bbcc7fff15e826cec0ea5bfd35c7f0ee84c", "best_bid": "0.042", "best_ask": "0.073"}, {"asset_id": "63147276005126770880954125047261230986291997315680909701649556277988435329355", "price": "0.927", "size": "24.99", "side": "BUY", "hash": "418fc0d3c1ee48b38622195166fb0c4d60a36680", "best_bid": "0.927", "best_ask": "0.958"}], "timestamp": "1769384280924", "event_type": "price_change"}}
{"_local_timestamp": "2026-01-25T23:38:01.176486+00:00", "data": {"market": "0xd8c1b0a73653b1fb4fb6e8d13d0063d25810870d7ddf83e61fffb4de4522edf1", "price_changes": [{"asset_id": "45429668890056162364307617807576387840293305143387096943585488315586563658159", "price": "0.138", "size": "22.07", "side": "SELL", "hash": "96710fb72d110b02b0adb6cda5a8cb6d070ed6ce", "best_bid": "0.042", "best_ask": "0.073"}, {"asset_id": "63147276005126770880954125047261230986291997315680909701649556277988435329355", "price": "0.862", "size": "22.07", "side": "BUY", "hash": "30dd2ee2f699be972359993c2b9a50e7001cf207", "best_bid": "0.927", "best_ask": "0.958"}], "timestamp": "1769384281060", "event_type": "price_change"}}
{"_local_timestamp": "2026-01-25T23:38:03.250454+00:00", "data": {"market": "0xd8c1b0a73653b1fb4fb6e8d13d0063d25810870d7ddf83e61fffb4de4522edf1", "price_changes": [{"asset_id": "45429668890056162364307617807576387840293305143387096943585488315586563658159", "price": "0.003", "size": "144.17", "side": "BUY", "hash": "a3a4a3d09004ca8fefcec3df2a0b4a7770830dd2", "best_bid": "0.042", "best_ask": "0.073"}, {"asset_id": "63147276005126770880954125047261230986291997315680909701649556277988435329355", "price": "0.997", "size": "144.17", "side": "SELL", "hash": "5d8f4ebcb892018645a41a1631504b6734337f6f", "best_bid": "0.927", "best_ask": "0.958"}], "timestamp": "1769384283116", "event_type": "price_change"}}
{"_local_timestamp": "2026-01-25T23:38:03.250999+00:00", "data": {"market": "0xd8c1b0a73653b1fb4fb6e8d13d0063d25810870d7ddf83e61fffb4de4522edf1", "price_changes": [{"asset_id": "63147276005126770880954125047261230986291997315680909701649556277988435329355", "price": "0.262", "size": "0", "side": "BUY", "hash": "bcff2b84f04a87008358e8d9908e02b1d229adbc", "best_bid": "0.927", "best_ask": "0.958"}, {"asset_id": "45429668890056162364307617807576387840293305143387096943585488315586563658159", "price": "0.738", "size": "0", "side": "SELL", "hash": "984796ed11c83e064693846f3f152bfc6cd4546b", "best_bid": "0.042", "best_ask": "0.073"}], "timestamp": "1769384283116", "event_type": "price_change"}}
{"_local_timestamp": "2026-01-25T23:38:03.411244+00:00", "data": {"market": "0xd8c1b0a73653b1fb4fb6e8d13d0063d25810870d7ddf83e61fffb4de4522edf1", "price_changes": [{"asset_id": "45429668890056162364307617807576387840293305143387096943585488315586563658159", "price": "0.073", "size": "0", "side": "SELL", "hash": "42f8c78ef0028d7373c3af2041bcc62f53fea834", "best_bid": "0.042", "best_ask": "0.105"}, {"asset_id": "63147276005126770880954125047261230986291997315680909701649556277988435329355", "price": "0.927", "size": "0", "side": "BUY", "hash": "add6160dadd6ea120a8dfc4e6f95049ff00261d3", "best_bid": "0.895", "best_ask": "0.958"}], "timestamp": "1769384283268", "event_type": "price_change"}}
{"_local_timestamp": "2026-01-25T23:38:03.631771+00:00", "data": {"market": "0xd8c1b0a73653b1fb4fb6e8d13d0063d25810870d7ddf83e61fffb4de4522edf1", "price_changes": [{"asset_id": "45429668890056162364307617807576387840293305143387096943585488315586563658159", "price": "0.004", "size": "5.9", "side": "BUY", "hash": "37e1c65574571313ff1e86a10f7509abdf4cf22b", "best_bid": "0.042", "best_ask": "0.105"}, {"asset_id": "63147276005126770880954125047261230986291997315680909701649556277988435329355", "price": "0.996", "size": "5.9", "side": "SELL", "hash": "94436643e60d30981c829eccf07ecb4be52a2bd5", "best_bid": "0.895", "best_ask": "0.958"}], "timestamp": "1769384283482", "event_type": "price_change"}}
{"_local_timestamp": "2026-01-25T23:38:03.638800+00:00", "data": {"market": "0xd8c1b0a73653b1fb4fb6e8d13d0063d25810870d7ddf83e61fffb4de4522edf1", "price_changes": [{"asset_id": "63147276005126770880954125047261230986291997315680909701649556277988435329355", "price": "0.262", "size": "5", "side": "BUY", "hash": "310862804399ac98ce146a180c15239488052505", "best_bid": "0.895", "best_ask": "0.958"}, {"asset_id": "45429668890056162364307617807576387840293305143387096943585488315586563658159", "price": "0.738", "size": "5", "side": "SELL", "hash": "83692b97d61e4e82c403d07a8b69ce4528d8c074", "best_bid": "0.042", "best_ask": "0.105"}], "timestamp": "1769384283483", "event_type": "price_change"}}
{"_local_timestamp": "2026-01-25T23:38:03.676870+00:00", "data": {"market": "0xd8c1b0a73653b1fb4fb6e8d13d0063d25810870d7ddf83e61fffb4de4522edf1", "price_changes": [{"asset_id": "63147276005126770880954125047261230986291997315680909701649556277988435329355", "price": "0.715", "size": "130", "side": "BUY", "hash": "0d28c7942845ac8a5767c4ee32ced72e87580e74", "best_bid": "0.895", "best_ask": "0.958"}, {"asset_id": "45429668890056162364307617807576387840293305143387096943585488315586563658159", "price": "0.285", "size": "130", "side": "SELL", "hash": "13e98208a62d7aec2b57032c5f9977e6dc81df9f", "best_bid": "0.042", "best_ask": "0.105"}], "timestamp": "1769384283530", "event_type": "price_change"}}
{"_local_timestamp": "2026-01-25T23:38:05.051993+00:00", "data": {"market": "0xd8c1b0a73653b1fb4fb6e8d13d0063d25810870d7ddf83e61fffb4de4522edf1", "price_changes": [{"asset_id": "45429668890056162364307617807576387840293305143387096943585488315586563658159", "price": "0.004", "size": "0", "side": "BUY", "hash": "74a80290d181e5fc0973fa998396c4843a5a338d", "best_bid": "0.042", "best_ask": "0.105"}, {"asset_id": "63147276005126770880954125047261230986291997315680909701649556277988435329355", "price": "0.996", "size": "0", "side": "SELL", "hash": "0fb81dcccd7e4a5501c8c34f902afb8506ec4ff8", "best_bid": "0.895", "best_ask": "0.958"}], "timestamp": "1769384284891", "event_type": "price_change"}}
{"_local_timestamp": "2026-01-25T23:38:05.894677+00:00", "data": {"market": "0xd8c1b0a73653b1fb4fb6e8d13d0063d25810870d7ddf83e61fffb4de4522edf1", "price_changes": [{"asset_id": "45429668890056162364307617807576387840293305143387096943585488315586563658159", "price": "0.003", "size": "152.04", "side": "BUY", "hash": "65bc5a8f3e88945b4b4ac8437daef92b5ee91315", "best_bid": "0.042", "best_ask": "0.105"}, {"asset_id": "63147276005126770880954125047261230986291997315680909701649556277988435329355", "price": "0.997", "size": "152.04", "side": "SELL", "hash": "d39986169569c4bb6884a0074db52ed2953c92ef", "best_bid": "0.895", "best_ask": "0.958"}], "timestamp": "1769384285744", "event_type": "price_change"}}
{"_local_timestamp": "2026-01-25T23:38:07.921047+00:00", "data": {"market": "0xd8c1b0a73653b1fb4fb6e8d13d0063d25810870d7ddf83e61fffb4de4522edf1", "price_changes": [{"asset_id": "45429668890056162364307617807576387840293305143387096943585488315586563658159", "price": "0.003", "size": "144.17", "side": "BUY", "hash": "96e904a72ce62091c36da6358d5f8eb1ce75c845", "best_bid": "0.042", "best_ask": "0.105"}, {"asset_id": "63147276005126770880954125047261230986291997315680909701649556277988435329355", "price": "0.997", "size": "144.17", "side": "SELL", "hash": "03fdde237c2b8f643e009e0f3caef06eecc195f8", "best_bid": "0.895", "best_ask": "0.958"}], "timestamp": "1769384287807", "event_type": "price_change"}}
{"_local_timestamp": "2026-01-25T23:38:08.519237+00:00", "data": {"market": "0xd8c1b0a73653b1fb4fb6e8d13d0063d25810870d7ddf83e61fffb4de4522edf1", "price_changes": [{"asset_id": "45429668890056162364307617807576387840293305143387096943585488315586563658159", "price": "0.003", "size": "152.04", "side": "BUY", "hash": "ca9d2c61c4c07f315a437a3ade8a1adaabab586b", "best_bid": "0.042", "best_ask": "0.105"}, {"asset_id": "63147276005126770880954125047261230986291997315680909701649556277988435329355", "price": "0.997", "size": "152.04", "side": "SELL", "hash": "e88d1833e07484fb33e056b7c4d3b8293c186eb6", "best_bid": "0.895", "best_ask": "0.958"}], "timestamp": "1769384288392", "event_type": "price_change"}}
{"_local_timestamp": "2026-01-25T23:38:09.778679+00:00", "data": {"market": "0xd8c1b0a73653b1fb4fb6e8d13d0063d25810870d7ddf83e61fffb4de4522edf1", "price_changes": [{"asset_id": "45429668890056162364307617807576387840293305143387096943585488315586563658159", "price": "0.003", "size": "144.17", "side": "BUY", "hash": "c5a95e1c316ebf1d5c8b1c9ef66ac0ddd3848434", "best_bid": "0.042", "best_ask": "0.105"}, {"asset_id": "63147276005126770880954125047261230986291997315680909701649556277988435329355", "price": "0.997", "size": "144.17", "side": "SELL", "hash": "5d6f5691e81094b2acc4f3507b20774da5ddc88e", "best_bid": "0.895", "best_ask": "0.958"}], "timestamp": "1769384289665", "event_type": "price_change"}}
{"_local_timestamp": "2026-01-25T23:38:10.149614+00:00", "data": {"market": "0xd8c1b0a73653b1fb4fb6e8d13d0063d25810870d7ddf83e61fffb4de4522edf1", "price_changes": [{"asset_id": "45429668890056162364307617807576387840293305143387096943585488315586563658159", "price": "0.003", "size": "152.04", "side": "BUY", "hash": "58841251f9033888b447503c188ffecb17af580b", "best_bid": "0.042", "best_ask": "0.105"}, {"asset_id": "63147276005126770880954125047261230986291997315680909701649556277988435329355", "price": "0.997", "size": "152.04", "side": "SELL", "hash": "17491257f5a3d0ad8adfffe1b6ba97cb0b1dd7c7", "best_bid": "0.895", "best_ask": "0.958"}], "timestamp": "1769384289996", "event_type": "price_change"}}
{"_local_timestamp": "2026-01-25T23:38:11.586556+00:00", "data": {"market": "0xd8c1b0a73653b1fb4fb6e8d13d0063d25810870d7ddf83e61fffb4de4522edf1", "price_changes": [{"asset_id": "45429668890056162364307617807576387840293305143387096943585488315586563658159", "price": "0.003", "size": "144.17", "side": "BUY", "hash": "0a92e8d544806ca3b4a83f3b701eb093e71ee771", "best_bid": "0.042", "best_ask": "0.105"}, {"asset_id": "63147276005126770880954125047261230986291997315680909701649556277988435329355", "price": "0.997", "size": "144.17", "side": "SELL", "hash": "00597f8d49329610fea265f8de3a4288322eda0a", "best_bid": "0.895", "best_ask": "0.958"}], "timestamp": "1769384291512", "event_type": "price_change"}}
{"_local_timestamp": "2026-01-25T23:38:11.867555+00:00", "data": {"market": "0xd8c1b0a73653b1fb4fb6e8d13d0063d25810870d7ddf83e61fffb4de4522edf1", "price_changes": [{"asset_id": "45429668890056162364307617807576387840293305143387096943585488315586563658159", "price": "0.003", "size": "152.04", "side": "BUY", "hash": "0952d39192a57a7868a419a85f376c02ea73fcf8", "best_bid": "0.042", "best_ask": "0.105"}, {"asset_id": "63147276005126770880954125047261230986291997315680909701649556277988435329355", "price": "0.997", "size": "152.04", "side": "SELL", "hash": "0a9f1124dc04f81152fb966f50bd80d0bb116375", "best_bid": "0.895", "best_ask": "0.958"}], "timestamp": "1769384291789", "event_type": "price_change"}}
{"_local_timestamp": "2026-01-25T23:38:13.448530+00:00", "data": {"market": "0xd8c1b0a73653b1fb4fb6e8d13d0063d25810870d7ddf83e61fffb4de4522edf1", "price_changes": [{"asset_id": "45429668890056162364307617807576387840293305143387096943585488315586563658159", "price": "0.003", "size": "144.17", "side": "BUY", "hash": "84acc34df52d2d6e66ffb43cebe4330a73cc4b20", "best_bid": "0.042", "best_ask": "0.105"}, {"asset_id": "63147276005126770880954125047261230986291997315680909701649556277988435329355", "price": "0.997", "size": "144.17", "side": "SELL", "hash": "74afb60b2747ecbd473bd50417faa5021b5301cb", "best_bid": "0.895", "best_ask": "0.958"}], "timestamp": "1769384293357", "event_type": "price_change"}}
{"_local_timestamp": "2026-01-25T23:38:13.453578+00:00", "data": {"market": "0xd8c1b0a73653b1fb4fb6e8d13d0063d25810870d7ddf83e61fffb4de4522edf1", "price_changes": [{"asset_id": "45429668890056162364307617807576387840293305143387096943585488315586563658159", "price": "0.104", "size": "24.99", "side": "SELL", "hash": "276504cb7305f8e4939beb6508ee54b3d5eba3ec", "best_bid": "0.042", "best_ask": "0.104"}, {"asset_id": "63147276005126770880954125047261230986291997315680909701649556277988435329355", "price": "0.896", "size": "24.99", "side": "BUY", "hash": "ac932cbd3daaa3695711c33959abf3680372d536", "best_bid": "0.896", "best_ask": "0.958"}], "timestamp": "1769384293364", "event_type": "price_change"}}
{"_local_timestamp": "2026-01-25T23:38:13.989395+00:00", "data": {"market": "0xd8c1b0a73653b1fb4fb6e8d13d0063d25810870d7ddf83e61fffb4de4522edf1", "price_changes": [{"asset_id": "45429668890056162364307617807576387840293305143387096943585488315586563658159", "price": "0.003", "size": "152.04", "side": "BUY", "hash": "e79fb776b5c4f989dc1dfd572e5386d0caf81135", "best_bid": "0.042", "best_ask": "0.104"}, {"asset_id": "63147276005126770880954125047261230986291997315680909701649556277988435329355", "price": "0.997", "size": "152.04", "side": "SELL", "hash": "5987292c80b9088fed8539b2127c1a42297d8980", "best_bid": "0.896", "best_ask": "0.958"}], "timestamp": "1769384293917", "event_type": "price_change"}}
{"_local_timestamp": "2026-01-25T23:38:16.804349+00:00", "data": {"market": "0xd8c1b0a73653b1fb4fb6e8d13d0063d25810870d7ddf83e61fffb4de4522edf1", "price_changes": [{"asset_id": "45429668890056162364307617807576387840293305143387096943585488315586563658159", "price": "0.003", "size": "144.17", "side": "BUY", "hash": "9a559179028b5020f53b5fe11393982fecc69d86", "best_bid": "0.042", "best_ask": "0.104"}, {"asset_id": "63147276005126770880954125047261230986291997315680909701649556277988435329355", "price": "0.997", "size": "144.17", "side": "SELL", "hash": "f0f37a59327d6244f798fb9fdd855c0eb263fbb5", "best_bid": "0.896", "best_ask": "0.958"}], "timestamp": "1769384296727", "event_type": "price_change"}}
{"_local_timestamp": "2026-01-25T23:38:17.227394+00:00", "data": {"market": "0xd8c1b0a73653b1fb4fb6e8d13d0063d25810870d7ddf83e61fffb4de4522edf1", "price_changes": [{"asset_id": "45429668890056162364307617807576387840293305143387096943585488315586563658159", "price": "0.003", "size": "152.04", "side": "BUY", "hash": "9498e2b7227e301b077878d812ea668528bd1239", "best_bid": "0.042", "best_ask": "0.104"}, {"asset_id": "63147276005126770880954125047261230986291997315680909701649556277988435329355", "price": "0.997", "size": "152.04", "side": "SELL", "hash": "547d721617675915f6500bbbf45e91a5055952be", "best_bid": "0.896", "best_ask": "0.958"}], "timestamp": "1769384297154", "event_type": "price_change"}}
{"_local_timestamp": "2026-01-25T23:38:18.562610+00:00", "data": {"market": "0xd8c1b0a73653b1fb4fb6e8d13d0063d25810870d7ddf83e61fffb4de4522edf1", "price_changes": [{"asset_id": "45429668890056162364307617807576387840293305143387096943585488315586563658159", "price": "0.003", "size": "144.17", "side": "BUY", "hash": "45c0e7c63d292b11cd1af5333778c160f867f67f", "best_bid": "0.042", "best_ask": "0.104"}, {"asset_id": "63147276005126770880954125047261230986291997315680909701649556277988435329355", "price": "0.997", "size": "144.17", "side": "SELL", "hash": "6949d0c77b323ec174aba15b7ce6f5207eb024ed", "best_bid": "0.896", "best_ask": "0.958"}], "timestamp": "1769384298485", "event_type": "price_change"}}
{"_local_timestamp": "2026-01-25T23:38:19.011577+00:00", "data": {"market": "0xd8c1b0a73653b1fb4fb6e8d13d0063d25810870d7ddf83e61fffb4de4522edf1", "price_changes": [{"asset_id": "45429668890056162364307617807576387840293305143387096943585488315586563658159", "price": "0.003", "size": "152.04", "side": "BUY", "hash": "b68dc6f37df4e3b3cdced868737903e305e5c2ce", "best_bid": "0.042", "best_ask": "0.104"}, {"asset_id": "63147276005126770880954125047261230986291997315680909701649556277988435329355", "price": "0.997", "size": "152.04", "side": "SELL", "hash": "12ffd4f8d4cb9f1745dc679227c5dba7b771850a", "best_bid": "0.896", "best_ask": "0.958"}], "timestamp": "1769384298934", "event_type": "price_change"}}
{"_local_timestamp": "2026-01-25T23:38:21.391443+00:00", "data": {"market": "0xd8c1b0a73653b1fb4fb6e8d13d0063d25810870d7ddf83e61fffb4de4522edf1", "price_changes": [{"asset_id": "45429668890056162364307617807576387840293305143387096943585488315586563658159", "price": "0.003", "size": "144.17", "side": "BUY", "hash": "287d9c7379055ec982f0fb217740638b13086aef", "best_bid": "0.042", "best_ask": "0.104"}, {"asset_id": "63147276005126770880954125047261230986291997315680909701649556277988435329355", "price": "0.997", "size": "144.17", "side": "SELL", "hash": "d6342d8ad3da2cea9a3fd8717d408720d3b0ce76", "best_bid": "0.896", "best_ask": "0.958"}], "timestamp": "1769384301230", "event_type": "price_change"}}
{"_local_timestamp": "2026-01-25T23:38:21.761324+00:00", "data": {"market": "0xd8c1b0a73653b1fb4fb6e8d13d0063d25810870d7ddf83e61fffb4de4522edf1", "price_changes": [{"asset_id": "45429668890056162364307617807576387840293305143387096943585488315586563658159", "price": "0.004", "size": "5.9", "side": "BUY", "hash": "91774f06f74864eda9fb1f6f3a270e1cd927acb0", "best_bid": "0.042", "best_ask": "0.104"}, {"asset_id": "63147276005126770880954125047261230986291997315680909701649556277988435329355", "price": "0.996", "size": "5.9", "side": "SELL", "hash": "17c0d6c4c03e802cf3edf9c91eaa7d5469c91a77", "best_bid": "0.896", "best_ask": "0.958"}], "timestamp": "1769384301677", "event_type": "price_change"}}
{"_local_timestamp": "2026-01-25T23:38:23.233423+00:00", "data": {"market": "0xd8c1b0a73653b1fb4fb6e8d13d0063d25810870d7ddf83e61fffb4de4522edf1", "price_changes": [{"asset_id": "45429668890056162364307617807576387840293305143387096943585488315586563658159", "price": "0.004", "size": "0", "side": "BUY", "hash": "c31f0cbaf74e93ef6139ad8812293a0224223492", "best_bid": "0.042", "best_ask": "0.104"}, {"asset_id": "63147276005126770880954125047261230986291997315680909701649556277988435329355", "price": "0.996", "size": "0", "side": "SELL", "hash": "c20495aff9ddd0e39b7bf8464a1f7956b8f51e3d", "best_bid": "0.896", "best_ask": "0.958"}], "timestamp": "1769384303159", "event_type": "price_change"}}
{"_local_timestamp": "2026-01-25T23:38:23.705449+00:00", "data": {"market": "0xd8c1b0a73653b1fb4fb6e8d13d0063d25810870d7ddf83e61fffb4de4522edf1", "price_changes": [{"asset_id": "45429668890056162364307617807576387840293305143387096943585488315586563658159", "price": "0.003", "size": "152.04", "side": "BUY", "hash": "58a3751e22f39e495451a1eb473c41bcd5136995", "best_bid": "0.042", "best_ask": "0.104"}, {"asset_id": "63147276005126770880954125047261230986291997315680909701649556277988435329355", "price": "0.997", "size": "152.04", "side": "SELL", "hash": "3bece19c2bbceae9cdae9dc1c2a4ab911282a983", "best_bid": "0.896", "best_ask": "0.958"}], "timestamp": "1769384303634", "event_type": "price_change"}}
{"_local_timestamp": "2026-01-25T23:38:24.588394+00:00", "data": {"market": "0xd8c1b0a73653b1fb4fb6e8d13d0063d25810870d7ddf83e61fffb4de4522edf1", "price_changes": [{"asset_id": "45429668890056162364307617807576387840293305143387096943585488315586563658159", "price": "0.003", "size": "144.17", "side": "BUY", "hash": "5694fd6e3abd535e811a4b072e3d0f5130734d8c", "best_bid": "0.042", "best_ask": "0.104"}, {"asset_id": "63147276005126770880954125047261230986291997315680909701649556277988435329355", "price": "0.997", "size": "144.17", "side": "SELL", "hash": "7a096bbe413f591aeda60ce122ada1ac32b8270b", "best_bid": "0.896", "best_ask": "0.958"}], "timestamp": "1769384304519", "event_type": "price_change"}}
{"_local_timestamp": "2026-01-25T23:38:24.994988+00:00", "data": {"market": "0xd8c1b0a73653b1fb4fb6e8d13d0063d25810870d7ddf83e61fffb4de4522edf1", "price_changes": [{"asset_id": "45429668890056162364307617807576387840293305143387096943585488315586563658159", "price": "0.004", "size": "5.9", "side": "BUY", "hash": "7322ce09d5d99f51fbea98fbfda419dea338feb5", "best_bid": "0.042", "best_ask": "0.104"}, {"asset_id": "63147276005126770880954125047261230986291997315680909701649556277988435329355", "price": "0.996", "size": "5.9", "side": "SELL", "hash": "c3a38bdf5f577e161eaad81b89b64abed4d8e49e", "best_bid": "0.896", "best_ask": "0.958"}], "timestamp": "1769384304923", "event_type": "price_change"}}
{"_local_timestamp": "2026-01-25T23:38:27.783026+00:00", "data": {"market": "0xd8c1b0a73653b1fb4fb6e8d13d0063d25810870d7ddf83e61fffb4de4522edf1", "price_changes": [{"asset_id": "45429668890056162364307617807576387840293305143387096943585488315586563658159", "price": "0.004", "size": "0", "side": "BUY", "hash": "7df12befa3dd61f4705d0d9cb14a04961fd5e3a3", "best_bid": "0.042", "best_ask": "0.104"}, {"asset_id": "63147276005126770880954125047261230986291997315680909701649556277988435329355", "price": "0.996", "size": "0", "side": "SELL", "hash": "be2fe1f604ff16d6e6bf7872dc8c73210d034a7d", "best_bid": "0.896", "best_ask": "0.958"}], "timestamp": "1769384307711", "event_type": "price_change"}}
{"_local_timestamp": "2026-01-25T23:38:28.124571+00:00", "data": {"market": "0xd8c1b0a73653b1fb4fb6e8d13d0063d25810870d7ddf83e61fffb4de4522edf1", "price_changes": [{"asset_id": "45429668890056162364307617807576387840293305143387096943585488315586563658159", "price": "0.003", "size": "152.04", "side": "BUY", "hash": "d85f10576ee79d8048753b48fc6458831ae70204", "best_bid": "0.042", "best_ask": "0.104"}, {"asset_id": "63147276005126770880954125047261230986291997315680909701649556277988435329355", "price": "0.997", "size": "152.04", "side": "SELL", "hash": "0ea4c149e067deb401014b5a0e9053a968fb4be6", "best_bid": "0.896", "best_ask": "0.958"}], "timestamp": "1769384308047", "event_type": "price_change"}}
{"_local_timestamp": "2026-01-25T23:38:29.653282+00:00", "data": {"market": "0xd8c1b0a73653b1fb4fb6e8d13d0063d25810870d7ddf83e61fffb4de4522edf1", "price_changes": [{"asset_id": "63147276005126770880954125047261230986291997315680909701649556277988435329355", "price": "0.262", "size": "0", "side": "BUY", "hash": "fa89cd743c1d479f02338076ddaefeb0442f024e", "best_bid": "0.896", "best_ask": "0.958"}, {"asset_id": "45429668890056162364307617807576387840293305143387096943585488315586563658159", "price": "0.738", "size": "0", "side": "SELL", "hash": "a028497fbbb599558e45554bd02a6684e44aeb87", "best_bid": "0.042", "best_ask": "0.104"}], "timestamp": "1769384309578", "event_type": "price_change"}}
{"_local_timestamp": "2026-01-25T23:38:29.654099+00:00", "data": {"market": "0xd8c1b0a73653b1fb4fb6e8d13d0063d25810870d7ddf83e61fffb4de4522edf1", "price_changes": [{"asset_id": "45429668890056162364307617807576387840293305143387096943585488315586563658159", "price": "0.003", "size": "144.17", "side": "BUY", "hash": "6333fb9386dc1568720c207eff4f6c1fa085a19d", "best_bid": "0.042", "best_ask": "0.104"}, {"asset_id": "63147276005126770880954125047261230986291997315680909701649556277988435329355", "price": "0.997", "size": "144.17", "side": "SELL", "hash": "883826c2c0f59e2a6f378580b0a61bc145f04569", "best_bid": "0.896", "best_ask": "0.958"}], "timestamp": "1769384309578", "event_type": "price_change"}}
{"_local_timestamp": "2026-01-25T23:38:29.995281+00:00", "data": {"market": "0xd8c1b0a73653b1fb4fb6e8d13d0063d25810870d7ddf83e61fffb4de4522edf1", "price_changes": [{"asset_id": "63147276005126770880954125047261230986291997315680909701649556277988435329355", "price": "0.262", "size": "5", "side": "BUY", "hash": "8a40da418ba99290afa759ee01c44dbd9f5e463d", "best_bid": "0.896", "best_ask": "0.958"}, {"asset_id": "45429668890056162364307617807576387840293305143387096943585488315586563658159", "price": "0.738", "size": "5", "side": "SELL", "hash": "e95522b3ca03128d8a6fbba2c4035ae555b98ee8", "best_bid": "0.042", "best_ask": "0.104"}], "timestamp": "1769384309924", "event_type": "price_change"}}
{"_local_timestamp": "2026-01-25T23:38:29.995838+00:00", "data": {"market": "0xd8c1b0a73653b1fb4fb6e8d13d0063d25810870d7ddf83e61fffb4de4522edf1", "price_changes": [{"asset_id": "45429668890056162364307617807576387840293305143387096943585488315586563658159", "price": "0.004", "size": "5.9", "side": "BUY", "hash": "cfc0bfb83185399cacfd5a19de5a25aee2cfa984", "best_bid": "0.042", "best_ask": "0.104"}, {"asset_id": "63147276005126770880954125047261230986291997315680909701649556277988435329355", "price": "0.996", "size": "5.9", "side": "SELL", "hash": "b54ab042ea8c799ce46cd1f6fe9612cf91a1cb33", "best_bid": "0.896", "best_ask": "0.958"}], "timestamp": "1769384309925", "event_type": "price_change"}}
{"_local_timestamp": "2026-01-25T23:38:32.128728+00:00", "data": {"market": "0xd8c1b0a73653b1fb4fb6e8d13d0063d25810870d7ddf83e61fffb4de4522edf1", "price_changes": [{"asset_id": "45429668890056162364307617807576387840293305143387096943585488315586563658159", "price": "0.004", "size": "0", "side": "BUY", "hash": "e3df48e8c60d89af21c2e8f71e6113ba9b587bc6", "best_bid": "0.042", "best_ask": "0.104"}, {"asset_id": "63147276005126770880954125047261230986291997315680909701649556277988435329355", "price": "0.996", "size": "0", "side": "SELL", "hash": "709014e5cab5b60b1ace65a777ce509e50ac80f2", "best_bid": "0.896", "best_ask": "0.958"}], "timestamp": "1769384312056", "event_type": "price_change"}}
{"_local_timestamp": "2026-01-25T23:38:32.323010+00:00", "data": {"market": "0xd8c1b0a73653b1fb4fb6e8d13d0063d25810870d7ddf83e61fffb4de4522edf1", "price_changes": [{"asset_id": "45429668890056162364307617807576387840293305143387096943585488315586563658159", "price": "0.003", "size": "152.04", "side": "BUY", "hash": "dcce10c7c71bbf417d87a8427c63eda96cc8ee45", "best_bid": "0.042", "best_ask": "0.104"}, {"asset_id": "63147276005126770880954125047261230986291997315680909701649556277988435329355", "price": "0.997", "size": "152.04", "side": "SELL", "hash": "4269d095df14d2f0250ea9fbc21c3a76a7d8a911", "best_bid": "0.896", "best_ask": "0.958"}], "timestamp": "1769384312251", "event_type": "price_change"}}
{"_local_timestamp": "2026-01-25T23:38:33.109251+00:00", "data": {"market": "0xd8c1b0a73653b1fb4fb6e8d13d0063d25810870d7ddf83e61fffb4de4522edf1", "price_changes": [{"asset_id": "45429668890056162364307617807576387840293305143387096943585488315586563658159", "price": "0.138", "size": "0", "side": "SELL", "hash": "a3c7aad78a4fff3fa0c226c46bf81116312387ee", "best_bid": "0.042", "best_ask": "0.104"}, {"asset_id": "63147276005126770880954125047261230986291997315680909701649556277988435329355", "price": "0.862", "size": "0", "side": "BUY", "hash": "61614fe068a425f31da492352d94978c63f13699", "best_bid": "0.896", "best_ask": "0.958"}], "timestamp": "1769384313006", "event_type": "price_change"}}
{"_local_timestamp": "2026-01-25T23:38:33.192198+00:00", "data": {"market": "0xd8c1b0a73653b1fb4fb6e8d13d0063d25810870d7ddf83e61fffb4de4522edf1", "price_changes": [{"asset_id": "45429668890056162364307617807576387840293305143387096943585488315586563658159", "price": "0.104", "size": "47.06", "side": "SELL", "hash": "e8ba79e7951fdadb5fd6a806a65ee452444fdddf", "best_bid": "0.042", "best_ask": "0.104"}, {"asset_id": "63147276005126770880954125047261230986291997315680909701649556277988435329355", "price": "0.896", "size": "47.06", "side": "BUY", "hash": "e51af8cedd1d3152e77c82313545cff24d7781d4", "best_bid": "0.896", "best_ask": "0.958"}], "timestamp": "1769384313124", "event_type": "price_change"}}
{"_local_timestamp": "2026-01-25T23:38:34.495471+00:00", "data": {"market": "0xd8c1b0a73653b1fb4fb6e8d13d0063d25810870d7ddf83e61fffb4de4522edf1", "price_changes": [{"asset_id": "45429668890056162364307617807576387840293305143387096943585488315586563658159", "price": "0.003", "size": "144.17", "side": "BUY", "hash": "1cb6252d180cb5d081284380f2e2ef1d9fcea432", "best_bid": "0.042", "best_ask": "0.104"}, {"asset_id": "63147276005126770880954125047261230986291997315680909701649556277988435329355", "price": "0.997", "size": "144.17", "side": "SELL", "hash": "26c03f61dc6c8e58a7cd727f5b8733439933b4b5", "best_bid": "0.896", "best_ask": "0.958"}], "timestamp": "1769384314421", "event_type": "price_change"}}
{"_local_timestamp": "2026-01-25T23:38:34.916135+00:00", "data": {"market": "0xd8c1b0a73653b1fb4fb6e8d13d0063d25810870d7ddf83e61fffb4de4522edf1", "price_changes": [{"asset_id": "45429668890056162364307617807576387840293305143387096943585488315586563658159", "price": "0.003", "size": "152.04", "side": "BUY", "hash": "f0615b05c390faffc316b68823c4ecf9cf373954", "best_bid": "0.042", "best_ask": "0.104"}, {"asset_id": "63147276005126770880954125047261230986291997315680909701649556277988435329355", "price": "0.997", "size": "152.04", "side": "SELL", "hash": "20627de431dfc27dbea4eda4b8cad8f2f51c69ee", "best_bid": "0.896", "best_ask": "0.958"}], "timestamp": "1769384314845", "event_type": "price_change"}}
{"_local_timestamp": "2026-01-25T23:38:36.324296+00:00", "data": {"market": "0xd8c1b0a73653b1fb4fb6e8d13d0063d25810870d7ddf83e61fffb4de4522edf1", "price_changes": [{"asset_id": "45429668890056162364307617807576387840293305143387096943585488315586563658159", "price": "0.003", "size": "144.17", "side": "BUY", "hash": "7e300cbe9911e47fe6a0ccdb92f451047af91612", "best_bid": "0.042", "best_ask": "0.104"}, {"asset_id": "63147276005126770880954125047261230986291997315680909701649556277988435329355", "price": "0.997", "size": "144.17", "side": "SELL", "hash": "08e738a6be50ccfca8c03f790d501219eed64efa", "best_bid": "0.896", "best_ask": "0.958"}], "timestamp": "1769384316253", "event_type": "price_change"}}
{"_local_timestamp": "2026-01-25T23:38:36.597367+00:00", "data": {"market": "0xd8c1b0a73653b1fb4fb6e8d13d0063d25810870d7ddf83e61fffb4de4522edf1", "price_changes": [{"asset_id": "45429668890056162364307617807576387840293305143387096943585488315586563658159", "price": "0.004", "size": "5.9", "side": "BUY", "hash": "afd9d49fcd3ac3f90f94b64b76dd5c19f546f029", "best_bid": "0.042", "best_ask": "0.104"}, {"asset_id": "63147276005126770880954125047261230986291997315680909701649556277988435329355", "price": "0.996", "size": "5.9", "side": "SELL", "hash": "3c1f45cb07fca723d82c8af7aa0f2ddf1cfab286", "best_bid": "0.896", "best_ask": "0.958"}], "timestamp": "1769384316519", "event_type": "price_change"}}
{"_local_timestamp": "2026-01-25T23:38:38.335871+00:00", "data": {"market": "0xd8c1b0a73653b1fb4fb6e8d13d0063d25810870d7ddf83e61fffb4de4522edf1", "price_changes": [{"asset_id": "45429668890056162364307617807576387840293305143387096943585488315586563658159", "price": "0.004", "size": "0", "side": "BUY", "hash": "f1ab2d771e3731816685078d8280c3ae84e6fb57", "best_bid": "0.042", "best_ask": "0.104"}, {"asset_id": "63147276005126770880954125047261230986291997315680909701649556277988435329355", "price": "0.996", "size": "0", "side": "SELL", "hash": "c847fef784f98667acfa2b3af418d4b533a27423", "best_bid": "0.896", "best_ask": "0.958"}], "timestamp": "1769384318258", "event_type": "price_change"}}
{"_local_timestamp": "2026-01-25T23:38:38.736414+00:00", "data": {"market": "0xd8c1b0a73653b1fb4fb6e8d13d0063d25810870d7ddf83e61fffb4de4522edf1", "price_changes": [{"asset_id": "45429668890056162364307617807576387840293305143387096943585488315586563658159", "price": "0.003", "size": "152.04", "side": "BUY", "hash": "5af6cd34db9334be67f9c95c8ebba569a45b5805", "best_bid": "0.042", "best_ask": "0.104"}, {"asset_id": "63147276005126770880954125047261230986291997315680909701649556277988435329355", "price": "0.997", "size": "152.04", "side": "SELL", "hash": "2f18841dfa1dbf402650428eec3238bbf6e9dd3c", "best_bid": "0.896", "best_ask": "0.958"}], "timestamp": "1769384318656", "event_type": "price_change"}}
{"_local_timestamp": "2026-01-25T23:38:39.701449+00:00", "data": {"market": "0xd8c1b0a73653b1fb4fb6e8d13d0063d25810870d7ddf83e61fffb4de4522edf1", "price_changes": [{"asset_id": "45429668890056162364307617807576387840293305143387096943585488315586563658159", "price": "0.003", "size": "144.17", "side": "BUY", "hash": "23384cfcce31b76aaabf199e8a30d3821a6f8b11", "best_bid": "0.042", "best_ask": "0.104"}, {"asset_id": "63147276005126770880954125047261230986291997315680909701649556277988435329355", "price": "0.997", "size": "144.17", "side": "SELL", "hash": "5d8d7d5231965d00e99faaa91dfb930b91212b02", "best_bid": "0.896", "best_ask": "0.958"}], "timestamp": "1769384319629", "event_type": "price_change"}}
{"_local_timestamp": "2026-01-25T23:38:39.969469+00:00", "data": {"market": "0xd8c1b0a73653b1fb4fb6e8d13d0063d25810870d7ddf83e61fffb4de4522edf1", "price_changes": [{"asset_id": "45429668890056162364307617807576387840293305143387096943585488315586563658159", "price": "0.004", "size": "5.9", "side": "BUY", "hash": "20c83c55357245e2dd59c601699524de085b4b47", "best_bid": "0.042", "best_ask": "0.104"}, {"asset_id": "63147276005126770880954125047261230986291997315680909701649556277988435329355", "price": "0.996", "size": "5.9", "side": "SELL", "hash": "00f7859124ffb2f4095139ac2fc2c4a6b2af4ba8", "best_bid": "0.896", "best_ask": "0.958"}], "timestamp": "1769384319888", "event_type": "price_change"}}
{"_local_timestamp": "2026-01-25T23:38:41.116512+00:00", "data": {"market": "0xd8c1b0a73653b1fb4fb6e8d13d0063d25810870d7ddf83e61fffb4de4522edf1", "price_changes": [{"asset_id": "45429668890056162364307617807576387840293305143387096943585488315586563658159", "price": "0.004", "size": "0", "side": "BUY", "hash": "6c7d7f21e30ecc01c8961d53f83872cb8255f3a8", "best_bid": "0.042", "best_ask": "0.104"}, {"asset_id": "63147276005126770880954125047261230986291997315680909701649556277988435329355", "price": "0.996", "size": "0", "side": "SELL", "hash": "d5f6e2d750e68df4beff6e1aa44fc710904e2e99", "best_bid": "0.896", "best_ask": "0.958"}], "timestamp": "1769384321032", "event_type": "price_change"}}
{"_local_timestamp": "2026-01-25T23:38:41.560812+00:00", "data": {"market": "0xd8c1b0a73653b1fb4fb6e8d13d0063d25810870d7ddf83e61fffb4de4522edf1", "price_changes": [{"asset_id": "45429668890056162364307617807576387840293305143387096943585488315586563658159", "price": "0.003", "size": "152.04", "side": "BUY", "hash": "57bad477f3d7d4e974e7d40033edf84ee976acef", "best_bid": "0.042", "best_ask": "0.104"}, {"asset_id": "63147276005126770880954125047261230986291997315680909701649556277988435329355", "price": "0.997", "size": "152.04", "side": "SELL", "hash": "f7e30a79736a819500109db26c34047f6cff7416", "best_bid": "0.896", "best_ask": "0.958"}], "timestamp": "1769384321405", "event_type": "price_change"}}
{"_local_timestamp": "2026-01-25T23:38:42.915228+00:00", "data": {"market": "0xd8c1b0a73653b1fb4fb6e8d13d0063d25810870d7ddf83e61fffb4de4522edf1", "price_changes": [{"asset_id": "45429668890056162364307617807576387840293305143387096943585488315586563658159", "price": "0.003", "size": "144.17", "side": "BUY", "hash": "4ea212a1cfca3a2267ea1e173f1618bf3bf960cc", "best_bid": "0.042", "best_ask": "0.104"}, {"asset_id": "63147276005126770880954125047261230986291997315680909701649556277988435329355", "price": "0.997", "size": "144.17", "side": "SELL", "hash": "103b686e94eb09d62420338c86e09025730b2661", "best_bid": "0.896", "best_ask": "0.958"}], "timestamp": "1769384322833", "event_type": "price_change"}}
{"_local_timestamp": "2026-01-25T23:38:43.272847+00:00", "data": {"market": "0xd8c1b0a73653b1fb4fb6e8d13d0063d25810870d7ddf83e61fffb4de4522edf1", "price_changes": [{"asset_id": "45429668890056162364307617807576387840293305143387096943585488315586563658159", "price": "0.003", "size": "152.04", "side": "BUY", "hash": "30609133c1a53be6c8f26cfed65cded5496d62d5", "best_bid": "0.042", "best_ask": "0.104"}, {"asset_id": "63147276005126770880954125047261230986291997315680909701649556277988435329355", "price": "0.997", "size": "152.04", "side": "SELL", "hash": "c88bc9e03a6c4f56156b90da1c559006accada06", "best_bid": "0.896", "best_ask": "0.958"}], "timestamp": "1769384323200", "event_type": "price_change"}}
{"_local_timestamp": "2026-01-25T23:38:44.551506+00:00", "data": {"market": "0xd8c1b0a73653b1fb4fb6e8d13d0063d25810870d7ddf83e61fffb4de4522edf1", "price_changes": [{"asset_id": "45429668890056162364307617807576387840293305143387096943585488315586563658159", "price": "0.003", "size": "144.17", "side": "BUY", "hash": "8bb0296f4cf23eb56c3d7e289f9af16d65fe87d8", "best_bid": "0.042", "best_ask": "0.104"}, {"asset_id": "63147276005126770880954125047261230986291997315680909701649556277988435329355", "price": "0.997", "size": "144.17", "side": "SELL", "hash": "38f2acbebdb994dcf2c55f6dd4e0f1a16e01fd0f", "best_bid": "0.896", "best_ask": "0.958"}], "timestamp": "1769384324478", "event_type": "price_change"}}
{"_local_timestamp": "2026-01-25T23:38:44.893728+00:00", "data": {"market": "0xd8c1b0a73653b1fb4fb6e8d13d0063d25810870d7ddf83e61fffb4de4522edf1", "price_changes": [{"asset_id": "45429668890056162364307617807576387840293305143387096943585488315586563658159", "price": "0.003", "size": "152.04", "side": "BUY", "hash": "40011402e669c2dc5f1edca5da5a2bbba8bc4642", "best_bid": "0.042", "best_ask": "0.104"}, {"asset_id": "63147276005126770880954125047261230986291997315680909701649556277988435329355", "price": "0.997", "size": "152.04", "side": "SELL", "hash": "8757945b5cae348e8401298a7cc9d18bf148ad68", "best_bid": "0.896", "best_ask": "0.958"}], "timestamp": "1769384324825", "event_type": "price_change"}}
{"_local_timestamp": "2026-01-25T23:38:46.309130+00:00", "data": {"market": "0xd8c1b0a73653b1fb4fb6e8d13d0063d25810870d7ddf83e61fffb4de4522edf1", "price_changes": [{"asset_id": "45429668890056162364307617807576387840293305143387096943585488315586563658159", "price": "0.003", "size": "144.17", "side": "BUY", "hash": "7ebedc9f7a5f34cc2f40873901b70df8299ee20a", "best_bid": "0.042", "best_ask": "0.104"}, {"asset_id": "63147276005126770880954125047261230986291997315680909701649556277988435329355", "price": "0.997", "size": "144.17", "side": "SELL", "hash": "a665d56cd06d8c56f41781e419362ae3aa2d50c8", "best_bid": "0.896", "best_ask": "0.958"}], "timestamp": "1769384326234", "event_type": "price_change"}}
{"_local_timestamp": "2026-01-25T23:38:46.675621+00:00", "data": {"market": "0xd8c1b0a73653b1fb4fb6e8d13d0063d25810870d7ddf83e61fffb4de4522edf1", "price_changes": [{"asset_id": "45429668890056162364307617807576387840293305143387096943585488315586563658159", "price": "0.003", "size": "152.04", "side": "BUY", "hash": "34f0a02ed1837f65aa615651140f1665a23a0ca6", "best_bid": "0.042", "best_ask": "0.104"}, {"asset_id": "63147276005126770880954125047261230986291997315680909701649556277988435329355", "price": "0.997", "size": "152.04", "side": "SELL", "hash": "d70f0ee3c2f3f5553666ee8748c90b984a0dcbcd", "best_bid": "0.896", "best_ask": "0.958"}], "timestamp": "1769384326602", "event_type": "price_change"}}
{"_local_timestamp": "2026-01-25T23:38:48.082963+00:00", "data": {"market": "0xd8c1b0a73653b1fb4fb6e8d13d0063d25810870d7ddf83e61fffb4de4522edf1", "price_changes": [{"asset_id": "45429668890056162364307617807576387840293305143387096943585488315586563658159", "price": "0.003", "size": "144.17", "side": "BUY", "hash": "479c3344259c5766cf4022566486c1b1e4210562", "best_bid": "0.042", "best_ask": "0.104"}, {"asset_id": "63147276005126770880954125047261230986291997315680909701649556277988435329355", "price": "0.997", "size": "144.17", "side": "SELL", "hash": "89224b68f318a948c648d756904f7363bfe904a1", "best_bid": "0.896", "best_ask": "0.958"}], "timestamp": "1769384328001", "event_type": "price_change"}}
{"_local_timestamp": "2026-01-25T23:38:48.473744+00:00", "data": {"market": "0xd8c1b0a73653b1fb4fb6e8d13d0063d25810870d7ddf83e61fffb4de4522edf1", "price_changes": [{"asset_id": "45429668890056162364307617807576387840293305143387096943585488315586563658159", "price": "0.004", "size": "5.9", "side": "BUY", "hash": "e4fb35d5d6a3a23121fbf6436f533f32c59d4307", "best_bid": "0.042", "best_ask": "0.104"}, {"asset_id": "63147276005126770880954125047261230986291997315680909701649556277988435329355", "price": "0.996", "size": "5.9", "side": "SELL", "hash": "a9179e0c65fffbe0bd83ef11deb2f60630e6eda7", "best_bid": "0.896", "best_ask": "0.958"}], "timestamp": "1769384328400", "event_type": "price_change"}}
{"_local_timestamp": "2026-01-25T23:38:49.692667+00:00", "data": {"market": "0xd8c1b0a73653b1fb4fb6e8d13d0063d25810870d7ddf83e61fffb4de4522edf1", "price_changes": [{"asset_id": "45429668890056162364307617807576387840293305143387096943585488315586563658159", "price": "0.004", "size": "0", "side": "BUY", "hash": "c539ae9cb654975546d28d19977fbf36199d4955", "best_bid": "0.042", "best_ask": "0.104"}, {"asset_id": "63147276005126770880954125047261230986291997315680909701649556277988435329355", "price": "0.996", "size": "0", "side": "SELL", "hash": "adbaf7dc3203cf6a8594c16850b4d91876c43657", "best_bid": "0.896", "best_ask": "0.958"}], "timestamp": "1769384329604", "event_type": "price_change"}}
{"_local_timestamp": "2026-01-25T23:38:49.693319+00:00", "data": {"market": "0xd8c1b0a73653b1fb4fb6e8d13d0063d25810870d7ddf83e61fffb4de4522edf1", "price_changes": [{"asset_id": "63147276005126770880954125047261230986291997315680909701649556277988435329355", "price": "0.262", "size": "0", "side": "BUY", "hash": "e565cd4cc8b5c186e8efc8e493dda68d53b97286", "best_bid": "0.896", "best_ask": "0.958"}, {"asset_id": "45429668890056162364307617807576387840293305143387096943585488315586563658159", "price": "0.738", "size": "0", "side": "SELL", "hash": "f3f8f297ce20f7a6a3193236e2bce35afba5bde4", "best_bid": "0.042", "best_ask": "0.104"}], "timestamp": "1769384329605", "event_type": "price_change"}}
{"_local_timestamp": "2026-01-25T23:38:50.014710+00:00", "data": {"market": "0xd8c1b0a73653b1fb4fb6e8d13d0063d25810870d7ddf83e61fffb4de4522edf1", "price_changes": [{"asset_id": "45429668890056162364307617807576387840293305143387096943585488315586563658159", "price": "0.003", "size": "152.04", "side": "BUY", "hash": "8c8ddb7789e479c14f735908cc1eb3a332eff4d0", "best_bid": "0.042", "best_ask": "0.104"}, {"asset_id": "63147276005126770880954125047261230986291997315680909701649556277988435329355", "price": "0.997", "size": "152.04", "side": "SELL", "hash": "9e82bc2cb6f89923815151406b96c1fe6f965580", "best_bid": "0.896", "best_ask": "0.958"}], "timestamp": "1769384329941", "event_type": "price_change"}}
{"_local_timestamp": "2026-01-25T23:38:50.025665+00:00", "data": {"market": "0xd8c1b0a73653b1fb4fb6e8d13d0063d25810870d7ddf83e61fffb4de4522edf1", "price_changes": [{"asset_id": "63147276005126770880954125047261230986291997315680909701649556277988435329355", "price": "0.262", "size": "5", "side": "BUY", "hash": "768d3cb582dec971891978da0052fbb3a9abd5b3", "best_bid": "0.896", "best_ask": "0.958"}, {"asset_id": "45429668890056162364307617807576387840293305143387096943585488315586563658159", "price": "0.738", "size": "5", "side": "SELL", "hash": "92827f794137e5249768de8a1971621f10a189e2", "best_bid": "0.042", "best_ask": "0.104"}], "timestamp": "1769384329950", "event_type": "price_change"}}
{"_local_timestamp": "2026-01-25T23:38:52.360410+00:00", "data": {"market": "0xd8c1b0a73653b1fb4fb6e8d13d0063d25810870d7ddf83e61fffb4de4522edf1", "price_changes": [{"asset_id": "45429668890056162364307617807576387840293305143387096943585488315586563658159", "price": "0.003", "size": "144.17", "side": "BUY", "hash": "4a6760dff392973e6e440fa16587de8317869c50", "best_bid": "0.042", "best_ask": "0.104"}, {"asset_id": "63147276005126770880954125047261230986291997315680909701649556277988435329355", "price": "0.997", "size": "144.17", "side": "SELL", "hash": "d39ddc917eb6c412f8f72115dc6c015f2cf1b342", "best_bid": "0.896", "best_ask": "0.958"}], "timestamp": "1769384332287", "event_type": "price_change"}}
{"_local_timestamp": "2026-01-25T23:38:52.836691+00:00", "data": {"market": "0xd8c1b0a73653b1fb4fb6e8d13d0063d25810870d7ddf83e61fffb4de4522edf1", "price_changes": [{"asset_id": "45429668890056162364307617807576387840293305143387096943585488315586563658159", "price": "0.004", "size": "5.9", "side": "BUY", "hash": "1a4b56bdd983e89aca1d725728cc6444161f52c5", "best_bid": "0.042", "best_ask": "0.104"}, {"asset_id": "63147276005126770880954125047261230986291997315680909701649556277988435329355", "price": "0.996", "size": "5.9", "side": "SELL", "hash": "96443ff09cae81d9755b8eb127143647c25ee959", "best_bid": "0.896", "best_ask": "0.958"}], "timestamp": "1769384332765", "event_type": "price_change"}}
{"_local_timestamp": "2026-01-25T23:38:54.148653+00:00", "data": {"market": "0xd8c1b0a73653b1fb4fb6e8d13d0063d25810870d7ddf83e61fffb4de4522edf1", "price_changes": [{"asset_id": "45429668890056162364307617807576387840293305143387096943585488315586563658159", "price": "0.004", "size": "0", "side": "BUY", "hash": "548566cf7b8c99f60f710be66ab6e82a2b953a3b", "best_bid": "0.042", "best_ask": "0.104"}, {"asset_id": "63147276005126770880954125047261230986291997315680909701649556277988435329355", "price": "0.996", "size": "0", "side": "SELL", "hash": "ed2d482d391b55ecf656d367d9558eeb02e74dfb", "best_bid": "0.896", "best_ask": "0.958"}], "timestamp": "1769384334071", "event_type": "price_change"}}
{"_local_timestamp": "2026-01-25T23:38:54.508931+00:00", "data": {"market": "0xd8c1b0a73653b1fb4fb6e8d13d0063d25810870d7ddf83e61fffb4de4522edf1", "price_changes": [{"asset_id": "45429668890056162364307617807576387840293305143387096943585488315586563658159", "price": "0.003", "size": "152.04", "side": "BUY", "hash": "0c716c8b6976a702d2f0cbc86c487562a1a75da7", "best_bid": "0.042", "best_ask": "0.104"}, {"asset_id": "63147276005126770880954125047261230986291997315680909701649556277988435329355", "price": "0.997", "size": "152.04", "side": "SELL", "hash": "b99618d6e20ea7cfa3b829fd86b5cbfcfa4cfe72", "best_bid": "0.896", "best_ask": "0.958"}], "timestamp": "1769384334431", "event_type": "price_change"}}
{"_local_timestamp": "2026-01-25T23:38:56.882965+00:00", "data": {"market": "0xd8c1b0a73653b1fb4fb6e8d13d0063d25810870d7ddf83e61fffb4de4522edf1", "price_changes": [{"asset_id": "45429668890056162364307617807576387840293305143387096943585488315586563658159", "price": "0.003", "size": "144.17", "side": "BUY", "hash": "36da26a7c23f6a6ba29eb5ec1d5dbf6b9649fc8d", "best_bid": "0.042", "best_ask": "0.104"}, {"asset_id": "63147276005126770880954125047261230986291997315680909701649556277988435329355", "price": "0.997", "size": "144.17", "side": "SELL", "hash": "3110b0ccaf800b4eedfe7749d4339829ac2cee05", "best_bid": "0.896", "best_ask": "0.958"}], "timestamp": "1769384336813", "event_type": "price_change"}}
{"_local_timestamp": "2026-01-25T23:38:57.193847+00:00", "data": {"market": "0xd8c1b0a73653b1fb4fb6e8d13d0063d25810870d7ddf83e61fffb4de4522edf1", "price_changes": [{"asset_id": "45429668890056162364307617807576387840293305143387096943585488315586563658159", "price": "0.003", "size": "152.04", "side": "BUY", "hash": "c99820d6cc7d6de7929402bcb9764ab05ce2e7eb", "best_bid": "0.042", "best_ask": "0.104"}, {"asset_id": "63147276005126770880954125047261230986291997315680909701649556277988435329355", "price": "0.997", "size": "152.04", "side": "SELL", "hash": "1ece418ecf7953ed1b6df8d22e67dbb3b1f8ea45", "best_bid": "0.896", "best_ask": "0.958"}], "timestamp": "1769384337121", "event_type": "price_change"}}
{"_local_timestamp": "2026-01-25T23:38:59.174382+00:00", "data": {"market": "0xd8c1b0a73653b1fb4fb6e8d13d0063d25810870d7ddf83e61fffb4de4522edf1", "price_changes": [{"asset_id": "45429668890056162364307617807576387840293305143387096943585488315586563658159", "price": "0.003", "size": "144.17", "side": "BUY", "hash": "dbf0a1de21722e0db86006da455eab0f863c50f4", "best_bid": "0.042", "best_ask": "0.104"}, {"asset_id": "63147276005126770880954125047261230986291997315680909701649556277988435329355", "price": "0.997", "size": "144.17", "side": "SELL", "hash": "43bc8d2f9ee0aede01adbf8ce6fd311256f0a631", "best_bid": "0.896", "best_ask": "0.958"}], "timestamp": "1769384338979", "event_type": "price_change"}}
{"_local_timestamp": "2026-01-25T23:38:59.442198+00:00", "data": {"market": "0xd8c1b0a73653b1fb4fb6e8d13d0063d25810870d7ddf83e61fffb4de4522edf1", "price_changes": [{"asset_id": "45429668890056162364307617807576387840293305143387096943585488315586563658159", "price": "0.004", "size": "5.9", "side": "BUY", "hash": "2b36a8c957eda37295953341541549f13d26dccd", "best_bid": "0.042", "best_ask": "0.104"}, {"asset_id": "63147276005126770880954125047261230986291997315680909701649556277988435329355", "price": "0.996", "size": "5.9", "side": "SELL", "hash": "344f59590d673fc2cbbd827196625e2b122e4f5b", "best_bid": "0.896", "best_ask": "0.958"}], "timestamp": "1769384339369", "event_type": "price_change"}}
{"_local_timestamp": "2026-01-25T23:39:01.276919+00:00", "data": {"market": "0xd8c1b0a73653b1fb4fb6e8d13d0063d25810870d7ddf83e61fffb4de4522edf1", "price_changes": [{"asset_id": "45429668890056162364307617807576387840293305143387096943585488315586563658159", "price": "0.004", "size": "0", "side": "BUY", "hash": "0f0b002eeee433e305e0eda4f381448027f95e9c", "best_bid": "0.042", "best_ask": "0.104"}, {"asset_id": "63147276005126770880954125047261230986291997315680909701649556277988435329355", "price": "0.996", "size": "0", "side": "SELL", "hash": "84ba82ad4eceda8f1f1a9b5e9da2952067f3b004", "best_bid": "0.896", "best_ask": "0.958"}], "timestamp": "1769384341207", "event_type": "price_change"}}
{"_local_timestamp": "2026-01-25T23:39:01.486866+00:00", "data": {"market": "0xd8c1b0a73653b1fb4fb6e8d13d0063d25810870d7ddf83e61fffb4de4522edf1", "price_changes": [{"asset_id": "45429668890056162364307617807576387840293305143387096943585488315586563658159", "price": "0.003", "size": "152.04", "side": "BUY", "hash": "fb185a17b14c722e6103117714f01694df0326b3", "best_bid": "0.042", "best_ask": "0.104"}, {"asset_id": "63147276005126770880954125047261230986291997315680909701649556277988435329355", "price": "0.997", "size": "152.04", "side": "SELL", "hash": "5082ee100ad80b5cd2dbaddc3604d185bf3043f4", "best_bid": "0.896", "best_ask": "0.958"}], "timestamp": "1769384341413", "event_type": "price_change"}}
{"_local_timestamp": "2026-01-25T23:39:02.606378+00:00", "data": {"market": "0xd8c1b0a73653b1fb4fb6e8d13d0063d25810870d7ddf83e61fffb4de4522edf1", "price_changes": [{"asset_id": "45429668890056162364307617807576387840293305143387096943585488315586563658159", "price": "0.003", "size": "144.17", "side": "BUY", "hash": "804e05d4bb83337474bc34a3335513801a3523d2", "best_bid": "0.042", "best_ask": "0.104"}, {"asset_id": "63147276005126770880954125047261230986291997315680909701649556277988435329355", "price": "0.997", "size": "144.17", "side": "SELL", "hash": "3d368ca722426934f63d948ad1a43171e64da519", "best_bid": "0.896", "best_ask": "0.958"}], "timestamp": "1769384342532", "event_type": "price_change"}}
{"_local_timestamp": "2026-01-25T23:39:02.896635+00:00", "data": {"market": "0xd8c1b0a73653b1fb4fb6e8d13d0063d25810870d7ddf83e61fffb4de4522edf1", "price_changes": [{"asset_id": "45429668890056162364307617807576387840293305143387096943585488315586563658159", "price": "0.003", "size": "152.04", "side": "BUY", "hash": "e95e65739886ab031308221e9993a646425031be", "best_bid": "0.042", "best_ask": "0.104"}, {"asset_id": "63147276005126770880954125047261230986291997315680909701649556277988435329355", "price": "0.997", "size": "152.04", "side": "SELL", "hash": "561dc89bcdbe33d1648072052baf8a57579479f1", "best_bid": "0.896", "best_ask": "0.958"}], "timestamp": "1769384342822", "event_type": "price_change"}}
{"_local_timestamp": "2026-01-25T23:39:04.839465+00:00", "data": {"market": "0xd8c1b0a73653b1fb4fb6e8d13d0063d25810870d7ddf83e61fffb4de4522edf1", "price_changes": [{"asset_id": "45429668890056162364307617807576387840293305143387096943585488315586563658159", "price": "0.003", "size": "144.17", "side": "BUY", "hash": "74ec2cde529998792e89f7f1dc26b8faffb94d18", "best_bid": "0.042", "best_ask": "0.104"}, {"asset_id": "63147276005126770880954125047261230986291997315680909701649556277988435329355", "price": "0.997", "size": "144.17", "side": "SELL", "hash": "1a4ff9277f011261021ba6240138e38019e927cc", "best_bid": "0.896", "best_ask": "0.958"}], "timestamp": "1769384344740", "event_type": "price_change"}}
