{"_local_timestamp": "2026-01-25T23:40:29.666134+00:00", "data": [{"market": "0x2b40914f66cf5195d84f5934b3c297919342ebb3c032fabb709b7d87ae67e14e", "asset_id": "93382483372490196259599806079407160203979679994486135406898952073842583559283", "timestamp": "1769384366940", "hash": "fff25f1f6da4e85e6681a15717df04029b5d3dff", "bids": [{"price": "0.001", "size": "5814.78"}, {"price": "0.002", "size": "1255.04"}, {"price": "0.003", "size": "1400"}, {"price": "0.004", "size": "8.63"}, {"price": "0.006", "size": "200"}, {"price": "0.01", "size": "5030"}, {"price": "0.011", "size": "10.74"}, {"price": "0.02", "size": "2200"}, {"price": "0.021", "size": "207.79"}, {"price": "0.036", "size": "223.77"}, {"price": "0.037", "size": "6.71"}, {"price": "0.05", "size": "30"}, {"price": "0.051", "size": "39"}, {"price": "0.06", "size": "400"}, {"price": "0.061", "size": "71.53"}, {"price": "0.067", "size": "65.12"}, {"price": "0.068", "size": "54.29"}, {"price": "0.1", "size": "860"}, {"price": "0.105", "size": "76.71"}, {"price": "0.106", "size": "5.5"}, {"price": "0.113", "size": "38.61"}, {"price": "0.15", "size": "551.66"}, {"price": "0.151", "size": "53.34"}, {"price": "0.2", "size": "510"}, {"price": "0.21", "size": "100"}, {"price": "0.211", "size": "38.17"}, {"price": "0.25", "size": "112"}, {"price": "0.251", "size": "14.71"}, {"price": "0.252", "size": "17.31"}, {"price": "0.259", "size": "14.25"}, {"price": "0.3", "size": "236.66"}, {"price": "0.31", "size": "100"}, {"price": "0.311", "size": "11.87"}, {"price": "0.35", "size": "268.57"}, {"price": "0.351", "size": "10.51"}, {"price": "0.352", "size": "12.39"}, {"price": "0.4", "size": "150"}, {"price": "0.401", "size": "9.2"}, {"price": "0.45", "size": "100"}, {"price": "0.451", "size": "8.18"}, {"price": "0.452", "size": "9.65"}, {"price": "0.5", "size": "200"}, {"price": "0.55", "size": "100"}, {"price": "0.551", "size": "6.7"}, {"price": "0.699", "size": "5.28"}, {"price": "0.7", "size": "99.53"}, {"price": "0.709", "size": "1111"}, {"price": "0.71", "size": "1552.97"}, {"price": "0.98", "size": "350"}, {"price": "0.982", "size": "149.33"}, {"price": "0.988", "size": "14.99"}, {"price": "0.989", "size": "22.48"}], "asks": [{"price": "0.999", "size": "20943.67"}, {"price": "0.998", "size": "3668.61"}, {"price": "0.99", "size": "103.98"}], "event_type": "book", "last_trade_price": "0.010"}, {"market": "0x2b40914f66cf5195d84f5934b3c297919342ebb3c032fabb709b7d87ae67e14e", "asset_id": "65570440056117077542463878494177612662140785434913628124381440406242436241630", "timestamp": "1769384366940", "hash": "c1a4b1b61ac3ff8c751d140311bdac6e47f630ee", "bids": [{"price": "0.001", "size": "20943.67"}, {"price": "0.002", "size": "3668.61"}, {"price": "0.01", "size": "103.98"}], "asks": [{"price": "0.999", "size": "5814.78"}, {"price": "0.998", "size": "1255.04"}, {"price": "0.997", "size": "1400"}, {"price": "0.996", "size": "8.63"}, {"price": "0.994", "size": "200"}, {"price": "0.99", "size": "5030"}, {"price": "0.989", "size": "10.74"}, {"price": "0.98", "size": "2200"}, {"price": "0.979", "size": "207.79"}, {"price": "0.964", "size": "223.77"}, {"price": "0.963", "size": "6.71"}, {"price": "0.95", "size": "30"}, {"price": "0.949", "size": "39"}, {"price": "0.94", "size": "400"}, {"price": "0.939", "size": "71.53"}, {"price": "0.933", "size": "65.12"}, {"price": "0.932", "size": "54.29"}, {"price": "0.9", "size": "860"}, {"price": "0.895", "size": "76.71"}, {"price": "0.894", "size": "5.5"}, {"price": "0.887", "size": "38.61"}, {"price": "0.85", "size": "551.66"}, {"price": "0.849", "size": "53.34"}, {"price": "0.8", "size": "510"}, {"price": "0.79", "size": "100"}, {"price": "0.789", "size": "38.17"}, {"price": "0.75", "size": "112"}, {"price": "0.749", "size": "14.71"}, {"price": "0.748", "size": "17.31"}, {"price": "0.741", "size": "14.25"}, {"price": "0.7", "size": "236.66"}, {"price": "0.69", "size": "100"}, {"price": "0.689", "size": "11.87"}, {"price": "0.65", "size": "268.57"}, {"price": "0.649", "size": "10.51"}, {"price": "0.648", "size": "12.39"}, {"price": "0.6", "size": "150"}, {"price": "0.599", "size": "9.2"}, {"price": "0.55", "size": "100"}, {"price": "0.549", "size": "8.18"}, {"price": "0.548", "size": "9.65"}, {"price": "0.5", "size": "200"}, {"price": "0.45", "size": "100"}, {"price": "0.449", "size": "6.7"}, {"price": "0.301", "size": "5.28"}, {"price": "0.3", "size": "99.53"}, {"price": "0.291", "size": "1111"}, {"price": "0.29", "size": "1552.97"}, {"price": "0.02", "size": "350"}, {"price": "0.018", "size": "149.33"}, {"price": "0.012", "size": "14.99"}, {"price": "0.011", "size": "22.48"}], "event_type": "book", "last_trade_price": "0.010"}]}
{"_local_timestamp": "2026-01-25T23:41:09.216458+00:00", "data": {"market": "0x2b40914f66cf5195d84f5934b3c297919342ebb3c032fabb709b7d87ae67e14e", "price_changes": [{"asset_id": "65570440056117077542463878494177612662140785434913628124381440406242436241630", "price": "0.018", "size": "66.79", "side": "SELL", "hash": "c30feb3dfd2c4f66b1be36200aa294ac897953fa", "best_bid": "0.01", "best_ask": "0.011"}, {"asset_id": "93382483372490196259599806079407160203979679994486135406898952073842583559283", "price": "0.982", "size": "66.79", "side": "BUY", "hash": "15b9d82b50dff1bab9add4f339d23edc2a7ed706", "best_bid": "0.989", "best_ask": "0.99"}], "timestamp": "1769384469152", "event_type": "price_change"}}
{"_local_timestamp": "2026-01-25T23:41:11.968417+00:00", "data": {"market": "0x2b40914f66cf5195d84f5934b3c297919342ebb3c032fabb709b7d87ae67e14e", "price_changes": [{"asset_id": "65570440056117077542463878494177612662140785434913628124381440406242436241630", "price": "0.017", "size": "82.54", "side": "SELL", "hash": "be6242876ae1d2fe506f94bf89bb9deb6c76cc53", "best_bid": "0.01", "best_ask": "0.011"}, {"asset_id": "93382483372490196259599806079407160203979679994486135406898952073842583559283", "price": "0.983", "size": "82.54", "side": "BUY", "hash": "408984c47e52c7718fcaf75c3c099270c904c772", "best_bid": "0.989", "best_ask": "0.99"}], "timestamp": "1769384471893", "event_type": "price_change"}}
{"_local_timestamp": "2026-01-25T23:41:29.617749+00:00", "data": {"market": "0x2b40914f66cf5195d84f5934b3c297919342ebb3c032fabb709b7d87ae67e14e", "price_changes": [{"asset_id": "65570440056117077542463878494177612662140785434913628124381440406242436241630", "price": "0.018", "size": "0", "side": "SELL", "hash": "c673369daeead2dd78cef7b6b3ec0f12ebae9ff6", "best_bid": "0.01", "best_ask": "0.011"}, {"asset_id": "93382483372490196259599806079407160203979679994486135406898952073842583559283", "price": "0.982", "size": "0", "side": "BUY", "hash": "52ac5ec7491711cd5eded99e48cc19e9351783a4", "best_bid": "0.989", "best_ask": "0.99"}], "timestamp": "1769384489481", "event_type": "price_change"}}
{"_local_timestamp": "2026-01-25T23:41:29.690441+00:00", "data": {"market": "0x2b40914f66cf5195d84f5934b3c297919342ebb3c032fabb709b7d87ae67e14e", "price_changes": [{"asset_id": "65570440056117077542463878494177612662140785434913628124381440406242436241630", "price": "0.017", "size": "149.33", "side": "SELL", "hash": "0467cf0ca14442a7de16df66f28b2d6b24f80104", "best_bid": "0.01", "best_ask": "0.011"}, {"asset_id": "93382483372490196259599806079407160203979679994486135406898952073842583559283", "price": "0.983", "size": "149.33", "side": "BUY", "hash": "33b4df4c8d07a8552c71a7609e4b1ebe0c5a63a4", "best_bid": "0.989", "best_ask": "0.99"}], "timestamp": "1769384489569", "event_type": "price_change"}}
{"_local_timestamp": "2026-01-25T23:42:43.067432+00:00", "data": {"market": "0x2b40914f66cf5195d84f5934b3c297919342ebb3c032fabb709b7d87ae67e14e", "price_changes": [{"asset_id": "93382483372490196259599806079407160203979679994486135406898952073842583559283", "price": "0.452", "size": "0", "side": "BUY", "hash": "dbab5f6798836830cc9902908548417c711e5e9c", "best_bid": "0.989", "best_ask": "0.99"}, {"asset_id": "65570440056117077542463878494177612662140785434913628124381440406242436241630", "price": "0.548", "size": "0", "side": "SELL", "hash": "83f9945149c5b7b200fbc422dcc4ca91bf30071e", "best_bid": "0.01", "best_ask": "0.011"}], "timestamp": "1769384562959", "event_type": "price_change"}}
{"_local_timestamp": "2026-01-25T23:42:43.289551+00:00", "data": {"market": "0x2b40914f66cf5195d84f5934b3c297919342ebb3c032fabb709b7d87ae67e14e", "price_changes": [{"asset_id": "93382483372490196259599806079407160203979679994486135406898952073842583559283", "price": "0.352", "size": "0", "side": "BUY", "hash": "e87dbc3056a5d3f0a0abdb90362897a1f1f796e0", "best_bid": "0.989", "best_ask": "0.99"}, {"asset_id": "65570440056117077542463878494177612662140785434913628124381440406242436241630", "price": "0.648", "size": "0", "side": "SELL", "hash": "a2671737fa9992341e4679743758576ae15f6b2a", "best_bid": "0.01", "best_ask": "0.011"}], "timestamp": "1769384563155", "event_type": "price_change"}}
{"_local_timestamp": "2026-01-25T23:42:43.466360+00:00", "data": {"market": "0x2b40914f66cf5195d84f5934b3c297919342ebb3c032fabb709b7d87ae67e14e", "price_changes": [{"asset_id": "93382483372490196259599806079407160203979679994486135406898952073842583559283", "price": "0.113", "size": "0", "side": "BUY", "hash": "b44acb57e4c3a4c67e74caccf74e0951f23c5c56", "best_bid": "0.989", "best_ask": "0.99"}, {"asset_id": "65570440056117077542463878494177612662140785434913628124381440406242436241630", "price": "0.887", "size": "0", "side": "SELL", "hash": "3e31893b79ebdd79c8ca8d76840f3ab9285a1646", "best_bid": "0.01", "best_ask": "0.011"}], "timestamp": "1769384563363", "event_type": "price_change"}}
{"_local_timestamp": "2026-01-25T23:42:43.667281+00:00", "data": {"market": "0x2b40914f66cf5195d84f5934b3c297919342ebb3c032fabb709b7d87ae67e14e", "price_changes": [{"asset_id": "93382483372490196259599806079407160203979679994486135406898952073842583559283", "price": "0.105", "size": "35.16", "side": "BUY", "hash": "d433478f6486f831ca39d6d85bf466ad6406d258", "best_bid": "0.989", "best_ask": "0.99"}, {"asset_id": "65570440056117077542463878494177612662140785434913628124381440406242436241630", "price": "0.895", "size": "35.16", "side": "SELL", "hash": "5b457b24502c9cf2a4db04f50411f4c4d3586c73", "best_bid": "0.01", "best_ask": "0.011"}], "timestamp": "1769384563551", "event_type": "price_change"}}
{"_local_timestamp": "2026-01-25T23:42:43.869917+00:00", "data": {"market": "0x2b40914f66cf5195d84f5934b3c297919342ebb3c032fabb709b7d87ae67e14e", "price_changes": [{"asset_id": "93382483372490196259599806079407160203979679994486135406898952073842583559283", "price": "0.067", "size": "0", "side": "BUY", "hash": "9709f94f640577d9c31d16af8e8d206d5d9b2987", "best_bid": "0.989", "best_ask": "0.99"}, {"asset_id": "65570440056117077542463878494177612662140785434913628124381440406242436241630", "price": "0.933", "size": "0", "side": "SELL", "hash": "b3a249d3301b87822e553dc898e3079a5ff25e33", "best_bid": "0.01", "best_ask": "0.011"}], "timestamp": "1769384563752", "event_type": "price_change"}}
{"_local_timestamp": "2026-01-25T23:42:44.062241+00:00", "data": {"market": "0x2b40914f66cf5195d84f5934b3c297919342ebb3c032fabb709b7d87ae67e14e", "price_changes": [{"asset_id": "93382483372490196259599806079407160203979679994486135406898952073842583559283", "price": "0.036", "size": "102.56", "side": "BUY", "hash": "1d037187e8baf64fc48e44fc7c2d8d716e0cce11", "best_bid": "0.989", "best_ask": "0.99"}, {"asset_id": "65570440056117077542463878494177612662140785434913628124381440406242436241630", "price": "0.964", "size": "102.56", "side": "SELL", "hash": "a481e9e4639adeadd0b3b5564ab7035cb08b3c59", "best_bid": "0.01", "best_ask": "0.011"}], "timestamp": "1769384563932", "event_type": "price_change"}}
{"_local_timestamp": "2026-01-25T23:42:44.258444+00:00", "data": {"market": "0x2b40914f66cf5195d84f5934b3c297919342ebb3c032fabb709b7d87ae67e14e", "price_changes": [{"asset_id": "93382483372490196259599806079407160203979679994486135406898952073842583559283", "price": "0.021", "size": "0", "side": "BUY", "hash": "3817601f3113567f85204a53da9c6d3c6126c7e5", "best_bid": "0.989", "best_ask": "0.99"}, {"asset_id": "65570440056117077542463878494177612662140785434913628124381440406242436241630", "price": "0.979", "size": "0", "side": "SELL", "hash": "eb185cd7cd0640860d7bc40d78e6c75fb407317b", "best_bid": "0.01", "best_ask": "0.011"}], "timestamp": "1769384564132", "event_type": "price_change"}}
{"_local_timestamp": "2026-01-25T23:42:44.479615+00:00", "data": {"market": "0x2b40914f66cf5195d84f5934b3c297919342ebb3c032fabb709b7d87ae67e14e", "price_changes": [{"asset_id": "93382483372490196259599806079407160203979679994486135406898952073842583559283", "price": "0.021", "size": "190.47", "side": "BUY", "hash": "d99bc3e841513ea8f01335a30430765d349e8cc6", "best_bid": "0.989", "best_ask": "0.99"}, {"asset_id": "65570440056117077542463878494177612662140785434913628124381440406242436241630", "price": "0.979", "size": "190.47", "side": "SELL", "hash": "640b0ae3d123e21cc595e72faa6a135a593cfe97", "best_bid": "0.01", "best_ask": "0.011"}], "timestamp": "1769384564358", "event_type": "price_change"}}
{"_local_timestamp": "2026-01-25T23:42:44.700972+00:00", "data": {"market": "0x2b40914f66cf5195d84f5934b3c297919342ebb3c032fabb709b7d87ae67e14e", "price_changes": [{"asset_id": "93382483372490196259599806079407160203979679994486135406898952073842583559283", "price": "0.038", "size": "105.26", "side": "BUY", "hash": "ca371f7251b64175ad5e1e7e3bf9a3dd4ba66657", "best_bid": "0.989", "best_ask": "0.99"}, {"asset_id": "65570440056117077542463878494177612662140785434913628124381440406242436241630", "price": "0.962", "size": "105.26", "side": "SELL", "hash": "b13105c7b6752bdd7fc51383701bec5b883b6bb0", "best_bid": "0.01", "best_ask": "0.011"}], "timestamp": "1769384564569", "event_type": "price_change"}}
{"_local_timestamp": "2026-01-25T23:42:44.909606+00:00", "data": {"market": "0x2b40914f66cf5195d84f5934b3c297919342ebb3c032fabb709b7d87ae67e14e", "price_changes": [{"asset_id": "93382483372490196259599806079407160203979679994486135406898952073842583559283", "price": "0.061", "size": "0", "side": "BUY", "hash": "0c51de3ad386e0f8cfc1bd837ab9883eebd4dbfe", "best_bid": "0.989", "best_ask": "0.99"}, {"asset_id": "65570440056117077542463878494177612662140785434913628124381440406242436241630", "price": "0.939", "size": "0", "side": "SELL", "hash": "0a17bc3c2a502cb85b430cade809056f826869aa", "best_bid": "0.01", "best_ask": "0.011"}], "timestamp": "1769384564774", "event_type": "price_change"}}
{"_local_timestamp": "2026-01-25T23:42:45.115251+00:00", "data": {"market": "0x2b40914f66cf5195d84f5934b3c297919342ebb3c032fabb709b7d87ae67e14e", "price_changes": [{"asset_id": "93382483372490196259599806079407160203979679994486135406898952073842583559283", "price": "0.061", "size": "65.57", "side": "BUY", "hash": "a2fe8bd32d15394231962e18300f4f90f12efc90", "best_bid": "0.989", "best_ask": "0.99"}, {"asset_id": "65570440056117077542463878494177612662140785434913628124381440406242436241630", "price": "0.939", "size": "65.57", "side": "SELL", "hash": "1bb9e6c17afd817a922e8329cbbe354f7f1d995b", "best_bid": "0.01", "best_ask": "0.011"}], "timestamp": "1769384564975", "event_type": "price_change"}}
{"_local_timestamp": "2026-01-25T23:42:45.319628+00:00", "data": {"market": "0x2b40914f66cf5195d84f5934b3c297919342ebb3c032fabb709b7d87ae67e14e", "price_changes": [{"asset_id": "93382483372490196259599806079407160203979679994486135406898952073842583559283", "price": "0.069", "size": "57.97", "side": "BUY", "hash": "dbe7e934f15aac316228cc020d12078fc74385c6", "best_bid": "0.989", "best_ask": "0.99"}, {"asset_id": "65570440056117077542463878494177612662140785434913628124381440406242436241630", "price": "0.931", "size": "57.97", "side": "SELL", "hash": "ee81edcf9071f7b157afbc94070bc80c9946796f", "best_bid": "0.01", "best_ask": "0.011"}], "timestamp": "1769384565174", "event_type": "price_change"}}
{"_local_timestamp": "2026-01-25T23:42:45.551659+00:00", "data": {"market": "0x2b40914f66cf5195d84f5934b3c297919342ebb3c032fabb709b7d87ae67e14e", "price_changes": [{"asset_id": "93382483372490196259599806079407160203979679994486135406898952073842583559283", "price": "0.107", "size": "37.38", "side": "BUY", "hash": "2fca6f36637efd8556dfb5ae685d97a2638cc126", "best_bid": "0.989", "best_ask": "0.99"}, {"asset_id": "65570440056117077542463878494177612662140785434913628124381440406242436241630", "price": "0.893", "size": "37.38", "side": "SELL", "hash": "5265e100c994e0074ea234568767965ca76911b3", "best_bid": "0.01", "best_ask": "0.011"}], "timestamp": "1769384565390", "event_type": "price_change"}}
{"_local_timestamp": "2026-01-25T23:42:45.714417+00:00", "data": {"market": "0x2b40914f66cf5195d84f5934b3c297919342ebb3c032fabb709b7d87ae67e14e", "price_changes": [{"asset_id": "93382483372490196259599806079407160203979679994486135406898952073842583559283", "price": "0.151", "size": "24.45", "side": "BUY", "hash": "ff6e8ead660189744d36a887cc7b673e5b8de9fe", "best_bid": "0.989", "best_ask": "0.99"}, {"asset_id": "65570440056117077542463878494177612662140785434913628124381440406242436241630", "price": "0.849", "size": "24.45", "side": "SELL", "hash": "b237bc7a5681a6c2ab7c432ce258d7fcb55e3f29", "best_bid": "0.01", "best_ask": "0.011"}], "timestamp": "1769384565577", "event_type": "price_change"}}
{"_local_timestamp": "2026-01-25T23:42:45.948504+00:00", "data": {"market": "0x2b40914f66cf5195d84f5934b3c297919342ebb3c032fabb709b7d87ae67e14e", "price_changes": [{"asset_id": "93382483372490196259599806079407160203979679994486135406898952073842583559283", "price": "0.151", "size": "50.94", "side": "BUY", "hash": "e2fe1dfa211421e4086c2c44898866303e25542f", "best_bid": "0.989", "best_ask": "0.99"}, {"asset_id": "65570440056117077542463878494177612662140785434913628124381440406242436241630", "price": "0.849", "size": "50.94", "side": "SELL", "hash": "a6611d370cddb2039410f51a78a66fae7b70b2c7", "best_bid": "0.01", "best_ask": "0.011"}], "timestamp": "1769384565780", "event_type": "price_change"}}
{"_local_timestamp": "2026-01-25T23:42:46.160013+00:00", "data": {"market": "0x2b40914f66cf5195d84f5934b3c297919342ebb3c032fabb709b7d87ae67e14e", "price_changes": [{"asset_id": "93382483372490196259599806079407160203979679994486135406898952073842583559283", "price": "0.211", "size": "17.49", "side": "BUY", "hash": "b369de83113897fa8be310aba18a0a3c7a0598c7", "best_bid": "0.989", "best_ask": "0.99"}, {"asset_id": "65570440056117077542463878494177612662140785434913628124381440406242436241630", "price": "0.789", "size": "17.49", "side": "SELL", "hash": "271a165a840badb1f850536dca878d4387851076", "best_bid": "0.01", "best_ask": "0.011"}], "timestamp": "1769384565996", "event_type": "price_change"}}
{"_local_timestamp": "2026-01-25T23:42:46.369232+00:00", "data": {"market": "0x2b40914f66cf5195d84f5934b3c297919342ebb3c032fabb709b7d87ae67e14e", "price_changes": [{"asset_id": "93382483372490196259599806079407160203979679994486135406898952073842583559283", "price": "0.211", "size": "36.44", "side": "BUY", "hash": "64acf2a0bd8234cc50b2dde4fdb7dde01848f6bd", "best_bid": "0.989", "best_ask": "0.99"}, {"asset_id": "65570440056117077542463878494177612662140785434913628124381440406242436241630", "price": "0.789", "size": "36.44", "side": "SELL", "hash": "dfe3f19ddbdc49dc6079982eed66b8e3dbe484ca", "best_bid": "0.01", "best_ask": "0.011"}], "timestamp": "1769384566194", "event_type": "price_change"}}
{"_local_timestamp": "2026-01-25T23:42:46.553522+00:00", "data": {"market": "0x2b40914f66cf5195d84f5934b3c297919342ebb3c032fabb709b7d87ae67e14e", "price_changes": [{"asset_id": "93382483372490196259599806079407160203979679994486135406898952073842583559283", "price": "0.252", "size": "0", "side": "BUY", "hash": "7d62b554ba3b39f9474a67808fb01bb48390ef70", "best_bid": "0.989", "best_ask": "0.99"}, {"asset_id": "65570440056117077542463878494177612662140785434913628124381440406242436241630", "price": "0.748", "size": "0", "side": "SELL", "hash": "192c1286a8582e147f0546729f2ac33018fee098", "best_bid": "0.01", "best_ask": "0.011"}], "timestamp": "1769384566385", "event_type": "price_change"}}
{"_local_timestamp": "2026-01-25T23:42:46.771593+00:00", "data": {"market": "0x2b40914f66cf5195d84f5934b3c297919342ebb3c032fabb709b7d87ae67e14e", "price_changes": [{"asset_id": "93382483372490196259599806079407160203979679994486135406898952073842583559283", "price": "0.252", "size": "15.87", "side": "BUY", "hash": "e6804286d5f2951b671114e8158ad45522fab7c4", "best_bid": "0.989", "best_ask": "0.99"}, {"asset_id": "65570440056117077542463878494177612662140785434913628124381440406242436241630", "price": "0.748", "size": "15.87", "side": "SELL", "hash": "3493e9214d761ef52b24c50faf369a202fef48bc", "best_bid": "0.01", "best_ask": "0.011"}], "timestamp": "1769384566604", "event_type": "price_change"}}
{"_local_timestamp": "2026-01-25T23:42:46.985303+00:00", "data": {"market": "0x2b40914f66cf5195d84f5934b3c297919342ebb3c032fabb709b7d87ae67e14e", "price_changes": [{"asset_id": "93382483372490196259599806079407160203979679994486135406898952073842583559283", "price": "0.26", "size": "15.38", "side": "BUY", "hash": "9baa19a8dfe248a6e95d8749c744d28a6966770e", "best_bid": "0.989", "best_ask": "0.99"}, {"asset_id": "65570440056117077542463878494177612662140785434913628124381440406242436241630", "price": "0.74", "size": "15.38", "side": "SELL", "hash": "f6267f90b50e21612ac668d613f56a999b6e9b48", "best_bid": "0.01", "best_ask": "0.011"}], "timestamp": "1769384566817", "event_type": "price_change"}}
{"_local_timestamp": "2026-01-25T23:42:47.351004+00:00", "data": {"market": "0x2b40914f66cf5195d84f5934b3c297919342ebb3c032fabb709b7d87ae67e14e", "price_changes": [{"asset_id": "93382483372490196259599806079407160203979679994486135406898952073842583559283", "price": "0.3", "size": "249.99", "side": "BUY", "hash": "c7d52b7864d407910376554b1281e7669299bbba", "best_bid": "0.989", "best_ask": "0.99"}, {"asset_id": "65570440056117077542463878494177612662140785434913628124381440406242436241630", "price": "0.7", "size": "249.99", "side": "SELL", "hash": "23566f9f47f485ab10f3a5e06fdf7075abe17173", "best_bid": "0.01", "best_ask": "0.011"}], "timestamp": "1769384567037", "event_type": "price_change"}}
{"_local_timestamp": "2026-01-25T23:42:47.470639+00:00", "data": {"market": "0x2b40914f66cf5195d84f5934b3c297919342ebb3c032fabb709b7d87ae67e14e", "price_changes": [{"asset_id": "93382483372490196259599806079407160203979679994486135406898952073842583559283", "price": "0.4", "size": "160", "side": "BUY", "hash": "9d2cb36560512dd3d28b97fbdd1eaa33e2eda71f", "best_bid": "0.989", "best_ask": "0.99"}, {"asset_id": "65570440056117077542463878494177612662140785434913628124381440406242436241630", "price": "0.6", "size": "160", "side": "SELL", "hash": "fdccef7f16e36bb7701831bc35824cd8bb311ccd", "best_bid": "0.01", "best_ask": "0.011"}], "timestamp": "1769384567263", "event_type": "price_change"}}
{"_local_timestamp": "2026-01-25T23:42:47.668544+00:00", "data": {"market": "0x2b40914f66cf5195d84f5934b3c297919342ebb3c032fabb709b7d87ae67e14e", "price_changes": [{"asset_id": "93382483372490196259599806079407160203979679994486135406898952073842583559283", "price": "0.5", "size": "208", "side": "BUY", "hash": "d4f31cbe2c82a3faa9bf82bbfa40e24a945634a0", "best_bid": "0.989", "best_ask": "0.99"}, {"asset_id": "65570440056117077542463878494177612662140785434913628124381440406242436241630", "price": "0.5", "size": "208", "side": "SELL", "hash": "04ca83d96df40b4eb965287a8a59b77a953aa68f", "best_bid": "0.01", "best_ask": "0.011"}], "timestamp": "1769384567487", "event_type": "price_change"}}
{"_local_timestamp": "2026-01-25T23:44:38.390950+00:00", "data": {"market": "0x2b40914f66cf5195d84f5934b3c297919342ebb3c032fabb709b7d87ae67e14e", "price_changes": [{"asset_id": "65570440056117077542463878494177612662140785434913628124381440406242436241630", "price": "0.017", "size": "66.79", "side": "SELL", "hash": "588635ee7bff0f00052a2b437e4c0b193900c7fe", "best_bid": "0.01", "best_ask": "0.011"}, {"asset_id": "93382483372490196259599806079407160203979679994486135406898952073842583559283", "price": "0.983", "size": "66.79", "side": "BUY", "hash": "dea8f9787f0518c7ba8d3224577298888454b54d", "best_bid": "0.989", "best_ask": "0.99"}], "timestamp": "1769384678319", "event_type": "price_change"}}
{"_local_timestamp": "2026-01-25T23:44:38.795941+00:00", "data": {"market": "0x2b40914f66cf5195d84f5934b3c297919342ebb3c032fabb709b7d87ae67e14e", "price_changes": [{"asset_id": "65570440056117077542463878494177612662140785434913628124381440406242436241630", "price": "0.016", "size": "82.54", "side": "SELL", "hash": "27749083b380d22bc297a5d4a7febee9e7eecd7b", "best_bid": "0.01", "best_ask": "0.011"}, {"asset_id": "93382483372490196259599806079407160203979679994486135406898952073842583559283", "price": "0.984", "size": "82.54", "side": "BUY", "hash": "c2fe8c238c2ace32f8f75baf6cda683182a02f5d", "best_bid": "0.989", "best_ask": "0.99"}], "timestamp": "1769384678724", "event_type": "price_change"}}
