{"_local_timestamp": "2026-01-25T23:40:31.609872+00:00", "data": [{"market": "0x4cd035dcfb450c9a6bc9aa13f3aa94fabc01e47499d05d28ef653ef42939c364", "asset_id": "89871775413723061310900874811289289046282365859042241773701889222569854585191", "timestamp": "1769384402057", "hash": "c74bcb5e4d9c77bad960edc6839952aca8ceaa74", "bids": [{"price": "0.01", "size": "110006.78"}, {"price": "0.02", "size": "5012.52"}, {"price": "0.03", "size": "2008.02"}, {"price": "0.04", "size": "255.78"}, {"price": "0.05", "size": "12.83"}, {"price": "0.06", "size": "20"}, {"price": "0.07", "size": "996.85"}, {"price": "0.08", "size": "307.1"}, {"price": "0.09", "size": "700"}, {"price": "0.1", "size": "467.71"}, {"price": "0.11", "size": "321.8"}], "asks": [{"price": "0.99", "size": "1100000"}, {"price": "0.98", "size": "16.8"}, {"price": "0.95", "size": "1010"}, {"price": "0.94", "size": "33"}, {"price": "0.93", "size": "40000"}, {"price": "0.91", "size": "400"}, {"price": "0.9", "size": "6.63"}, {"price": "0.88", "size": "6000"}, {"price": "0.87", "size": "261.53"}, {"price": "0.82", "size": "177.77"}, {"price": "0.81", "size": "3052"}, {"price": "0.78", "size": "127.27"}, {"price": "0.73", "size": "96.29"}, {"price": "0.69", "size": "77.41"}, {"price": "0.65", "size": "1000"}, {"price": "0.64", "size": "3921.55"}, {"price": "0.63", "size": "300"}, {"price": "0.24", "size": "775"}, {"price": "0.23", "size": "30"}, {"price": "0.2", "size": "3000"}, {"price": "0.19", "size": "316"}, {"price": "0.17", "size": "1016"}, {"price": "0.16", "size": "650"}, {"price": "0.14", "size": "361"}, {"price": "0.13", "size": "178.97"}], "event_type": "book", "last_trade_price": "0.110"}, {"market": "0x50b78cd83de62d75d504d7a184ba1171436628068b3c3d4dd0384e65d4a40d1b", "asset_id": "32946988346851809083717853909672502303533938428804197173672614672441945179683", "timestamp": "1769384128571", "hash": "67f1c95850df628d58d5205bd57e04bb824dbaea", "bids": [{"price": "0.01", "size": "1100016.04"}, {"price": "0.02", "size": "5000"}, {"price": "0.03", "size": "7.26"}, {"price": "0.04", "size": "90000"}, {"price": "0.05", "size": "12010"}, {"price": "0.06", "size": "8.6"}, {"price": "0.07", "size": "2000"}, {"price": "0.09", "size": "400"}, {"price": "0.13", "size": "261.53"}, {"price": "0.14", "size": "7.89"}, {"price": "0.18", "size": "177.77"}, {"price": "0.19", "size": "842"}, {"price": "0.22", "size": "127.27"}, {"price": "0.23", "size": "6043"}, {"price": "0.24", "size": "308"}, {"price": "0.25", "size": "1680"}, {"price": "0.26", "size": "100"}, {"price": "0.31", "size": "77.41"}, {"price": "0.35", "size": "57.14"}, {"price": "0.8", "size": "555"}, {"price": "0.81", "size": "3000"}, {"price": "0.82", "size": "720"}, {"price": "0.84", "size": "150"}, {"price": "0.85", "size": "638"}, {"price": "0.86", "size": "777.5"}, {"price": "0.87", "size": "2000"}], "asks": [{"price": "0.99", "size": "110000"}, {"price": "0.98", "size": "500"}, {"price": "0.97", "size": "250"}, {"price": "0.91", "size": "495"}, {"price": "0.9", "size": "1451.92"}, {"price": "0.89", "size": "171.47"}, {"price": "0.88", "size": "233.66"}], "event_type": "book", "last_trade_price": ""}, {"market": "0x50b78cd83de62d75d504d7a184ba1171436628068b3c3d4dd0384e65d4a40d1b", "asset_id": "108106288970534575307495623455701128869187166289634633189375113923142364674394", "timestamp": "1769384128571", "hash": "9440bf83302bebbcec36a481be495f88aef45815", "bids": [{"price": "0.01", "size": "110000"}, {"price": "0.02", "size": "500"}, {"price": "0.03", "size": "250"}, {"price": "0.09", "size": "495"}, {"price": "0.1", "size": "1451.92"}, {"price": "0.11", "size": "171.47"}, {"price": "0.12", "size": "233.66"}], "asks": [{"price": "0.99", "size": "1100016.04"}, {"price": "0.98", "size": "5000"}, {"price": "0.97", "size": "7.26"}, {"price": "0.96", "size": "90000"}, {"price": "0.95", "size": "12010"}, {"price": "0.94", "size": "8.6"}, {"price": "0.93", "size": "2000"}, {"price": "0.91", "size": "400"}, {"price": "0.87", "size": "261.53"}, {"price": "0.86", "size": "7.89"}, {"price": "0.82", "size": "177.77"}, {"price": "0.81", "size": "842"}, {"price": "0.78", "size": "127.27"}, {"price": "0.77", "size": "6043"}, {"price": "0.76", "size": "308"}, {"price": "0.75", "size": "1680"}, {"price": "0.74", "size": "100"}, {"price": "0.69", "size": "77.41"}, {"price": "0.65", "size": "57.14"}, {"price": "0.2", "size": "555"}, {"price": "0.19", "size": "3000"}, {"price": "0.18", "size": "720"}, {"price": "0.16", "size": "150"}, {"price": "0.15", "size": "638"}, {"price": "0.14", "size": "777.5"}, {"price": "0.13", "size": "2000"}], "event_type": "book", "last_trade_price": ""}, {"market": "0x4cd035dcfb450c9a6bc9aa13f3aa94fabc01e47499d05d28ef653ef42939c364", "asset_id": "64050273355694113671090110638685043795558853994186493795797238541534244584786", "timestamp": "1769384402057", "hash": "213005dd1bb4163bc8d7ad097ea98cc85715e7cb", "bids": [{"price": "0.01", "size": "1100000"}, {"price": "0.02", "size": "16.8"}, {"price": "0.05", "size": "1010"}, {"price": "0.06", "size": "33"}, {"price": "0.07", "size": "40000"}, {"price": "0.09", "size": "400"}, {"price": "0.1", "size": "6.63"}, {"price": "0.12", "size": "6000"}, {"price": "0.13", "size": "261.53"}, {"price": "0.18", "size": "177.77"}, {"price": "0.19", "size": "3052"}, {"price": "0.22", "size": "127.27"}, {"price": "0.27", "size": "96.29"}, {"price": "0.31", "size": "77.41"}, {"price": "0.35", "size": "1000"}, {"price": "0.36", "size": "3921.55"}, {"price": "0.37", "size": "300"}, {"price": "0.76", "size": "775"}, {"price": "0.77", "size": "30"}, {"price": "0.8", "size": "3000"}, {"price": "0.81", "size": "316"}, {"price": "0.83", "size": "1016"}, {"price": "0.84", "size": "650"}, {"price": "0.86", "size": "361"}, {"price": "0.87", "size": "178.97"}], "asks": [{"price": "0.99", "size": "110006.78"}, {"price": "0.98", "size": "5012.52"}, {"price": "0.97", "size": "2008.02"}, {"price": "0.96", "size": "255.78"}, {"price": "0.95", "size": "12.83"}, {"price": "0.94", "size": "20"}, {"price": "0.93", "size": "996.85"}, {"price": "0.92", "size": "307.1"}, {"price": "0.91", "size": "700"}, {"price": "0.9", "size": "467.71"}, {"price": "0.89", "size": "321.8"}], "event_type": "book", "last_trade_price": "0.110"}]}
{"_local_timestamp": "2026-01-25T23:41:08.188798+00:00", "data": {"market": "0x4cd035dcfb450c9a6bc9aa13f3aa94fabc01e47499d05d28ef653ef42939c364", "price_changes": [{"asset_id": "89871775413723061310900874811289289046282365859042241773701889222569854585191", "price": "0.11", "size": "341.8", "side": "BUY", "hash": "99ee4a5bb520eefdc6c66675a37e58b73e54f8a7", "best_bid": "0.11", "best_ask": "0.13"}, {"asset_id": "64050273355694113671090110638685043795558853994186493795797238541534244584786", "price": "0.89", "size": "341.8", "side": "SELL", "hash": "ea69096f61a138b5befe4cf3d168e0a584ef21c1", "best_bid": "0.87", "best_ask": "0.89"}], "timestamp": "1769384468118", "event_type": "price_change"}}
{"_local_timestamp": "2026-01-25T23:41:10.094688+00:00", "data": {"market": "0x4cd035dcfb450c9a6bc9aa13f3aa94fabc01e47499d05d28ef653ef42939c364", "price_changes": [{"asset_id": "89871775413723061310900874811289289046282365859042241773701889222569854585191", "price": "0.1", "size": "217.72", "side": "BUY", "hash": "2d9abc7999d71ca4fa53995ddfd08734f4e6163a", "best_bid": "0.11", "best_ask": "0.13"}, {"asset_id": "64050273355694113671090110638685043795558853994186493795797238541534244584786", "price": "0.9", "size": "217.72", "side": "SELL", "hash": "62edf7c5b3903b766f145e1ea03b38e6047dee1f", "best_bid": "0.87", "best_ask": "0.89"}], "timestamp": "1769384470001", "event_type": "price_change"}}
{"_local_timestamp": "2026-01-25T23:41:18.419774+00:00", "data": {"market": "0x4cd035dcfb450c9a6bc9aa13f3aa94fabc01e47499d05d28ef653ef42939c364", "price_changes": [{"asset_id": "89871775413723061310900874811289289046282365859042241773701889222569854585191", "price": "0.09", "size": "1100", "side": "BUY", "hash": "826abac8ac886d83759fe36c20ba41955875b0a6", "best_bid": "0.11", "best_ask": "0.13"}, {"asset_id": "64050273355694113671090110638685043795558853994186493795797238541534244584786", "price": "0.91", "size": "1100", "side": "SELL", "hash": "706f02ec3e36986ffbdca0bf665e97168e7c8608", "best_bid": "0.87", "best_ask": "0.89"}], "timestamp": "1769384478292", "event_type": "price_change"}}
{"_local_timestamp": "2026-01-25T23:41:18.422174+00:00", "data": {"market": "0x4cd035dcfb450c9a6bc9aa13f3aa94fabc01e47499d05d28ef653ef42939c364", "price_changes": [{"asset_id": "89871775413723061310900874811289289046282365859042241773701889222569854585191", "price": "0.08", "size": "707.1", "side": "BUY", "hash": "715d2b267f38467fb565046313446500ec4762d5", "best_bid": "0.11", "best_ask": "0.13"}, {"asset_id": "64050273355694113671090110638685043795558853994186493795797238541534244584786", "price": "0.92", "size": "707.1", "side": "SELL", "hash": "50f904c32fe401f3a5f86ddc2260565c1d33b190", "best_bid": "0.87", "best_ask": "0.89"}], "timestamp": "1769384478294", "event_type": "price_change"}}
{"_local_timestamp": "2026-01-25T23:41:28.194366+00:00", "data": {"market": "0x50b78cd83de62d75d504d7a184ba1171436628068b3c3d4dd0384e65d4a40d1b", "price_changes": [{"asset_id": "32946988346851809083717853909672502303533938428804197173672614672441945179683", "price": "0.86", "size": "797.5", "side": "BUY", "hash": "a8a3c4b803d250c3b79a7028217155a55f685a5d", "best_bid": "0.87", "best_ask": "0.88"}, {"asset_id": "108106288970534575307495623455701128869187166289634633189375113923142364674394", "price": "0.14", "size": "797.5", "side": "SELL", "hash": "40c26f0c7a4a1dee5c12af9984ff83a6919c947a", "best_bid": "0.12", "best_ask": "0.13"}], "timestamp": "1769384488111", "event_type": "price_change"}}
{"_local_timestamp": "2026-01-25T23:41:28.925485+00:00", "data": {"market": "0x50b78cd83de62d75d504d7a184ba1171436628068b3c3d4dd0384e65d4a40d1b", "price_changes": [{"asset_id": "32946988346851809083717853909672502303533938428804197173672614672441945179683", "price": "0.86", "size": "565", "side": "BUY", "hash": "e524c90373ea4efb70913897431ac2ab70c1ad31", "best_bid": "0.87", "best_ask": "0.88"}, {"asset_id": "108106288970534575307495623455701128869187166289634633189375113923142364674394", "price": "0.14", "size": "565", "side": "SELL", "hash": "5b118d087581bf3d2d742a2860d5772a162cbd5b", "best_bid": "0.12", "best_ask": "0.13"}], "timestamp": "1769384488839", "event_type": "price_change"}}
{"_local_timestamp": "2026-01-25T23:41:29.113565+00:00", "data": {"market": "0x50b78cd83de62d75d504d7a184ba1171436628068b3c3d4dd0384e65d4a40d1b", "price_changes": [{"asset_id": "32946988346851809083717853909672502303533938428804197173672614672441945179683", "price": "0.86", "size": "797.5", "side": "BUY", "hash": "b2aaabbbff000d992e96f3fd3a2b5899ec1b0093", "best_bid": "0.87", "best_ask": "0.88"}, {"asset_id": "108106288970534575307495623455701128869187166289634633189375113923142364674394", "price": "0.14", "size": "797.5", "side": "SELL", "hash": "2a88d5fbfce1a81df5ea87eb905fc5c3c0e768d6", "best_bid": "0.12", "best_ask": "0.13"}], "timestamp": "1769384489015", "event_type": "price_change"}}
{"_local_timestamp": "2026-01-25T23:41:49.061069+00:00", "data": {"market": "0x4cd035dcfb450c9a6bc9aa13f3aa94fabc01e47499d05d28ef653ef42939c364", "price_changes": [{"asset_id": "89871775413723061310900874811289289046282365859042241773701889222569854585191", "price": "0.09", "size": "700", "side": "BUY", "hash": "92144b754ccb2dafa320ce656757a77b7c0b37d0", "best_bid": "0.11", "best_ask": "0.13"}, {"asset_id": "64050273355694113671090110638685043795558853994186493795797238541534244584786", "price": "0.91", "size": "700", "side": "SELL", "hash": "26e9f4321b5543d009c6f2521590d30aeff0dfc6", "best_bid": "0.87", "best_ask": "0.89"}], "timestamp": "1769384508969", "event_type": "price_change"}}
{"_local_timestamp": "2026-01-25T23:41:49.061848+00:00", "data": {"market": "0x4cd035dcfb450c9a6bc9aa13f3aa94fabc01e47499d05d28ef653ef42939c364", "price_changes": [{"asset_id": "89871775413723061310900874811289289046282365859042241773701889222569854585191", "price": "0.08", "size": "307.1", "side": "BUY", "hash": "92144b754ccb2dafa320ce656757a77b7c0b37d0", "best_bid": "0.11", "best_ask": "0.13"}, {"asset_id": "64050273355694113671090110638685043795558853994186493795797238541534244584786", "price": "0.92", "size": "307.1", "side": "SELL", "hash": "26e9f4321b5543d009c6f2521590d30aeff0dfc6", "best_bid": "0.87", "best_ask": "0.89"}], "timestamp": "1769384508969", "event_type": "price_change"}}
