{"_local_timestamp": "2026-01-25T23:40:31.895669+00:00", "data": [{"market": "0x378f6ce7b81670608a5a4f0fcf740e3dbb44c3e402e5b0beba49871a5c05b259", "asset_id": "68311829543741021184558122622902784954644849677046739184908916756688634040204", "timestamp": "1769384413783", "hash": "9ba163d73f6f7e2defc8fe8ecf0120818d414fca", "bids": [{"price": "0.01", "size": "23.57"}, {"price": "0.02", "size": "300000"}, {"price": "0.03", "size": "3000"}, {"price": "0.04", "size": "5.22"}, {"price": "0.05", "size": "30"}, {"price": "0.06", "size": "33"}, {"price": "0.07", "size": "7.08"}, {"price": "0.09", "size": "400"}, {"price": "0.14", "size": "242.85"}, {"price": "0.15", "size": "7.06"}, {"price": "0.19", "size": "168.42"}, {"price": "0.2", "size": "800"}, {"price": "0.23", "size": "121.73"}, {"price": "0.26", "size": "5316"}, {"price": "0.27", "size": "1554"}, {"price": "0.28", "size": "92.85"}, {"price": "0.29", "size": "46"}, {"price": "0.33", "size": "72.72"}, {"price": "0.37", "size": "54.05"}, {"price": "0.38", "size": "20"}, {"price": "0.39", "size": "5"}, {"price": "0.86", "size": "255"}, {"price": "0.87", "size": "255"}, {"price": "0.88", "size": "345.1"}, {"price": "0.89", "size": "548.1"}, {"price": "0.9", "size": "16.12"}, {"price": "0.91", "size": "79.76"}], "asks": [{"price": "0.99", "size": "30080"}, {"price": "0.98", "size": "263.45"}, {"price": "0.97", "size": "8.53"}, {"price": "0.96", "size": "311.87"}, {"price": "0.95", "size": "400"}, {"price": "0.94", "size": "1011.89"}, {"price": "0.93", "size": "192.16"}], "event_type": "book", "last_trade_price": ""}, {"market": "0xd059a400cfceb9720559a5a67f53aa94381da88fa2007af5ce30f75facf57953", "asset_id": "57191420250913616150846676905047388827581537310894242160546701872955141155912", "timestamp": "1769384389196", "hash": "de70128e2601e87365aa4bf4a817a19bf280abcf", "bids": [{"price": "0.01", "size": "14.18"}, {"price": "0.02", "size": "300000"}, {"price": "0.03", "size": "5049"}, {"price": "0.04", "size": "5.68"}, {"price": "0.05", "size": "30"}, {"price": "0.06", "size": "33"}, {"price": "0.09", "size": "400"}, {"price": "0.1", "size": "6.3"}, {"price": "0.14", "size": "30242.85"}, {"price": "0.18", "size": "177.77"}, {"price": "0.23", "size": "815.73"}, {"price": "0.24", "size": "1748"}, {"price": "0.28", "size": "92.85"}, {"price": "0.29", "size": "96"}, {"price": "0.32", "size": "75"}, {"price": "0.37", "size": "54.05"}, {"price": "0.89", "size": "455.57"}, {"price": "0.9", "size": "106.47"}], "asks": [{"price": "0.99", "size": "86.63"}, {"price": "0.98", "size": "5035.94"}, {"price": "0.97", "size": "260.3"}, {"price": "0.96", "size": "19.84"}, {"price": "0.95", "size": "101"}, {"price": "0.93", "size": "460.99"}, {"price": "0.92", "size": "166.91"}], "event_type": "book", "last_trade_price": ""}, {"market": "0x378f6ce7b81670608a5a4f0fcf740e3dbb44c3e402e5b0beba49871a5c05b259", "asset_id": "80469582416211324277551196813384851504222711072116234686695188046152640511225", "timestamp": "1769384413783", "hash": "b6c4c649bed89361843961e3fcadceefb6441edf", "bids": [{"price": "0.01", "size": "30080"}, {"price": "0.02", "size": "263.45"}, {"price": "0.03", "size": "8.53"}, {"price": "0.04", "size": "311.87"}, {"price": "0.05", "size": "400"}, {"price": "0.06", "size": "1011.89"}, {"price": "0.07", "size": "192.16"}], "asks": [{"price": "0.99", "size": "23.57"}, {"price": "0.98", "size": "300000"}, {"price": "0.97", "size": "3000"}, {"price": "0.96", "size": "5.22"}, {"price": "0.95", "size": "30"}, {"price": "0.94", "size": "33"}, {"price": "0.93", "size": "7.08"}, {"price": "0.91", "size": "400"}, {"price": "0.86", "size": "242.85"}, {"price": "0.85", "size": "7.06"}, {"price": "0.81", "size": "168.42"}, {"price": "0.8", "size": "800"}, {"price": "0.77", "size": "121.73"}, {"price": "0.74", "size": "5316"}, {"price": "0.73", "size": "1554"}, {"price": "0.72", "size": "92.85"}, {"price": "0.71", "size": "46"}, {"price": "0.67", "size": "72.72"}, {"price": "0.63", "size": "54.05"}, {"price": "0.62", "size": "20"}, {"price": "0.61", "size": "5"}, {"price": "0.14", "size": "255"}, {"price": "0.13", "size": "255"}, {"price": "0.12", "size": "345.1"}, {"price": "0.11", "size": "548.1"}, {"price": "0.1", "size": "16.12"}, {"price": "0.09", "size": "79.76"}], "event_type": "book", "last_trade_price": ""}, {"market": "0xd059a400cfceb9720559a5a67f53aa94381da88fa2007af5ce30f75facf57953", "asset_id": "68681443500357642360075283680830487598986161680464858837462763850367316916961", "timestamp": "1769384389196", "hash": "642c7d0a0fb60db7a1779d3a7b5996d0bd4ddac4", "bids": [{"price": "0.01", "size": "86.63"}, {"price": "0.02", "size": "5035.94"}, {"price": "0.03", "size": "260.3"}, {"price": "0.04", "size": "19.84"}, {"price": "0.05", "size": "101"}, {"price": "0.07", "size": "460.99"}, {"price": "0.08", "size": "166.91"}], "asks": [{"price": "0.99", "size": "14.18"}, {"price": "0.98", "size": "300000"}, {"price": "0.97", "size": "5049"}, {"price": "0.96", "size": "5.68"}, {"price": "0.95", "size": "30"}, {"price": "0.94", "size": "33"}, {"price": "0.91", "size": "400"}, {"price": "0.9", "size": "6.3"}, {"price": "0.86", "size": "30242.85"}, {"price": "0.82", "size": "177.77"}, {"price": "0.77", "size": "815.73"}, {"price": "0.76", "size": "1748"}, {"price": "0.72", "size": "92.85"}, {"price": "0.71", "size": "96"}, {"price": "0.68", "size": "75"}, {"price": "0.63", "size": "54.05"}, {"price": "0.11", "size": "455.57"}, {"price": "0.1", "size": "106.47"}], "event_type": "book", "last_trade_price": ""}]}
{"_local_timestamp": "2026-01-25T23:40:43.180405+00:00", "data": {"market": "0xd059a400cfceb9720559a5a67f53aa94381da88fa2007af5ce30f75facf57953", "price_changes": [{"asset_id": "68681443500357642360075283680830487598986161680464858837462763850367316916961", "price": "0.06", "size": "20", "side": "BUY", "hash": "a224b8a2cb9ce1ac0eaf9d63e63a5724e7080b9b", "best_bid": "0.08", "best_ask": "0.1"}, {"asset_id": "57191420250913616150846676905047388827581537310894242160546701872955141155912", "price": "0.94", "size": "20", "side": "SELL", "hash": "5c8894c6af7b110631150e03dd1bb69104f82767", "best_bid": "0.9", "best_ask": "0.92"}], "timestamp": "1769384443111", "event_type": "price_change"}}
{"_local_timestamp": "2026-01-25T23:40:44.166657+00:00", "data": {"market": "0xd059a400cfceb9720559a5a67f53aa94381da88fa2007af5ce30f75facf57953", "price_changes": [{"asset_id": "57191420250913616150846676905047388827581537310894242160546701872955141155912", "price": "0.89", "size": "567.87", "side": "BUY", "hash": "92bc742eadc0b27c94e3caeb34f1385a5de95805", "best_bid": "0.9", "best_ask": "0.92"}, {"asset_id": "68681443500357642360075283680830487598986161680464858837462763850367316916961", "price": "0.11", "size": "567.87", "side": "SELL", "hash": "e99194812c86cda2bf24e8dbde8016da9b907fa9", "best_bid": "0.08", "best_ask": "0.1"}], "timestamp": "1769384444090", "event_type": "price_change"}}
{"_local_timestamp": "2026-01-25T23:40:44.355509+00:00", "data": {"market": "0xd059a400cfceb9720559a5a67f53aa94381da88fa2007af5ce30f75facf57953", "price_changes": [{"asset_id": "57191420250913616150846676905047388827581537310894242160546701872955141155912", "price": "0.89", "size": "455.57", "side": "BUY", "hash": "6fecd1b331e720d70d30ca9ad94113b2a7a28803", "best_bid": "0.9", "best_ask": "0.92"}, {"asset_id": "68681443500357642360075283680830487598986161680464858837462763850367316916961", "price": "0.11", "size": "455.57", "side": "SELL", "hash": "4680e675c9d464bbc4db13bb7d31089d4b653897", "best_bid": "0.08", "best_ask": "0.1"}], "timestamp": "1769384444280", "event_type": "price_change"}}
{"_local_timestamp": "2026-01-25T23:40:53.039543+00:00", "data": {"market": "0xd059a400cfceb9720559a5a67f53aa94381da88fa2007af5ce30f75facf57953", "price_changes": [{"asset_id": "68681443500357642360075283680830487598986161680464858837462763850367316916961", "price": "0.06", "size": "120", "side": "BUY", "hash": "df7ff964ef701f75c4d2a49d7a0bd2fe590c2aed", "best_bid": "0.08", "best_ask": "0.1"}, {"asset_id": "57191420250913616150846676905047388827581537310894242160546701872955141155912", "price": "0.94", "size": "120", "side": "SELL", "hash": "d520c6cd456389e19ba557e3c470b6be40d0b33d", "best_bid": "0.9", "best_ask": "0.92"}], "timestamp": "1769384452962", "event_type": "price_change"}}
{"_local_timestamp": "2026-01-25T23:41:14.667895+00:00", "data": {"market": "0x378f6ce7b81670608a5a4f0fcf740e3dbb44c3e402e5b0beba49871a5c05b259", "price_changes": [{"asset_id": "68311829543741021184558122622902784954644849677046739184908916756688634040204", "price": "0.27", "size": "0", "side": "BUY", "hash": "745531e9e435ce0c5136203b88430ab450790374", "best_bid": "0.91", "best_ask": "0.93"}, {"asset_id": "80469582416211324277551196813384851504222711072116234686695188046152640511225", "price": "0.73", "size": "0", "side": "SELL", "hash": "2423d475abf90a3b41f1658a41e9630ea053bc85", "best_bid": "0.07", "best_ask": "0.09"}], "timestamp": "1769384474530", "event_type": "price_change"}}
{"_local_timestamp": "2026-01-25T23:41:14.697331+00:00", "data": {"market": "0xd059a400cfceb9720559a5a67f53aa94381da88fa2007af5ce30f75facf57953", "price_changes": [{"asset_id": "57191420250913616150846676905047388827581537310894242160546701872955141155912", "price": "0.24", "size": "0", "side": "BUY", "hash": "67049586b830eeae7e3e6a527ebd4e64a9796ab4", "best_bid": "0.9", "best_ask": "0.92"}, {"asset_id": "68681443500357642360075283680830487598986161680464858837462763850367316916961", "price": "0.76", "size": "0", "side": "SELL", "hash": "727baeb32cdf8a0fe795dcb40bb57a27a32d2585", "best_bid": "0.08", "best_ask": "0.1"}], "timestamp": "1769384474535", "event_type": "price_change"}}
{"_local_timestamp": "2026-01-25T23:41:15.652988+00:00", "data": {"market": "0xd059a400cfceb9720559a5a67f53aa94381da88fa2007af5ce30f75facf57953", "price_changes": [{"asset_id": "68681443500357642360075283680830487598986161680464858837462763850367316916961", "price": "0.06", "size": "520", "side": "BUY", "hash": "61e34e88b0543d48faa07916b60a38bad580241f", "best_bid": "0.08", "best_ask": "0.1"}, {"asset_id": "57191420250913616150846676905047388827581537310894242160546701872955141155912", "price": "0.94", "size": "520", "side": "SELL", "hash": "ed727fe9f63c153c407ae1f2c4a1d0b695d8effb", "best_bid": "0.9", "best_ask": "0.92"}], "timestamp": "1769384475585", "event_type": "price_change"}}
{"_local_timestamp": "2026-01-25T23:41:15.653456+00:00", "data": {"market": "0xd059a400cfceb9720559a5a67f53aa94381da88fa2007af5ce30f75facf57953", "price_changes": [{"asset_id": "68681443500357642360075283680830487598986161680464858837462763850367316916961", "price": "0.05", "size": "501", "side": "BUY", "hash": "468e97e22219edf01c11aae0cf173f2e2094b1e6", "best_bid": "0.08", "best_ask": "0.1"}, {"asset_id": "57191420250913616150846676905047388827581537310894242160546701872955141155912", "price": "0.95", "size": "501", "side": "SELL", "hash": "99dca52b026029d88a3999c371eb4ca954e247e7", "best_bid": "0.9", "best_ask": "0.92"}], "timestamp": "1769384475586", "event_type": "price_change"}}
{"_local_timestamp": "2026-01-25T23:41:36.775081+00:00", "data": {"market": "0xd059a400cfceb9720559a5a67f53aa94381da88fa2007af5ce30f75facf57953", "price_changes": [{"asset_id": "68681443500357642360075283680830487598986161680464858837462763850367316916961", "price": "0.06", "size": "120", "side": "BUY", "hash": "f3597a468f7b3b5ff5b45cd8ba173f328d1e7b5f", "best_bid": "0.08", "best_ask": "0.1"}, {"asset_id": "57191420250913616150846676905047388827581537310894242160546701872955141155912", "price": "0.94", "size": "120", "side": "SELL", "hash": "936f4d481c6c7c8410766a3bad8256089ab25000", "best_bid": "0.9", "best_ask": "0.92"}], "timestamp": "1769384496701", "event_type": "price_change"}}
{"_local_timestamp": "2026-01-25T23:41:36.776416+00:00", "data": {"market": "0xd059a400cfceb9720559a5a67f53aa94381da88fa2007af5ce30f75facf57953", "price_changes": [{"asset_id": "68681443500357642360075283680830487598986161680464858837462763850367316916961", "price": "0.05", "size": "101", "side": "BUY", "hash": "f3597a468f7b3b5ff5b45cd8ba173f328d1e7b5f", "best_bid": "0.08", "best_ask": "0.1"}, {"asset_id": "57191420250913616150846676905047388827581537310894242160546701872955141155912", "price": "0.95", "size": "101", "side": "SELL", "hash": "936f4d481c6c7c8410766a3bad8256089ab25000", "best_bid": "0.9", "best_ask": "0.92"}], "timestamp": "1769384496701", "event_type": "price_change"}}
