{"_local_timestamp": "2026-01-25T23:33:42.070776+00:00", "data": [{"market": "0x57e8924f909c116c6a9559568d9ffff709388ca7af675a8494bd4ae26fd0bf8f", "asset_id": "25531573283919605562755074870204034843012472485095960862887815602597327441771", "timestamp": "1769368474048", "hash": "cbeecf2a75fb3b5d505e8f19159d46590c0c77b4", "bids": [{"price": "0.01", "size": "1310"}, {"price": "0.02", "size": "500"}, {"price": "0.03", "size": "200"}, {"price": "0.04", "size": "100"}, {"price": "0.05", "size": "30"}, {"price": "0.06", "size": "58"}], "asks": [{"price": "0.99", "size": "60"}, {"price": "0.97", "size": "16"}, {"price": "0.95", "size": "20"}, {"price": "0.94", "size": "63.22"}], "event_type": "book", "last_trade_price": ""}, {"market": "0xb3cad73549260566b7fff7f6915f7a0989a0b0a3d14c5d97ce8a49f0e9c2fb6f", "asset_id": "64042064392558758251345951377701664295860399141583562451064399680467963636984", "timestamp": "1769368476144", "hash": "a7f28984f46644febb15d78bc343b9f9944f64d6", "bids": [{"price": "0.01", "size": "60"}, {"price": "0.04", "size": "12"}, {"price": "0.05", "size": "20"}, {"price": "0.06", "size": "33"}], "asks": [{"price": "0.99", "size": "1310"}, {"price": "0.98", "size": "500"}, {"price": "0.97", "size": "216"}, {"price": "0.96", "size": "108"}, {"price": "0.95", "size": "20"}, {"price": "0.94", "size": "33"}], "event_type": "book", "last_trade_price": ""}, {"market": "0xb3cad73549260566b7fff7f6915f7a0989a0b0a3d14c5d97ce8a49f0e9c2fb6f", "asset_id": "67825505072330413826657258434938088642185400343574590525986329431756781609246", "timestamp": "1769368476144", "hash": "3aae04d14ab1ba032f102c58cb1759af10c6038a", "bids": [{"price": "0.01", "size": "1310"}, {"price": "0.02", "size": "500"}, {"price": "0.03", "size": "216"}, {"price": "0.04", "size": "108"}, {"price": "0.05", "size": "20"}, {"price": "0.06", "size": "33"}], "asks": [{"price": "0.99", "size": "60"}, {"price": "0.96", "size": "12"}, {"price": "0.95", "size": "20"}, {"price": "0.94", "size": "33"}], "event_type": "book", "last_trade_price": ""}, {"market": "0x737afe0f3f066b3680d27206f026452c4cfab0b2de1cdeac02ab16fdb252be22", "asset_id": "110641537504763793331042241420997109986549589280871033276943996841760938765739", "timestamp": "1769368474047", "hash": "f662a52f77692fdb7f2f5f96a97c0ca6ad5b709e", "bids": [{"price": "0.01", "size": "1310"}, {"price": "0.02", "size": "500"}, {"price": "0.03", "size": "216"}, {"price": "0.04", "size": "250"}, {"price": "0.05", "size": "145"}, {"price": "0.06", "size": "68.8"}], "asks": [{"price": "0.99", "size": "60"}, {"price": "0.98", "size": "30"}, {"price": "0.97", "size": "16"}, {"price": "0.95", "size": "20"}, {"price": "0.94", "size": "33"}, {"price": "0.93", "size": "80.4"}], "event_type": "book", "last_trade_price": ""}, {"market": "0x57e8924f909c116c6a9559568d9ffff709388ca7af675a8494bd4ae26fd0bf8f", "asset_id": "28476839154433086576514204945907633299758125127484786634902082804841077696002", "timestamp": "1769368474048", "hash": "69102332ae48b8eb7c9bcc3978beb87ac4624a84", "bids": [{"price": "0.01", "size": "60"}, {"price": "0.03", "size": "16"}, {"price": "0.05", "size": "20"}, {"price": "0.06", "size": "63.22"}], "asks": [{"price": "0.99", "size": "1310"}, {"price": "0.98", "size": "500"}, {"price": "0.97", "size": "200"}, {"price": "0.96", "size": "100"}, {"price": "0.95", "size": "30"}, {"price": "0.94", "size": "58"}], "event_type": "book", "last_trade_price": ""}, {"market": "0x737afe0f3f066b3680d27206f026452c4cfab0b2de1cdeac02ab16fdb252be22", "asset_id": "31614128484010143880383375276932030286833213531750285841959520555883126287861", "timestamp": "1769368474047", "hash": "a9d84faa39cf29ef2525fd9d701dbd3ce6f922e6", "bids": [{"price": "0.01", "size": "60"}, {"price": "0.02", "size": "30"}, {"price": "0.03", "size": "16"}, {"price": "0.05", "size": "20"}, {"price": "0.06", "size": "33"}, {"price": "0.07", "size": "80.4"}], "asks": [{"price": "0.99", "size": "1310"}, {"price": "0.98", "size": "500"}, {"price": "0.97", "size": "216"}, {"price": "0.96", "size": "250"}, {"price": "0.95", "size": "145"}, {"price": "0.94", "size": "68.8"}], "event_type": "book", "last_trade_price": ""}]}
