{"_local_timestamp": "2026-01-25T23:33:27.249109+00:00", "data": [{"market": "0x1cf96ff28b0fa76e23f12a0cf299fc3bced8b26e0addfc1ef11fb58347c0216e", "asset_id": "37806007110699379574196083156782938311392224981899208050840783070359178406119", "timestamp": "1769383923010", "hash": "8035ba85bafabddcb05093d4e67e8dea938160c7", "bids": [{"price": "0.01", "size": "6816.03"}, {"price": "0.02", "size": "1500"}, {"price": "0.03", "size": "9.48"}, {"price": "0.04", "size": "1575"}, {"price": "0.05", "size": "30"}, {"price": "0.06", "size": "533"}, {"price": "0.07", "size": "6.41"}, {"price": "0.1", "size": "560"}, {"price": "0.11", "size": "550"}, {"price": "0.14", "size": "242.85"}, {"price": "0.15", "size": "7.37"}, {"price": "0.19", "size": "168.42"}, {"price": "0.2", "size": "450"}, {"price": "0.21", "size": "810"}, {"price": "0.22", "size": "2008"}, {"price": "0.24", "size": "116.66"}, {"price": "0.28", "size": "250"}, {"price": "0.29", "size": "89.65"}, {"price": "0.31", "size": "75"}, {"price": "0.34", "size": "70.58"}, {"price": "0.38", "size": "52.63"}, {"price": "0.4", "size": "225"}, {"price": "0.41", "size": "5"}, {"price": "0.67", "size": "100"}, {"price": "0.68", "size": "20"}, {"price": "0.84", "size": "5"}, {"price": "0.86", "size": "200"}, {"price": "0.9", "size": "40.61"}, {"price": "0.92", "size": "18.95"}, {"price": "0.94", "size": "111"}, {"price": "0.95", "size": "50"}], "asks": [{"price": "0.99", "size": "852"}, {"price": "0.98", "size": "220"}, {"price": "0.97", "size": "300"}, {"price": "0.96", "size": "219.74"}], "event_type": "book", "last_trade_price": ""}, {"market": "0xf78be595172a9db8c6323e1927aa44b2fa2d52805d97bf4a9664593b42326534", "asset_id": "79153343516917124089830649512161379225749490712157676097737998459949458633341", "timestamp": "1769384005402", "hash": "eb1ab38c8d4717898fcf8468991cf4f7f2f76e41", "bids": [{"price": "0.01", "size": "5509.69"}, {"price": "0.02", "size": "2200"}, {"price": "0.03", "size": "10.12"}, {"price": "0.05", "size": "30"}, {"price": "0.06", "size": "33"}, {"price": "0.09", "size": "1200"}, {"price": "0.1", "size": "5.99"}, {"price": "0.11", "size": "550"}, {"price": "0.14", "size": "242.85"}, {"price": "0.19", "size": "168.42"}, {"price": "0.2", "size": "450"}, {"price": "0.23", "size": "965.73"}, {"price": "0.25", "size": "1680"}, {"price": "0.28", "size": "92.85"}, {"price": "0.29", "size": "250"}, {"price": "0.33", "size": "72.72"}, {"price": "0.35", "size": "84.31"}, {"price": "0.37", "size": "54.05"}, {"price": "0.38", "size": "1628"}, {"price": "0.39", "size": "375"}, {"price": "0.55", "size": "100"}, {"price": "0.56", "size": "100"}, {"price": "0.57", "size": "100"}, {"price": "0.73", "size": "110"}, {"price": "0.9", "size": "242"}, {"price": "0.91", "size": "86.18"}], "asks": [{"price": "0.99", "size": "1007.78"}, {"price": "0.98", "size": "772.15"}, {"price": "0.97", "size": "24.43"}, {"price": "0.96", "size": "375"}, {"price": "0.95", "size": "137.37"}, {"price": "0.94", "size": "103"}, {"price": "0.93", "size": "654.2"}, {"price": "0.92", "size": "8.72"}], "event_type": "book", "last_trade_price": ""}, {"market": "0xf78be595172a9db8c6323e1927aa44b2fa2d52805d97bf4a9664593b42326534", "asset_id": "11578255811525951655345239160025722988656022130695380403915619404720268616145", "timestamp": "1769384005402", "hash": "5155094be203676fadde87986f7323f513f5f562", "bids": [{"price": "0.01", "size": "1007.78"}, {"price": "0.02", "size": "772.15"}, {"price": "0.03", "size": "24.43"}, {"price": "0.04", "size": "375"}, {"price": "0.05", "size": "137.37"}, {"price": "0.06", "size": "103"}, {"price": "0.07", "size": "654.2"}, {"price": "0.08", "size": "8.72"}], "asks": [{"price": "0.99", "size": "5509.69"}, {"price": "0.98", "size": "2200"}, {"price": "0.97", "size": "10.12"}, {"price": "0.95", "size": "30"}, {"price": "0.94", "size": "33"}, {"price": "0.91", "size": "1200"}, {"price": "0.9", "size": "5.99"}, {"price": "0.89", "size": "550"}, {"price": "0.86", "size": "242.85"}, {"price": "0.81", "size": "168.42"}, {"price": "0.8", "size": "450"}, {"price": "0.77", "size": "965.73"}, {"price": "0.75", "size": "1680"}, {"price": "0.72", "size": "92.85"}, {"price": "0.71", "size": "250"}, {"price": "0.67", "size": "72.72"}, {"price": "0.65", "size": "84.31"}, {"price": "0.63", "size": "54.05"}, {"price": "0.62", "size": "1628"}, {"price": "0.61", "size": "375"}, {"price": "0.45", "size": "100"}, {"price": "0.44", "size": "100"}, {"price": "0.43", "size": "100"}, {"price": "0.27", "size": "110"}, {"price": "0.1", "size": "242"}, {"price": "0.09", "size": "86.18"}], "event_type": "book", "last_trade_price": ""}, {"market": "0x1cf96ff28b0fa76e23f12a0cf299fc3bced8b26e0addfc1ef11fb58347c0216e", "asset_id": "56624064231610260238088049093024377041287867285559273155770657490459058693715", "timestamp": "1769383923010", "hash": "e651750630b655ce8efd4e8408d44794484915f0", "bids": [{"price": "0.01", "size": "852"}, {"price": "0.02", "size": "220"}, {"price": "0.03", "size": "300"}, {"price": "0.04", "size": "219.74"}], "asks": [{"price": "0.99", "size": "6816.03"}, {"price": "0.98", "size": "1500"}, {"price": "0.97", "size": "9.48"}, {"price": "0.96", "size": "1575"}, {"price": "0.95", "size": "30"}, {"price": "0.94", "size": "533"}, {"price": "0.93", "size": "6.41"}, {"price": "0.9", "size": "560"}, {"price": "0.89", "size": "550"}, {"price": "0.86", "size": "242.85"}, {"price": "0.85", "size": "7.37"}, {"price": "0.81", "size": "168.42"}, {"price": "0.8", "size": "450"}, {"price": "0.79", "size": "810"}, {"price": "0.78", "size": "2008"}, {"price": "0.76", "size": "116.66"}, {"price": "0.72", "size": "250"}, {"price": "0.71", "size": "89.65"}, {"price": "0.69", "size": "75"}, {"price": "0.66", "size": "70.58"}, {"price": "0.62", "size": "52.63"}, {"price": "0.6", "size": "225"}, {"price": "0.59", "size": "5"}, {"price": "0.33", "size": "100"}, {"price": "0.32", "size": "20"}, {"price": "0.16", "size": "5"}, {"price": "0.14", "size": "200"}, {"price": "0.1", "size": "40.61"}, {"price": "0.08", "size": "18.95"}, {"price": "0.06", "size": "111"}, {"price": "0.05", "size": "50"}], "event_type": "book", "last_trade_price": ""}]}
{"_local_timestamp": "2026-01-25T23:33:33.182713+00:00", "data": {"market": "0xf78be595172a9db8c6323e1927aa44b2fa2d52805d97bf4a9664593b42326534", "price_changes": [{"asset_id": "79153343516917124089830649512161379225749490712157676097737998459949458633341", "price": "0.29", "size": "200", "side": "BUY", "hash": "866ab68086dfe5900697589ce6b37dfa497e123e", "best_bid": "0.91", "best_ask": "0.92"}, {"asset_id": "11578255811525951655345239160025722988656022130695380403915619404720268616145", "price": "0.71", "size": "200", "side": "SELL", "hash": "bd17e8af21a112e6c443f0d458122c762194d8e1", "best_bid": "0.08", "best_ask": "0.09"}], "timestamp": "1769384013047", "event_type": "price_change"}}
{"_local_timestamp": "2026-01-25T23:33:33.193903+00:00", "data": {"market": "0x1cf96ff28b0fa76e23f12a0cf299fc3bced8b26e0addfc1ef11fb58347c0216e", "price_changes": [{"asset_id": "37806007110699379574196083156782938311392224981899208050840783070359178406119", "price": "0.21", "size": "760", "side": "BUY", "hash": "81552b05d8b8fdb077e30429b1efbcef88bad06c", "best_bid": "0.95", "best_ask": "0.96"}, {"asset_id": "56624064231610260238088049093024377041287867285559273155770657490459058693715", "price": "0.79", "size": "760", "side": "SELL", "hash": "fd76ebe978af38dc7588edf2e05f48c6bb1ee0eb", "best_bid": "0.04", "best_ask": "0.05"}], "timestamp": "1769384013047", "event_type": "price_change"}}
{"_local_timestamp": "2026-01-25T23:33:33.194327+00:00", "data": {"market": "0x1cf96ff28b0fa76e23f12a0cf299fc3bced8b26e0addfc1ef11fb58347c0216e", "price_changes": [{"asset_id": "37806007110699379574196083156782938311392224981899208050840783070359178406119", "price": "0.28", "size": "200", "side": "BUY", "hash": "81552b05d8b8fdb077e30429b1efbcef88bad06c", "best_bid": "0.95", "best_ask": "0.96"}, {"asset_id": "56624064231610260238088049093024377041287867285559273155770657490459058693715", "price": "0.72", "size": "200", "side": "SELL", "hash": "fd76ebe978af38dc7588edf2e05f48c6bb1ee0eb", "best_bid": "0.04", "best_ask": "0.05"}], "timestamp": "1769384013047", "event_type": "price_change"}}
{"_local_timestamp": "2026-01-25T23:33:33.714113+00:00", "data": {"market": "0xf78be595172a9db8c6323e1927aa44b2fa2d52805d97bf4a9664593b42326534", "price_changes": [{"asset_id": "79153343516917124089830649512161379225749490712157676097737998459949458633341", "price": "0.28", "size": "142.85", "side": "BUY", "hash": "548301c89798a47180f8101537a0ae28ebe4d436", "best_bid": "0.91", "best_ask": "0.92"}, {"asset_id": "11578255811525951655345239160025722988656022130695380403915619404720268616145", "price": "0.72", "size": "142.85", "side": "SELL", "hash": "9ab247da9506b2ccac0966ca3ea648b1e8ea11c1", "best_bid": "0.08", "best_ask": "0.09"}], "timestamp": "1769384013552", "event_type": "price_change"}}
{"_local_timestamp": "2026-01-25T23:33:33.728271+00:00", "data": {"market": "0x1cf96ff28b0fa76e23f12a0cf299fc3bced8b26e0addfc1ef11fb58347c0216e", "price_changes": [{"asset_id": "37806007110699379574196083156782938311392224981899208050840783070359178406119", "price": "0.22", "size": "2058", "side": "BUY", "hash": "2441a4e0ab2107270380f41c2e2829d8d022ea1a", "best_bid": "0.95", "best_ask": "0.96"}, {"asset_id": "56624064231610260238088049093024377041287867285559273155770657490459058693715", "price": "0.78", "size": "2058", "side": "SELL", "hash": "b4ab541448bf1a4a25c0fc3353b20768fed54036", "best_bid": "0.04", "best_ask": "0.05"}], "timestamp": "1769384013551", "event_type": "price_change"}}
{"_local_timestamp": "2026-01-25T23:33:33.734084+00:00", "data": {"market": "0x1cf96ff28b0fa76e23f12a0cf299fc3bced8b26e0addfc1ef11fb58347c0216e", "price_changes": [{"asset_id": "37806007110699379574196083156782938311392224981899208050840783070359178406119", "price": "0.29", "size": "139.65", "side": "BUY", "hash": "711ccc0894d631a970686f88046b79f44a051e62", "best_bid": "0.95", "best_ask": "0.96"}, {"asset_id": "56624064231610260238088049093024377041287867285559273155770657490459058693715", "price": "0.71", "size": "139.65", "side": "SELL", "hash": "a04f68590b4496bcfb95420477abb1ceec686bc0", "best_bid": "0.04", "best_ask": "0.05"}], "timestamp": "1769384013580", "event_type": "price_change"}}
{"_local_timestamp": "2026-01-25T23:33:34.101477+00:00", "data": {"market": "0x1cf96ff28b0fa76e23f12a0cf299fc3bced8b26e0addfc1ef11fb58347c0216e", "price_changes": [{"asset_id": "37806007110699379574196083156782938311392224981899208050840783070359178406119", "price": "0.92", "size": "84.95", "side": "BUY", "hash": "ad23377bd33dd52d9fce67b24c68b9a0939487c3", "best_bid": "0.95", "best_ask": "0.96"}, {"asset_id": "56624064231610260238088049093024377041287867285559273155770657490459058693715", "price": "0.08", "size": "84.95", "side": "SELL", "hash": "082c9b24beacddd9cb2ec4635ab23d3887b93759", "best_bid": "0.04", "best_ask": "0.05"}], "timestamp": "1769384014009", "event_type": "price_change"}}
{"_local_timestamp": "2026-01-25T23:33:34.240001+00:00", "data": {"market": "0x1cf96ff28b0fa76e23f12a0cf299fc3bced8b26e0addfc1ef11fb58347c0216e", "price_changes": [{"asset_id": "37806007110699379574196083156782938311392224981899208050840783070359178406119", "price": "0.92", "size": "18.95", "side": "BUY", "hash": "e95f4e60244d1cc867c9c85676ff7bace952ad6b", "best_bid": "0.95", "best_ask": "0.96"}, {"asset_id": "56624064231610260238088049093024377041287867285559273155770657490459058693715", "price": "0.08", "size": "18.95", "side": "SELL", "hash": "059a0f8e2e9d4dcfe7334411588fc1b0ff401c9b", "best_bid": "0.04", "best_ask": "0.05"}], "timestamp": "1769384014166", "event_type": "price_change"}}
{"_local_timestamp": "2026-01-25T23:33:40.269985+00:00", "data": {"market": "0xf78be595172a9db8c6323e1927aa44b2fa2d52805d97bf4a9664593b42326534", "price_changes": [{"asset_id": "79153343516917124089830649512161379225749490712157676097737998459949458633341", "price": "0.29", "size": "150", "side": "BUY", "hash": "b9e01021060ac92823c1ca0ac4a02595b0077102", "best_bid": "0.91", "best_ask": "0.92"}, {"asset_id": "11578255811525951655345239160025722988656022130695380403915619404720268616145", "price": "0.71", "size": "150", "side": "SELL", "hash": "7b26cbc02ee32dfe5223abf5ee4cfe55b2744c99", "best_bid": "0.08", "best_ask": "0.09"}], "timestamp": "1769384020094", "event_type": "price_change"}}
{"_local_timestamp": "2026-01-25T23:33:40.318346+00:00", "data": {"market": "0x1cf96ff28b0fa76e23f12a0cf299fc3bced8b26e0addfc1ef11fb58347c0216e", "price_changes": [{"asset_id": "37806007110699379574196083156782938311392224981899208050840783070359178406119", "price": "0.28", "size": "150", "side": "BUY", "hash": "4ac114d0b6c21944dddc3f964b08c572f7709c18", "best_bid": "0.95", "best_ask": "0.96"}, {"asset_id": "56624064231610260238088049093024377041287867285559273155770657490459058693715", "price": "0.72", "size": "150", "side": "SELL", "hash": "9ed95a8fbc30563adab6d9a600180bd9aab8c9bd", "best_bid": "0.04", "best_ask": "0.05"}], "timestamp": "1769384020093", "event_type": "price_change"}}
{"_local_timestamp": "2026-01-25T23:33:40.776443+00:00", "data": {"market": "0x1cf96ff28b0fa76e23f12a0cf299fc3bced8b26e0addfc1ef11fb58347c0216e", "price_changes": [{"asset_id": "37806007110699379574196083156782938311392224981899208050840783070359178406119", "price": "0.22", "size": "2108", "side": "BUY", "hash": "888372f94c372c7011bd9867e0b43d72033b8e24", "best_bid": "0.95", "best_ask": "0.96"}, {"asset_id": "56624064231610260238088049093024377041287867285559273155770657490459058693715", "price": "0.78", "size": "2108", "side": "SELL", "hash": "c86d69cbc696817bf0fd213fc7e7ef9a05f19963", "best_bid": "0.04", "best_ask": "0.05"}], "timestamp": "1769384020558", "event_type": "price_change"}}
{"_local_timestamp": "2026-01-25T23:33:40.801738+00:00", "data": {"market": "0xf78be595172a9db8c6323e1927aa44b2fa2d52805d97bf4a9664593b42326534", "price_changes": [{"asset_id": "79153343516917124089830649512161379225749490712157676097737998459949458633341", "price": "0.24", "size": "50", "side": "BUY", "hash": "f5f06de2ba99b98e9925aad0224b84462e091a38", "best_bid": "0.91", "best_ask": "0.92"}, {"asset_id": "11578255811525951655345239160025722988656022130695380403915619404720268616145", "price": "0.76", "size": "50", "side": "SELL", "hash": "adf1b6ccffbfd5bd963418c0603b189ebc37a16f", "best_bid": "0.08", "best_ask": "0.09"}], "timestamp": "1769384020562", "event_type": "price_change"}}
{"_local_timestamp": "2026-01-25T23:33:54.086736+00:00", "data": {"market": "0xf78be595172a9db8c6323e1927aa44b2fa2d52805d97bf4a9664593b42326534", "price_changes": [{"asset_id": "79153343516917124089830649512161379225749490712157676097737998459949458633341", "price": "0.9", "size": "222", "side": "BUY", "hash": "4e5a58c1a1b09f736e0296a05a6a71696f934e83", "best_bid": "0.91", "best_ask": "0.92"}, {"asset_id": "11578255811525951655345239160025722988656022130695380403915619404720268616145", "price": "0.1", "size": "222", "side": "SELL", "hash": "efce922d8104e3413d74eecee622ff819a534418", "best_bid": "0.08", "best_ask": "0.09"}], "timestamp": "1769384034002", "event_type": "price_change"}}
{"_local_timestamp": "2026-01-25T23:33:54.093058+00:00", "data": {"market": "0xf78be595172a9db8c6323e1927aa44b2fa2d52805d97bf4a9664593b42326534", "price_changes": [{"asset_id": "11578255811525951655345239160025722988656022130695380403915619404720268616145", "price": "0.07", "size": "634.2", "side": "BUY", "hash": "c78e478dce839306606ad30f8191a9ab0e92f43f", "best_bid": "0.08", "best_ask": "0.09"}, {"asset_id": "79153343516917124089830649512161379225749490712157676097737998459949458633341", "price": "0.93", "size": "634.2", "side": "SELL", "hash": "9e6c46d8e91323c4fa4cf514bb6f8f71348bed4e", "best_bid": "0.91", "best_ask": "0.92"}], "timestamp": "1769384034002", "event_type": "price_change"}}
{"_local_timestamp": "2026-01-25T23:33:54.093928+00:00", "data": {"market": "0x1cf96ff28b0fa76e23f12a0cf299fc3bced8b26e0addfc1ef11fb58347c0216e", "price_changes": [{"asset_id": "37806007110699379574196083156782938311392224981899208050840783070359178406119", "price": "0.94", "size": "91", "side": "BUY", "hash": "4a17696b58d0a5b28f27c3d18e97363a3ad407a6", "best_bid": "0.95", "best_ask": "0.96"}, {"asset_id": "56624064231610260238088049093024377041287867285559273155770657490459058693715", "price": "0.06", "size": "91", "side": "SELL", "hash": "8edf8ae9bf56642061ff73a2d9a67b6fc34c7959", "best_bid": "0.04", "best_ask": "0.05"}], "timestamp": "1769384034000", "event_type": "price_change"}}
{"_local_timestamp": "2026-01-25T23:33:54.097694+00:00", "data": {"market": "0x1cf96ff28b0fa76e23f12a0cf299fc3bced8b26e0addfc1ef11fb58347c0216e", "price_changes": [{"asset_id": "56624064231610260238088049093024377041287867285559273155770657490459058693715", "price": "0.03", "size": "280", "side": "BUY", "hash": "6d3b7a530d82823b2b670146c6ea9afff0df136e", "best_bid": "0.04", "best_ask": "0.05"}, {"asset_id": "37806007110699379574196083156782938311392224981899208050840783070359178406119", "price": "0.97", "size": "280", "side": "SELL", "hash": "915d19bd00511016c77f1e1f57b96b3ce18a2328", "best_bid": "0.95", "best_ask": "0.96"}], "timestamp": "1769384034004", "event_type": "price_change"}}
{"_local_timestamp": "2026-01-25T23:34:04.782710+00:00", "data": {"market": "0xf78be595172a9db8c6323e1927aa44b2fa2d52805d97bf4a9664593b42326534", "price_changes": [{"asset_id": "79153343516917124089830649512161379225749490712157676097737998459949458633341", "price": "0.23", "size": "865.73", "side": "BUY", "hash": "fb4e64a811774407a777a9df4a115d18b9c27c19", "best_bid": "0.91", "best_ask": "0.92"}, {"asset_id": "11578255811525951655345239160025722988656022130695380403915619404720268616145", "price": "0.77", "size": "865.73", "side": "SELL", "hash": "b34983331c9b9c9e6cb2ca6fe06cb1f9887dd930", "best_bid": "0.08", "best_ask": "0.09"}], "timestamp": "1769384044568", "event_type": "price_change"}}
{"_local_timestamp": "2026-01-25T23:34:05.233344+00:00", "data": {"market": "0xf78be595172a9db8c6323e1927aa44b2fa2d52805d97bf4a9664593b42326534", "price_changes": [{"asset_id": "79153343516917124089830649512161379225749490712157676097737998459949458633341", "price": "0.25", "size": "1780", "side": "BUY", "hash": "0bcdb9152d5854436746601cef3eaa5de9beb39d", "best_bid": "0.91", "best_ask": "0.92"}, {"asset_id": "11578255811525951655345239160025722988656022130695380403915619404720268616145", "price": "0.75", "size": "1780", "side": "SELL", "hash": "022cf44c4dfc950804c371b7ba838657b859d713", "best_bid": "0.08", "best_ask": "0.09"}], "timestamp": "1769384044914", "event_type": "price_change"}}
{"_local_timestamp": "2026-01-25T23:34:05.593289+00:00", "data": {"market": "0xf78be595172a9db8c6323e1927aa44b2fa2d52805d97bf4a9664593b42326534", "price_changes": [{"asset_id": "79153343516917124089830649512161379225749490712157676097737998459949458633341", "price": "0.9", "size": "592", "side": "BUY", "hash": "7b7176645e22d0be76da48150b69ac0ff76b50da", "best_bid": "0.91", "best_ask": "0.92"}, {"asset_id": "11578255811525951655345239160025722988656022130695380403915619404720268616145", "price": "0.1", "size": "592", "side": "SELL", "hash": "a2c01f8e73e45d15d6b2746b8f358915b161134e", "best_bid": "0.08", "best_ask": "0.09"}], "timestamp": "1769384045357", "event_type": "price_change"}}
{"_local_timestamp": "2026-01-25T23:34:05.780220+00:00", "data": {"market": "0xf78be595172a9db8c6323e1927aa44b2fa2d52805d97bf4a9664593b42326534", "price_changes": [{"asset_id": "79153343516917124089830649512161379225749490712157676097737998459949458633341", "price": "0.9", "size": "222", "side": "BUY", "hash": "4cec238dd410b1bb00e4bd855e6efbf7105a2fea", "best_bid": "0.91", "best_ask": "0.92"}, {"asset_id": "11578255811525951655345239160025722988656022130695380403915619404720268616145", "price": "0.1", "size": "222", "side": "SELL", "hash": "ac2065efd7c537879530718e1df6b9decb5cbb1a", "best_bid": "0.08", "best_ask": "0.09"}], "timestamp": "1769384045528", "event_type": "price_change"}}
{"_local_timestamp": "2026-01-25T23:34:20.053217+00:00", "data": {"market": "0xf78be595172a9db8c6323e1927aa44b2fa2d52805d97bf4a9664593b42326534", "price_changes": [{"asset_id": "79153343516917124089830649512161379225749490712157676097737998459949458633341", "price": "0.25", "size": "100", "side": "BUY", "hash": "8d1a8a7200735337b6218be2427038a755c06215", "best_bid": "0.91", "best_ask": "0.92"}, {"asset_id": "11578255811525951655345239160025722988656022130695380403915619404720268616145", "price": "0.75", "size": "100", "side": "SELL", "hash": "af8722eda8da4bb311e2d54846a3f8721112a76f", "best_bid": "0.08", "best_ask": "0.09"}], "timestamp": "1769384059759", "event_type": "price_change"}}
{"_local_timestamp": "2026-01-25T23:34:27.965162+00:00", "data": {"market": "0x1cf96ff28b0fa76e23f12a0cf299fc3bced8b26e0addfc1ef11fb58347c0216e", "price_changes": [{"asset_id": "37806007110699379574196083156782938311392224981899208050840783070359178406119", "price": "0.28", "size": "50", "side": "BUY", "hash": "30a8ae873422e92920490b5812022e3618208dfd", "best_bid": "0.95", "best_ask": "0.96"}, {"asset_id": "56624064231610260238088049093024377041287867285559273155770657490459058693715", "price": "0.72", "size": "50", "side": "SELL", "hash": "53f7791ef0187aff8e021b833beeedbd93e0983e", "best_bid": "0.04", "best_ask": "0.05"}], "timestamp": "1769384067593", "event_type": "price_change"}}
{"_local_timestamp": "2026-01-25T23:34:27.982851+00:00", "data": {"market": "0xf78be595172a9db8c6323e1927aa44b2fa2d52805d97bf4a9664593b42326534", "price_changes": [{"asset_id": "79153343516917124089830649512161379225749490712157676097737998459949458633341", "price": "0.29", "size": "50", "side": "BUY", "hash": "bb49397361652e6ea3b4d964353868525ef73a49", "best_bid": "0.91", "best_ask": "0.92"}, {"asset_id": "11578255811525951655345239160025722988656022130695380403915619404720268616145", "price": "0.71", "size": "50", "side": "SELL", "hash": "620fd76e5c68a9e9627b5d13c193a97a74ba240d", "best_bid": "0.08", "best_ask": "0.09"}], "timestamp": "1769384067594", "event_type": "price_change"}}
{"_local_timestamp": "2026-01-25T23:34:28.548777+00:00", "data": {"market": "0xf78be595172a9db8c6323e1927aa44b2fa2d52805d97bf4a9664593b42326534", "price_changes": [{"asset_id": "79153343516917124089830649512161379225749490712157676097737998459949458633341", "price": "0.24", "size": "150", "side": "BUY", "hash": "3c8540176d83c7508ae6943f23448739b0b9f6cf", "best_bid": "0.91", "best_ask": "0.92"}, {"asset_id": "11578255811525951655345239160025722988656022130695380403915619404720268616145", "price": "0.76", "size": "150", "side": "SELL", "hash": "a8aaf0dd3fbff4b3538eb45dc3c9c9c1a82c9630", "best_bid": "0.08", "best_ask": "0.09"}], "timestamp": "1769384068115", "event_type": "price_change"}}
{"_local_timestamp": "2026-01-25T23:34:29.438000+00:00", "data": {"market": "0x1cf96ff28b0fa76e23f12a0cf299fc3bced8b26e0addfc1ef11fb58347c0216e", "price_changes": [{"asset_id": "37806007110699379574196083156782938311392224981899208050840783070359178406119", "price": "0.22", "size": "2208", "side": "BUY", "hash": "67d6d1f041ee261820b248d2c1d0761b43ebd77b", "best_bid": "0.95", "best_ask": "0.96"}, {"asset_id": "56624064231610260238088049093024377041287867285559273155770657490459058693715", "price": "0.78", "size": "2208", "side": "SELL", "hash": "65a0703d338a1ad3761725c9b683bf7eef6667cf", "best_bid": "0.04", "best_ask": "0.05"}], "timestamp": "1769384068111", "event_type": "price_change"}}
{"_local_timestamp": "2026-01-25T23:34:43.634970+00:00", "data": {"market": "0xf78be595172a9db8c6323e1927aa44b2fa2d52805d97bf4a9664593b42326534", "price_changes": [{"asset_id": "79153343516917124089830649512161379225749490712157676097737998459949458633341", "price": "0.29", "size": "0", "side": "BUY", "hash": "afeb21bf9f43a692f6cf11906a658cef31bd56e0", "best_bid": "0.91", "best_ask": "0.92"}, {"asset_id": "11578255811525951655345239160025722988656022130695380403915619404720268616145", "price": "0.71", "size": "0", "side": "SELL", "hash": "92530f5b49100fde93ea787357e33d55287d8724", "best_bid": "0.08", "best_ask": "0.09"}], "timestamp": "1769384083546", "event_type": "price_change"}}
{"_local_timestamp": "2026-01-25T23:34:43.636793+00:00", "data": {"market": "0x1cf96ff28b0fa76e23f12a0cf299fc3bced8b26e0addfc1ef11fb58347c0216e", "price_changes": [{"asset_id": "37806007110699379574196083156782938311392224981899208050840783070359178406119", "price": "0.28", "size": "0", "side": "BUY", "hash": "6118cf3eed48356559799d2a539b3c44d06d9859", "best_bid": "0.95", "best_ask": "0.96"}, {"asset_id": "56624064231610260238088049093024377041287867285559273155770657490459058693715", "price": "0.72", "size": "0", "side": "SELL", "hash": "bf4c0c6e4048e4776bcd9e2256a4ad4e5d12871e", "best_bid": "0.04", "best_ask": "0.05"}], "timestamp": "1769384083546", "event_type": "price_change"}}
{"_local_timestamp": "2026-01-25T23:34:43.893845+00:00", "data": {"market": "0x1cf96ff28b0fa76e23f12a0cf299fc3bced8b26e0addfc1ef11fb58347c0216e", "price_changes": [{"asset_id": "37806007110699379574196083156782938311392224981899208050840783070359178406119", "price": "0.29", "size": "189.65", "side": "BUY", "hash": "b3662c5211f69e0d456ebcbe19e004efc5ba0c0a", "best_bid": "0.95", "best_ask": "0.96"}, {"asset_id": "56624064231610260238088049093024377041287867285559273155770657490459058693715", "price": "0.71", "size": "189.65", "side": "SELL", "hash": "50e870285dbbf3fef53d9902161c3589a155c1be", "best_bid": "0.04", "best_ask": "0.05"}], "timestamp": "1769384083805", "event_type": "price_change"}}
{"_local_timestamp": "2026-01-25T23:34:43.894228+00:00", "data": {"market": "0xf78be595172a9db8c6323e1927aa44b2fa2d52805d97bf4a9664593b42326534", "price_changes": [{"asset_id": "79153343516917124089830649512161379225749490712157676097737998459949458633341", "price": "0.28", "size": "192.85", "side": "BUY", "hash": "02d634e0c89f5ec00699789827bb597cc4574e49", "best_bid": "0.91", "best_ask": "0.92"}, {"asset_id": "11578255811525951655345239160025722988656022130695380403915619404720268616145", "price": "0.72", "size": "192.85", "side": "SELL", "hash": "8b3f1399c7308d39ef29177aaa11182dec826cbf", "best_bid": "0.08", "best_ask": "0.09"}], "timestamp": "1769384083805", "event_type": "price_change"}}
{"_local_timestamp": "2026-01-25T23:35:00.521814+00:00", "data": {"market": "0x1cf96ff28b0fa76e23f12a0cf299fc3bced8b26e0addfc1ef11fb58347c0216e", "price_changes": [{"asset_id": "56624064231610260238088049093024377041287867285559273155770657490459058693715", "price": "0.03", "size": "310", "side": "BUY", "hash": "ec15e82bb7907bdde5076524f5534f3de4c3d52a", "best_bid": "0.04", "best_ask": "0.05"}, {"asset_id": "37806007110699379574196083156782938311392224981899208050840783070359178406119", "price": "0.97", "size": "310", "side": "SELL", "hash": "8085bb0b36c6af4e1348119767917d02cc18abee", "best_bid": "0.95", "best_ask": "0.96"}], "timestamp": "1769384100443", "event_type": "price_change"}}
{"_local_timestamp": "2026-01-25T23:35:00.522463+00:00", "data": {"market": "0x1cf96ff28b0fa76e23f12a0cf299fc3bced8b26e0addfc1ef11fb58347c0216e", "price_changes": [{"asset_id": "37806007110699379574196083156782938311392224981899208050840783070359178406119", "price": "0.94", "size": "121", "side": "BUY", "hash": "a47069f6a5efddf3442c6db8542891711dd16183", "best_bid": "0.95", "best_ask": "0.96"}, {"asset_id": "56624064231610260238088049093024377041287867285559273155770657490459058693715", "price": "0.06", "size": "121", "side": "SELL", "hash": "c08bef54752216fb08e71a9d1b9742d0a7e1eb71", "best_bid": "0.04", "best_ask": "0.05"}], "timestamp": "1769384100443", "event_type": "price_change"}}
