{"_local_timestamp": "2026-01-25T23:40:31.895669+00:00", "data": [{"market": "0x378f6ce7b81670608a5a4f0fcf740e3dbb44c3e402e5b0beba49871a5c05b259", "asset_id": "68311829543741021184558122622902784954644849677046739184908916756688634040204", "timestamp": "1769384413783", "hash": "9ba163d73f6f7e2defc8fe8ecf0120818d414fca", "bids": [{"price": "0.01", "size": "23.57"}, {"price": "0.02", "size": "300000"}, {"price": "0.03", "size": "3000"}, {"price": "0.04", "size": "5.22"}, {"price": "0.05", "size": "30"}, {"price": "0.06", "size": "33"}, {"price": "0.07", "size": "7.08"}, {"price": "0.09", "size": "400"}, {"price": "0.14", "size": "242.85"}, {"price": "0.15", "size": "7.06"}, {"price": "0.19", "size": "168.42"}, {"price": "0.2", "size": "800"}, {"price": "0.23", "size": "121.73"}, {"price": "0.26", "size": "5316"}, {"price": "0.27", "size": "1554"}, {"price": "0.28", "size": "92.85"}, {"price": "0.29", "size": "46"}, {"price": "0.33", "size": "72.72"}, {"price": "0.37", "size": "54.05"}, {"price": "0.38", "size": "20"}, {"price": "0.39", "size": "5"}, {"price": "0.86", "size": "255"}, {"price": "0.87", "size": "255"}, {"price": "0.88", "size": "345.1"}, {"price": "0.89", "size": "548.1"}, {"price": "0.9", "size": "16.12"}, {"price": "0.91", "size": "79.76"}], "asks": [{"price": "0.99", "size": "30080"}, {"price": "0.98", "size": "263.45"}, {"price": "0.97", "size": "8.53"}, {"price": "0.96", "size": "311.87"}, {"price": "0.95", "size": "400"}, {"price": "0.94", "size": "1011.89"}, {"price": "0.93", "size": "192.16"}], "event_type": "book", "last_trade_price": ""}, {"market": "0xd059a400cfceb9720559a5a67f53aa94381da88fa2007af5ce30f75facf57953", "asset_id": "57191420250913616150846676905047388827581537310894242160546701872955141155912", "timestamp": "1769384389196", "hash": "de70128e2601e87365aa4bf4a817a19bf280abcf", "bids": [{"price": "0.01", "size": "14.18"}, {"price": "0.02", "size": "300000"}, {"price": "0.03", "size": "5049"}, {"price": "0.04", "size": "5.68"}, {"price": "0.05", "size": "30"}, {"price": "0.06", "size": "33"}, {"price": "0.09", "size": "400"}, {"price": "0.1", "size": "6.3"}, {"price": "0.14", "size": "30242.85"}, {"price": "0.18", "size": "177.77"}, {"price": "0.23", "size": "815.73"}, {"price": "0.24", "size": "1748"}, {"price": "0.28", "size": "92.85"}, {"price": "0.29", "size": "96"}, {"price": "0.32", "size": "75"}, {"price": "0.37", "size": "54.05"}, {"price": "0.89", "size": "455.57"}, {"price": "0.9", "size": "106.47"}], "asks": [{"price": "0.99", "size": "86.63"}, {"price": "0.98", "size": "5035.94"}, {"price": "0.97", "size": "260.3"}, {"price": "0.96", "size": "19.84"}, {"price": "0.95", "size": "101"}, {"price": "0.93", "size": "460.99"}, {"price": "0.92", "size": "166.91"}], "event_type": "book", "last_trade_price": ""}, {"market": "0x378f6ce7b81670608a5a4f0fcf740e3dbb44c3e402e5b0beba49871a5c05b259", "asset_id": "80469582416211324277551196813384851504222711072116234686695188046152640511225", "timestamp": "1769384413783", "hash": "b6c4c649bed89361843961e3fcadceefb6441edf", "bids": [{"price": "0.01", "size": "30080"}, {"price": "0.02", "size": "263.45"}, {"price": "0.03", "size": "8.53"}, {"price": "0.04", "size": "311.87"}, {"price": "0.05", "size": "400"}, {"price": "0.06", "size": "1011.89"}, {"price": "0.07", "size": "192.16"}], "asks": [{"price": "0.99", "size": "23.57"}, {"price": "0.98", "size": "300000"}, {"price": "0.97", "size": "3000"}, {"price": "0.96", "size": "5.22"}, {"price": "0.95", "size": "30"}, {"price": "0.94", "size": "33"}, {"price": "0.93", "size": "7.08"}, {"price": "0.91", "size": "400"}, {"price": "0.86", "size": "242.85"}, {"price": "0.85", "size": "7.06"}, {"price": "0.81", "size": "168.42"}, {"price": "0.8", "size": "800"}, {"price": "0.77", "size": "121.73"}, {"price": "0.74", "size": "5316"}, {"price": "0.73", "size": "1554"}, {"price": "0.72", "size": "92.85"}, {"price": "0.71", "size": "46"}, {"price": "0.67", "size": "72.72"}, {"price": "0.63", "size": "54.05"}, {"price": "0.62", "size": "20"}, {"price": "0.61", "size": "5"}, {"price": "0.14", "size": "255"}, {"price": "0.13", "size": "255"}, {"price": "0.12", "size": "345.1"}, {"price": "0.11", "size": "548.1"}, {"price": "0.1", "size": "16.12"}, {"price": "0.09", "size": "79.76"}], "event_type": "book", "last_trade_price": ""}, {"market": "0xd059a400cfceb9720559a5a67f53aa94381da88fa2007af5ce30f75facf57953", "asset_id": "68681443500357642360075283680830487598986161680464858837462763850367316916961", "timestamp": "1769384389196", "hash": "642c7d0a0fb60db7a1779d3a7b5996d0bd4ddac4", "bids": [{"price": "0.01", "size": "86.63"}, {"price": "0.02", "size": "5035.94"}, {"price": "0.03", "size": "260.3"}, {"price": "0.04", "size": "19.84"}, {"price": "0.05", "size": "101"}, {"price": "0.07", "size": "460.99"}, {"price": "0.08", "size": "166.91"}], "asks": [{"price": "0.99", "size": "14.18"}, {"price": "0.98", "size": "300000"}, {"price": "0.97", "size": "5049"}, {"price": "0.96", "size": "5.68"}, {"price": "0.95", "size": "30"}, {"price": "0.94", "size": "33"}, {"price": "0.91", "size": "400"}, {"price": "0.9", "size": "6.3"}, {"price": "0.86", "size": "30242.85"}, {"price": "0.82", "size": "177.77"}, {"price": "0.77", "size": "815.73"}, {"price": "0.76", "size": "1748"}, {"price": "0.72", "size": "92.85"}, {"price": "0.71", "size": "96"}, {"price": "0.68", "size": "75"}, {"price": "0.63", "size": "54.05"}, {"price": "0.11", "size": "455.57"}, {"price": "0.1", "size": "106.47"}], "event_type": "book", "last_trade_price": ""}]}
{"_local_timestamp": "2026-01-25T23:40:43.180405+00:00", "data": {"market": "0xd059a400cfceb9720559a5a67f53aa94381da88fa2007af5ce30f75facf57953", "price_changes": [{"asset_id": "68681443500357642360075283680830487598986161680464858837462763850367316916961", "price": "0.06", "size": "20", "side": "BUY", "hash": "a224b8a2cb9ce1ac0eaf9d63e63a5724e7080b9b", "best_bid": "0.08", "best_ask": "0.1"}, {"asset_id": "57191420250913616150846676905047388827581537310894242160546701872955141155912", "price": "0.94", "size": "20", "side": "SELL", "hash": "5c8894c6af7b110631150e03dd1bb69104f82767", "best_bid": "0.9", "best_ask": "0.92"}], "timestamp": "1769384443111", "event_type": "price_change"}}
{"_local_timestamp": "2026-01-25T23:40:44.166657+00:00", "data": {"market": "0xd059a400cfceb9720559a5a67f53aa94381da88fa2007af5ce30f75facf57953", "price_changes": [{"asset_id": "57191420250913616150846676905047388827581537310894242160546701872955141155912", "price": "0.89", "size": "567.87", "side": "BUY", "hash": "92bc742eadc0b27c94e3caeb34f1385a5de95805", "best_bid": "0.9", "best_ask": "0.92"}, {"asset_id": "68681443500357642360075283680830487598986161680464858837462763850367316916961", "price": "0.11", "size": "567.87", "side": "SELL", "hash": "e99194812c86cda2bf24e8dbde8016da9b907fa9", "best_bid": "0.08", "best_ask": "0.1"}], "timestamp": "1769384444090", "event_type": "price_change"}}
{"_local_timestamp": "2026-01-25T23:40:44.355509+00:00", "data": {"market": "0xd059a400cfceb9720559a5a67f53aa94381da88fa2007af5ce30f75facf57953", "price_changes": [{"asset_id": "57191420250913616150846676905047388827581537310894242160546701872955141155912", "price": "0.89", "size": "455.57", "side": "BUY", "hash": "6fecd1b331e720d70d30ca9ad94113b2a7a28803", "best_bid": "0.9", "best_ask": "0.92"}, {"asset_id": "68681443500357642360075283680830487598986161680464858837462763850367316916961", "price": "0.11", "size": "455.57", "side": "SELL", "hash": "4680e675c9d464bbc4db13bb7d31089d4b653897", "best_bid": "0.08", "best_ask": "0.1"}], "timestamp": "1769384444280", "event_type": "price_change"}}
{"_local_timestamp": "2026-01-25T23:40:53.039543+00:00", "data": {"market": "0xd059a400cfceb9720559a5a67f53aa94381da88fa2007af5ce30f75facf57953", "price_changes": [{"asset_id": "68681443500357642360075283680830487598986161680464858837462763850367316916961", "price": "0.06", "size": "120", "side": "BUY", "hash": "df7ff964ef701f75c4d2a49d7a0bd2fe590c2aed", "best_bid": "0.08", "best_ask": "0.1"}, {"asset_id": "57191420250913616150846676905047388827581537310894242160546701872955141155912", "price": "0.94", "size": "120", "side": "SELL", "hash": "d520c6cd456389e19ba557e3c470b6be40d0b33d", "best_bid": "0.9", "best_ask": "0.92"}], "timestamp": "1769384452962", "event_type": "price_change"}}
{"_local_timestamp": "2026-01-25T23:41:14.667895+00:00", "data": {"market": "0x378f6ce7b81670608a5a4f0fcf740e3dbb44c3e402e5b0beba49871a5c05b259", "price_changes": [{"asset_id": "68311829543741021184558122622902784954644849677046739184908916756688634040204", "price": "0.27", "size": "0", "side": "BUY", "hash": "745531e9e435ce0c5136203b88430ab450790374", "best_bid": "0.91", "best_ask": "0.93"}, {"asset_id": "80469582416211324277551196813384851504222711072116234686695188046152640511225", "price": "0.73", "size": "0", "side": "SELL", "hash": "2423d475abf90a3b41f1658a41e9630ea053bc85", "best_bid": "0.07", "best_ask": "0.09"}], "timestamp": "1769384474530", "event_type": "price_change"}}
{"_local_timestamp": "2026-01-25T23:41:14.697331+00:00", "data": {"market": "0xd059a400cfceb9720559a5a67f53aa94381da88fa2007af5ce30f75facf57953", "price_changes": [{"asset_id": "57191420250913616150846676905047388827581537310894242160546701872955141155912", "price": "0.24", "size": "0", "side": "BUY", "hash": "67049586b830eeae7e3e6a527ebd4e64a9796ab4", "best_bid": "0.9", "best_ask": "0.92"}, {"asset_id": "68681443500357642360075283680830487598986161680464858837462763850367316916961", "price": "0.76", "size": "0", "side": "SELL", "hash": "727baeb32cdf8a0fe795dcb40bb57a27a32d2585", "best_bid": "0.08", "best_ask": "0.1"}], "timestamp": "1769384474535", "event_type": "price_change"}}
{"_local_timestamp": "2026-01-25T23:41:15.652988+00:00", "data": {"market": "0xd059a400cfceb9720559a5a67f53aa94381da88fa2007af5ce30f75facf57953", "price_changes": [{"asset_id": "68681443500357642360075283680830487598986161680464858837462763850367316916961", "price": "0.06", "size": "520", "side": "BUY", "hash": "61e34e88b0543d48faa07916b60a38bad580241f", "best_bid": "0.08", "best_ask": "0.1"}, {"asset_id": "57191420250913616150846676905047388827581537310894242160546701872955141155912", "price": "0.94", "size": "520", "side": "SELL", "hash": "ed727fe9f63c153c407ae1f2c4a1d0b695d8effb", "best_bid": "0.9", "best_ask": "0.92"}], "timestamp": "1769384475585", "event_type": "price_change"}}
{"_local_timestamp": "2026-01-25T23:41:15.653456+00:00", "data": {"market": "0xd059a400cfceb9720559a5a67f53aa94381da88fa2007af5ce30f75facf57953", "price_changes": [{"asset_id": "68681443500357642360075283680830487598986161680464858837462763850367316916961", "price": "0.05", "size": "501", "side": "BUY", "hash": "468e97e22219edf01c11aae0cf173f2e2094b1e6", "best_bid": "0.08", "best_ask": "0.1"}, {"asset_id": "57191420250913616150846676905047388827581537310894242160546701872955141155912", "price": "0.95", "size": "501", "side": "SELL", "hash": "99dca52b026029d88a3999c371eb4ca954e247e7", "best_bid": "0.9", "best_ask": "0.92"}], "timestamp": "1769384475586", "event_type": "price_change"}}
{"_local_timestamp": "2026-01-25T23:41:36.775081+00:00", "data": {"market": "0xd059a400cfceb9720559a5a67f53aa94381da88fa2007af5ce30f75facf57953", "price_changes": [{"asset_id": "68681443500357642360075283680830487598986161680464858837462763850367316916961", "price": "0.06", "size": "120", "side": "BUY", "hash": "f3597a468f7b3b5ff5b45cd8ba173f328d1e7b5f", "best_bid": "0.08", "best_ask": "0.1"}, {"asset_id": "57191420250913616150846676905047388827581537310894242160546701872955141155912", "price": "0.94", "size": "120", "side": "SELL", "hash": "936f4d481c6c7c8410766a3bad8256089ab25000", "best_bid": "0.9", "best_ask": "0.92"}], "timestamp": "1769384496701", "event_type": "price_change"}}
{"_local_timestamp": "2026-01-25T23:41:36.776416+00:00", "data": {"market": "0xd059a400cfceb9720559a5a67f53aa94381da88fa2007af5ce30f75facf57953", "price_changes": [{"asset_id": "68681443500357642360075283680830487598986161680464858837462763850367316916961", "price": "0.05", "size": "101", "side": "BUY", "hash": "f3597a468f7b3b5ff5b45cd8ba173f328d1e7b5f", "best_bid": "0.08", "best_ask": "0.1"}, {"asset_id": "57191420250913616150846676905047388827581537310894242160546701872955141155912", "price": "0.95", "size": "101", "side": "SELL", "hash": "936f4d481c6c7c8410766a3bad8256089ab25000", "best_bid": "0.9", "best_ask": "0.92"}], "timestamp": "1769384496701", "event_type": "price_change"}}
{"_local_timestamp": "2026-01-25T23:42:09.401680+00:00", "data": {"market": "0xd059a400cfceb9720559a5a67f53aa94381da88fa2007af5ce30f75facf57953", "price_changes": [{"asset_id": "68681443500357642360075283680830487598986161680464858837462763850367316916961", "price": "0.07", "size": "468.3", "side": "BUY", "hash": "989c3fe02ab4fe97bd0b3ea94d03ce4539486df8", "best_bid": "0.08", "best_ask": "0.1"}, {"asset_id": "57191420250913616150846676905047388827581537310894242160546701872955141155912", "price": "0.93", "size": "468.3", "side": "SELL", "hash": "d557681c0cc1eafd770e22c7c4927ea19b66559f", "best_bid": "0.9", "best_ask": "0.92"}], "timestamp": "1769384529332", "event_type": "price_change"}}
{"_local_timestamp": "2026-01-25T23:42:09.427617+00:00", "data": {"market": "0xd059a400cfceb9720559a5a67f53aa94381da88fa2007af5ce30f75facf57953", "price_changes": [{"asset_id": "68681443500357642360075283680830487598986161680464858837462763850367316916961", "price": "0.06", "size": "312", "side": "BUY", "hash": "1748d535907edf70de5158b7f724e21a7043244a", "best_bid": "0.08", "best_ask": "0.1"}, {"asset_id": "57191420250913616150846676905047388827581537310894242160546701872955141155912", "price": "0.94", "size": "312", "side": "SELL", "hash": "2b76e239b991a911db1808b60d283eccd8412e9d", "best_bid": "0.9", "best_ask": "0.92"}], "timestamp": "1769384529357", "event_type": "price_change"}}
{"_local_timestamp": "2026-01-25T23:42:10.136563+00:00", "data": {"market": "0xd059a400cfceb9720559a5a67f53aa94381da88fa2007af5ce30f75facf57953", "price_changes": [{"asset_id": "57191420250913616150846676905047388827581537310894242160546701872955141155912", "price": "0.89", "size": "567.87", "side": "BUY", "hash": "0f76d6cc91b012e0e3ff95e380e9e72043c7f999", "best_bid": "0.9", "best_ask": "0.92"}, {"asset_id": "68681443500357642360075283680830487598986161680464858837462763850367316916961", "price": "0.11", "size": "567.87", "side": "SELL", "hash": "f731e1798a45c256a8114f22bcfc8a9fc76e6325", "best_bid": "0.08", "best_ask": "0.1"}], "timestamp": "1769384530020", "event_type": "price_change"}}
{"_local_timestamp": "2026-01-25T23:42:10.224530+00:00", "data": {"market": "0xd059a400cfceb9720559a5a67f53aa94381da88fa2007af5ce30f75facf57953", "price_changes": [{"asset_id": "57191420250913616150846676905047388827581537310894242160546701872955141155912", "price": "0.89", "size": "455.57", "side": "BUY", "hash": "77140ba30fe14d7d4a77e9daa0ec5206b61d1c45", "best_bid": "0.9", "best_ask": "0.92"}, {"asset_id": "68681443500357642360075283680830487598986161680464858837462763850367316916961", "price": "0.11", "size": "455.57", "side": "SELL", "hash": "56bbb80565a669754c7622a83b10934172de235a", "best_bid": "0.08", "best_ask": "0.1"}], "timestamp": "1769384530158", "event_type": "price_change"}}
{"_local_timestamp": "2026-01-25T23:42:13.187801+00:00", "data": {"market": "0xd059a400cfceb9720559a5a67f53aa94381da88fa2007af5ce30f75facf57953", "price_changes": [{"asset_id": "68681443500357642360075283680830487598986161680464858837462763850367316916961", "price": "0.07", "size": "460.99", "side": "BUY", "hash": "a056f6f0f9fc86966e3abde37bbd4eefbf43a2cc", "best_bid": "0.08", "best_ask": "0.1"}, {"asset_id": "57191420250913616150846676905047388827581537310894242160546701872955141155912", "price": "0.93", "size": "460.99", "side": "SELL", "hash": "e420d2199f80093b3cce1f4df6d3bf43f9018a4d", "best_bid": "0.9", "best_ask": "0.92"}], "timestamp": "1769384533112", "event_type": "price_change"}}
{"_local_timestamp": "2026-01-25T23:42:49.297864+00:00", "data": {"market": "0x378f6ce7b81670608a5a4f0fcf740e3dbb44c3e402e5b0beba49871a5c05b259", "price_changes": [{"asset_id": "80469582416211324277551196813384851504222711072116234686695188046152640511225", "price": "0.02", "size": "250", "side": "BUY", "hash": "4698b4f04620c032e96a131241411097128e24ec", "best_bid": "0.07", "best_ask": "0.09"}, {"asset_id": "68311829543741021184558122622902784954644849677046739184908916756688634040204", "price": "0.98", "size": "250", "side": "SELL", "hash": "2f5e5abb96acdd57d12592eb80e0705cca0b3902", "best_bid": "0.91", "best_ask": "0.93"}], "timestamp": "1769384569181", "event_type": "price_change"}}
{"_local_timestamp": "2026-01-25T23:42:49.298964+00:00", "data": {"market": "0x378f6ce7b81670608a5a4f0fcf740e3dbb44c3e402e5b0beba49871a5c05b259", "price_changes": [{"asset_id": "80469582416211324277551196813384851504222711072116234686695188046152640511225", "price": "0.04", "size": "300", "side": "BUY", "hash": "4698b4f04620c032e96a131241411097128e24ec", "best_bid": "0.07", "best_ask": "0.09"}, {"asset_id": "68311829543741021184558122622902784954644849677046739184908916756688634040204", "price": "0.96", "size": "300", "side": "SELL", "hash": "2f5e5abb96acdd57d12592eb80e0705cca0b3902", "best_bid": "0.91", "best_ask": "0.93"}], "timestamp": "1769384569181", "event_type": "price_change"}}
{"_local_timestamp": "2026-01-25T23:42:49.785457+00:00", "data": {"market": "0x378f6ce7b81670608a5a4f0fcf740e3dbb44c3e402e5b0beba49871a5c05b259", "price_changes": [{"asset_id": "68311829543741021184558122622902784954644849677046739184908916756688634040204", "price": "0.89", "size": "660.4", "side": "BUY", "hash": "ed7dd0beed3288cc94b4147e29e91d90e3222da6", "best_bid": "0.91", "best_ask": "0.93"}, {"asset_id": "80469582416211324277551196813384851504222711072116234686695188046152640511225", "price": "0.11", "size": "660.4", "side": "SELL", "hash": "cdce33d3fd0d7f5fdfd4e9171f3e4a04932f1424", "best_bid": "0.07", "best_ask": "0.09"}], "timestamp": "1769384569690", "event_type": "price_change"}}
{"_local_timestamp": "2026-01-25T23:42:49.999372+00:00", "data": {"market": "0x378f6ce7b81670608a5a4f0fcf740e3dbb44c3e402e5b0beba49871a5c05b259", "price_changes": [{"asset_id": "68311829543741021184558122622902784954644849677046739184908916756688634040204", "price": "0.89", "size": "548.1", "side": "BUY", "hash": "d4b9e2dba43c3f412fd77ddcf8ca23ca53381b5e", "best_bid": "0.91", "best_ask": "0.93"}, {"asset_id": "80469582416211324277551196813384851504222711072116234686695188046152640511225", "price": "0.11", "size": "548.1", "side": "SELL", "hash": "8cb462166688342f41ad539ed5f88b50d131275a", "best_bid": "0.07", "best_ask": "0.09"}], "timestamp": "1769384569898", "event_type": "price_change"}}
{"_local_timestamp": "2026-01-25T23:42:50.702375+00:00", "data": {"market": "0x378f6ce7b81670608a5a4f0fcf740e3dbb44c3e402e5b0beba49871a5c05b259", "price_changes": [{"asset_id": "80469582416211324277551196813384851504222711072116234686695188046152640511225", "price": "0.03", "size": "23.39", "side": "BUY", "hash": "588f645741b0111f89803c8fd106d500b557099f", "best_bid": "0.07", "best_ask": "0.09"}, {"asset_id": "68311829543741021184558122622902784954644849677046739184908916756688634040204", "price": "0.97", "size": "23.39", "side": "SELL", "hash": "3682f3a08589e3a8700aec2a72306dbbd20ed32b", "best_bid": "0.91", "best_ask": "0.93"}], "timestamp": "1769384570602", "event_type": "price_change"}}
{"_local_timestamp": "2026-01-25T23:42:50.710455+00:00", "data": {"market": "0x378f6ce7b81670608a5a4f0fcf740e3dbb44c3e402e5b0beba49871a5c05b259", "price_changes": [{"asset_id": "80469582416211324277551196813384851504222711072116234686695188046152640511225", "price": "0.02", "size": "264.9", "side": "BUY", "hash": "9fde6be5270dbba2ef71c98a0dbe95d2731a1f8f", "best_bid": "0.07", "best_ask": "0.09"}, {"asset_id": "68311829543741021184558122622902784954644849677046739184908916756688634040204", "price": "0.98", "size": "264.9", "side": "SELL", "hash": "826e748f1deb48475701ac1915ee611711b1d0c5", "best_bid": "0.91", "best_ask": "0.93"}], "timestamp": "1769384570604", "event_type": "price_change"}}
{"_local_timestamp": "2026-01-25T23:43:45.741149+00:00", "data": {"market": "0x378f6ce7b81670608a5a4f0fcf740e3dbb44c3e402e5b0beba49871a5c05b259", "price_changes": [{"asset_id": "68311829543741021184558122622902784954644849677046739184908916756688634040204", "price": "0.27", "size": "1554", "side": "BUY", "hash": "3ae924c498dc791a23d869b0c582a13faeda3f04", "best_bid": "0.91", "best_ask": "0.93"}, {"asset_id": "80469582416211324277551196813384851504222711072116234686695188046152640511225", "price": "0.73", "size": "1554", "side": "SELL", "hash": "ed1c66c687646096b7d0f00255ed017b95426a26", "best_bid": "0.07", "best_ask": "0.09"}], "timestamp": "1769384625630", "event_type": "price_change"}}
{"_local_timestamp": "2026-01-25T23:43:45.777079+00:00", "data": {"market": "0xd059a400cfceb9720559a5a67f53aa94381da88fa2007af5ce30f75facf57953", "price_changes": [{"asset_id": "68681443500357642360075283680830487598986161680464858837462763850367316916961", "price": "0.06", "size": "120", "side": "BUY", "hash": "6eb37970b79b0fee46720c4858f222788177f261", "best_bid": "0.08", "best_ask": "0.1"}, {"asset_id": "57191420250913616150846676905047388827581537310894242160546701872955141155912", "price": "0.94", "size": "120", "side": "SELL", "hash": "19d51ef6341381858ac916cb3c37e63d1faca463", "best_bid": "0.9", "best_ask": "0.92"}], "timestamp": "1769384625655", "event_type": "price_change"}}
{"_local_timestamp": "2026-01-25T23:43:48.543071+00:00", "data": {"market": "0xd059a400cfceb9720559a5a67f53aa94381da88fa2007af5ce30f75facf57953", "price_changes": [{"asset_id": "57191420250913616150846676905047388827581537310894242160546701872955141155912", "price": "0.24", "size": "1748", "side": "BUY", "hash": "108fcd33d83f463706153ed9de0a20d9d1c8f84e", "best_bid": "0.9", "best_ask": "0.92"}, {"asset_id": "68681443500357642360075283680830487598986161680464858837462763850367316916961", "price": "0.76", "size": "1748", "side": "SELL", "hash": "96898ffcd5c9cb48770ccfd7720f145e794fe2be", "best_bid": "0.08", "best_ask": "0.1"}], "timestamp": "1769384628445", "event_type": "price_change"}}
{"_local_timestamp": "2026-01-25T23:44:32.618200+00:00", "data": {"market": "0xd059a400cfceb9720559a5a67f53aa94381da88fa2007af5ce30f75facf57953", "price_changes": [{"asset_id": "57191420250913616150846676905047388827581537310894242160546701872955141155912", "price": "0.24", "size": "0", "side": "BUY", "hash": "85cfd3011b8cd68220fbbc85f30ec5aaa950e623", "best_bid": "0.9", "best_ask": "0.92"}, {"asset_id": "68681443500357642360075283680830487598986161680464858837462763850367316916961", "price": "0.76", "size": "0", "side": "SELL", "hash": "e63be271cbd3050ef1fa54435a5bbecd155c6ded", "best_bid": "0.08", "best_ask": "0.1"}], "timestamp": "1769384672294", "event_type": "price_change"}}
{"_local_timestamp": "2026-01-25T23:44:33.842531+00:00", "data": {"market": "0xd059a400cfceb9720559a5a67f53aa94381da88fa2007af5ce30f75facf57953", "price_changes": [{"asset_id": "57191420250913616150846676905047388827581537310894242160546701872955141155912", "price": "0.89", "size": "567.87", "side": "BUY", "hash": "3c3baf4808ef10d030a336ef39d1568770b3d94e", "best_bid": "0.9", "best_ask": "0.92"}, {"asset_id": "68681443500357642360075283680830487598986161680464858837462763850367316916961", "price": "0.11", "size": "567.87", "side": "SELL", "hash": "6a0b107e300ef0ac3bc2496829e994740278bb0e", "best_bid": "0.08", "best_ask": "0.1"}], "timestamp": "1769384673562", "event_type": "price_change"}}
{"_local_timestamp": "2026-01-25T23:44:34.436913+00:00", "data": {"market": "0xd059a400cfceb9720559a5a67f53aa94381da88fa2007af5ce30f75facf57953", "price_changes": [{"asset_id": "57191420250913616150846676905047388827581537310894242160546701872955141155912", "price": "0.89", "size": "455.57", "side": "BUY", "hash": "c9a10ba9d9f0d0c2f5ecf6416fd8bc107139388c", "best_bid": "0.9", "best_ask": "0.92"}, {"asset_id": "68681443500357642360075283680830487598986161680464858837462763850367316916961", "price": "0.11", "size": "455.57", "side": "SELL", "hash": "85ed30ac82e6f5a8ceee211c5140fc8bb7d0c545", "best_bid": "0.08", "best_ask": "0.1"}], "timestamp": "1769384674159", "event_type": "price_change"}}
{"_local_timestamp": "2026-01-25T23:44:46.632522+00:00", "data": {"market": "0xd059a400cfceb9720559a5a67f53aa94381da88fa2007af5ce30f75facf57953", "price_changes": [{"asset_id": "57191420250913616150846676905047388827581537310894242160546701872955141155912", "price": "0.25", "size": "1680", "side": "BUY", "hash": "61ad67a5e1c1c55b0fc339f90bb3f749a5b66a46", "best_bid": "0.9", "best_ask": "0.92"}, {"asset_id": "68681443500357642360075283680830487598986161680464858837462763850367316916961", "price": "0.75", "size": "1680", "side": "SELL", "hash": "e05b14b33f917ba5718b54f77bb49be6120fe604", "best_bid": "0.08", "best_ask": "0.1"}], "timestamp": "1769384686437", "event_type": "price_change"}}
{"_local_timestamp": "2026-01-25T23:45:16.922953+00:00", "data": {"market": "0xd059a400cfceb9720559a5a67f53aa94381da88fa2007af5ce30f75facf57953", "price_changes": [{"asset_id": "68681443500357642360075283680830487598986161680464858837462763850367316916961", "price": "0.06", "size": "520", "side": "BUY", "hash": "c3d2b1ac59e349efc268d0873ba7c96916ed7211", "best_bid": "0.08", "best_ask": "0.1"}, {"asset_id": "57191420250913616150846676905047388827581537310894242160546701872955141155912", "price": "0.94", "size": "520", "side": "SELL", "hash": "c1313b03470e0f27609ad5b54ea22c71484113a0", "best_bid": "0.9", "best_ask": "0.92"}], "timestamp": "1769384716851", "event_type": "price_change"}}
{"_local_timestamp": "2026-01-25T23:45:16.923518+00:00", "data": {"market": "0xd059a400cfceb9720559a5a67f53aa94381da88fa2007af5ce30f75facf57953", "price_changes": [{"asset_id": "68681443500357642360075283680830487598986161680464858837462763850367316916961", "price": "0.05", "size": "501", "side": "BUY", "hash": "2a1f5cb9e959ca113b54e9702fa8d0fa1d9c6d3c", "best_bid": "0.08", "best_ask": "0.1"}, {"asset_id": "57191420250913616150846676905047388827581537310894242160546701872955141155912", "price": "0.95", "size": "501", "side": "SELL", "hash": "3e986eabe18c8aadbda48b6168ea76a6a0e4bf2a", "best_bid": "0.9", "best_ask": "0.92"}], "timestamp": "1769384716852", "event_type": "price_change"}}
{"_local_timestamp": "2026-01-25T23:45:36.076233+00:00", "data": {"market": "0xd059a400cfceb9720559a5a67f53aa94381da88fa2007af5ce30f75facf57953", "price_changes": [{"asset_id": "68681443500357642360075283680830487598986161680464858837462763850367316916961", "price": "0.06", "size": "120", "side": "BUY", "hash": "03b13d4b54ba6ae47225ebacfa76f85c2163b1d1", "best_bid": "0.08", "best_ask": "0.1"}, {"asset_id": "57191420250913616150846676905047388827581537310894242160546701872955141155912", "price": "0.94", "size": "120", "side": "SELL", "hash": "1c7386f3b4733254e4085d7b8dc35a6ae6428217", "best_bid": "0.9", "best_ask": "0.92"}], "timestamp": "1769384735977", "event_type": "price_change"}}
{"_local_timestamp": "2026-01-25T23:45:36.076637+00:00", "data": {"market": "0xd059a400cfceb9720559a5a67f53aa94381da88fa2007af5ce30f75facf57953", "price_changes": [{"asset_id": "68681443500357642360075283680830487598986161680464858837462763850367316916961", "price": "0.05", "size": "101", "side": "BUY", "hash": "03b13d4b54ba6ae47225ebacfa76f85c2163b1d1", "best_bid": "0.08", "best_ask": "0.1"}, {"asset_id": "57191420250913616150846676905047388827581537310894242160546701872955141155912", "price": "0.95", "size": "101", "side": "SELL", "hash": "1c7386f3b4733254e4085d7b8dc35a6ae6428217", "best_bid": "0.9", "best_ask": "0.92"}], "timestamp": "1769384735977", "event_type": "price_change"}}
{"_local_timestamp": "2026-01-25T23:45:36.143397+00:00", "data": {"market": "0x378f6ce7b81670608a5a4f0fcf740e3dbb44c3e402e5b0beba49871a5c05b259", "price_changes": [{"asset_id": "68311829543741021184558122622902784954644849677046739184908916756688634040204", "price": "0.89", "size": "442.1", "side": "BUY", "hash": "9c0e5d2326d5d00b37047da53d4b0f10339ed13a", "best_bid": "0.91", "best_ask": "0.93"}, {"asset_id": "80469582416211324277551196813384851504222711072116234686695188046152640511225", "price": "0.11", "size": "442.1", "side": "SELL", "hash": "1c9564fd6e2f620f8e093f51641ebed4b0340474", "best_bid": "0.07", "best_ask": "0.09"}], "timestamp": "1769384736022", "event_type": "price_change"}}
{"_local_timestamp": "2026-01-25T23:45:37.974720+00:00", "data": {"market": "0x378f6ce7b81670608a5a4f0fcf740e3dbb44c3e402e5b0beba49871a5c05b259", "price_changes": [{"asset_id": "68311829543741021184558122622902784954644849677046739184908916756688634040204", "price": "0.89", "size": "554.4", "side": "BUY", "hash": "cd994650c21217ac03e2fdc1f64c07a6ad77e603", "best_bid": "0.91", "best_ask": "0.93"}, {"asset_id": "80469582416211324277551196813384851504222711072116234686695188046152640511225", "price": "0.11", "size": "554.4", "side": "SELL", "hash": "6803e617c429188ea478453c0ee853821c3a729c", "best_bid": "0.07", "best_ask": "0.09"}], "timestamp": "1769384737901", "event_type": "price_change"}}
{"_local_timestamp": "2026-01-25T23:45:38.162125+00:00", "data": {"market": "0x378f6ce7b81670608a5a4f0fcf740e3dbb44c3e402e5b0beba49871a5c05b259", "price_changes": [{"asset_id": "68311829543741021184558122622902784954644849677046739184908916756688634040204", "price": "0.89", "size": "442.1", "side": "BUY", "hash": "eb861308c628933cc7f5888d2bab61fcadaf6940", "best_bid": "0.91", "best_ask": "0.93"}, {"asset_id": "80469582416211324277551196813384851504222711072116234686695188046152640511225", "price": "0.11", "size": "442.1", "side": "SELL", "hash": "5333382703d936bb0e777f9d3e5bef367b62b19f", "best_bid": "0.07", "best_ask": "0.09"}], "timestamp": "1769384738090", "event_type": "price_change"}}
{"_local_timestamp": "2026-01-25T23:45:41.312098+00:00", "data": {"market": "0xd059a400cfceb9720559a5a67f53aa94381da88fa2007af5ce30f75facf57953", "price_changes": [{"asset_id": "68681443500357642360075283680830487598986161680464858837462763850367316916961", "price": "0.06", "size": "20", "side": "BUY", "hash": "ca79aa25f203ac54443d77d34ac4b9bbc306890a", "best_bid": "0.08", "best_ask": "0.1"}, {"asset_id": "57191420250913616150846676905047388827581537310894242160546701872955141155912", "price": "0.94", "size": "20", "side": "SELL", "hash": "b8f436956afacdb4552e23c656a7b583cf73eced", "best_bid": "0.9", "best_ask": "0.92"}], "timestamp": "1769384741193", "event_type": "price_change"}}
