{"_local_timestamp": "2026-01-25T23:33:52.048415+00:00", "data": [{"market": "0x78a7554bdf3861f7557bc637ae5298d948fbe26632e10042b34b8a0f6724cc4a", "asset_id": "31776779646679637379187173692126607339209419725962144784529121141975055559038", "timestamp": "1769383960778", "hash": "4f95a7009f6c27d68cec78878ca621a3357213b5", "bids": [{"price": "0.001", "size": "46225.91"}, {"price": "0.002", "size": "255.43"}, {"price": "0.003", "size": "31.75"}, {"price": "0.01", "size": "116"}, {"price": "0.011", "size": "3000"}, {"price": "0.012", "size": "15.54"}, {"price": "0.03", "size": "165"}, {"price": "0.031", "size": "5.96"}, {"price": "0.041", "size": "48"}, {"price": "0.05", "size": "40"}, {"price": "0.051", "size": "39"}, {"price": "0.052", "size": "12.26"}, {"price": "0.1", "size": "1130"}, {"price": "0.15", "size": "226.66"}, {"price": "0.151", "size": "5.78"}, {"price": "0.2", "size": "410"}, {"price": "0.25", "size": "112"}, {"price": "0.3", "size": "86.66"}, {"price": "0.35", "size": "68.57"}, {"price": "0.4", "size": "50"}, {"price": "0.5", "size": "60"}, {"price": "0.63", "size": "300"}, {"price": "0.64", "size": "246.02"}, {"price": "0.65", "size": "48.49"}, {"price": "0.66", "size": "100"}, {"price": "0.7", "size": "84"}, {"price": "0.71", "size": "16"}, {"price": "0.87", "size": "40"}, {"price": "0.944", "size": "1052.75"}, {"price": "0.965", "size": "2000"}, {"price": "0.975", "size": "101"}, {"price": "0.979", "size": "1000"}, {"price": "0.982", "size": "2010"}, {"price": "0.983", "size": "22222"}, {"price": "0.984", "size": "5.26"}, {"price": "0.99", "size": "31110.62"}, {"price": "0.991", "size": "662.1"}, {"price": "0.993", "size": "4493.42"}, {"price": "0.994", "size": "11111"}, {"price": "0.997", "size": "260005"}, {"price": "0.998", "size": "1184578.73"}, {"price": "0.999", "size": "275000.25"}], "asks": [], "event_type": "book", "last_trade_price": "0.999"}, {"market": "0x78a7554bdf3861f7557bc637ae5298d948fbe26632e10042b34b8a0f6724cc4a", "asset_id": "78429686333030820447897933553543820193521844820311405451095297269474510947445", "timestamp": "1769383960778", "hash": "7240993fdbfa93617dfc7feeb96971d763d34f78", "bids": [], "asks": [{"price": "0.999", "size": "46225.91"}, {"price": "0.998", "size": "255.43"}, {"price": "0.997", "size": "31.75"}, {"price": "0.99", "size": "116"}, {"price": "0.989", "size": "3000"}, {"price": "0.988", "size": "15.54"}, {"price": "0.97", "size": "165"}, {"price": "0.969", "size": "5.96"}, {"price": "0.959", "size": "48"}, {"price": "0.95", "size": "40"}, {"price": "0.949", "size": "39"}, {"price": "0.948", "size": "12.26"}, {"price": "0.9", "size": "1130"}, {"price": "0.85", "size": "226.66"}, {"price": "0.849", "size": "5.78"}, {"price": "0.8", "size": "410"}, {"price": "0.75", "size": "112"}, {"price": "0.7", "size": "86.66"}, {"price": "0.65", "size": "68.57"}, {"price": "0.6", "size": "50"}, {"price": "0.5", "size": "60"}, {"price": "0.37", "size": "300"}, {"price": "0.36", "size": "246.02"}, {"price": "0.35", "size": "48.49"}, {"price": "0.34", "size": "100"}, {"price": "0.3", "size": "84"}, {"price": "0.29", "size": "16"}, {"price": "0.13", "size": "40"}, {"price": "0.056", "size": "1052.75"}, {"price": "0.035", "size": "2000"}, {"price": "0.025", "size": "101"}, {"price": "0.021", "size": "1000"}, {"price": "0.018", "size": "2010"}, {"price": "0.017", "size": "22222"}, {"price": "0.016", "size": "5.26"}, {"price": "0.01", "size": "31110.62"}, {"price": "0.009", "size": "662.1"}, {"price": "0.007", "size": "4493.42"}, {"price": "0.006", "size": "11111"}, {"price": "0.003", "size": "260005"}, {"price": "0.002", "size": "1184578.73"}, {"price": "0.001", "size": "275000.25"}], "event_type": "book", "last_trade_price": "0.999"}]}
{"_local_timestamp": "2026-01-25T23:34:02.406012+00:00", "data": {"market": "0x78a7554bdf3861f7557bc637ae5298d948fbe26632e10042b34b8a0f6724cc4a", "price_changes": [{"asset_id": "31776779646679637379187173692126607339209419725962144784529121141975055559038", "price": "0.999", "size": "274249", "side": "BUY", "hash": "1a4f713869bfcd4fcc691e1e14975f55d25e61f9", "best_bid": "0.999", "best_ask": "1"}, {"asset_id": "78429686333030820447897933553543820193521844820311405451095297269474510947445", "price": "0.001", "size": "274249", "side": "SELL", "hash": "e636e368053b9e60e513014a6c1af44df251fe51", "best_bid": "0", "best_ask": "0.001"}], "timestamp": "1769384042326", "event_type": "price_change"}}
{"_local_timestamp": "2026-01-25T23:34:33.365344+00:00", "data": {"market": "0x78a7554bdf3861f7557bc637ae5298d948fbe26632e10042b34b8a0f6724cc4a", "price_changes": [{"asset_id": "31776779646679637379187173692126607339209419725962144784529121141975055559038", "price": "0.998", "size": "1033897.83", "side": "BUY", "hash": "ab5de046d426619d985d9007c9166a18c6123077", "best_bid": "0.999", "best_ask": "1"}, {"asset_id": "78429686333030820447897933553543820193521844820311405451095297269474510947445", "price": "0.002", "size": "1033897.83", "side": "SELL", "hash": "fb58ed0a3d92681b311711bad49ae562769f3680", "best_bid": "0", "best_ask": "0.001"}], "timestamp": "1769384073300", "event_type": "price_change"}}
{"_local_timestamp": "2026-01-25T23:34:45.702732+00:00", "data": {"market": "0x78a7554bdf3861f7557bc637ae5298d948fbe26632e10042b34b8a0f6724cc4a", "price_changes": [{"asset_id": "31776779646679637379187173692126607339209419725962144784529121141975055559038", "price": "0.999", "size": "424779.07", "side": "BUY", "hash": "a6349ab9dd668e2d344d73fef7c8f7613b9e10d9", "best_bid": "0.999", "best_ask": "1"}, {"asset_id": "78429686333030820447897933553543820193521844820311405451095297269474510947445", "price": "0.001", "size": "424779.07", "side": "SELL", "hash": "632e0cbbbe3e0c38104ffab3151592753ab03f30", "best_bid": "0", "best_ask": "0.001"}], "timestamp": "1769384085632", "event_type": "price_change"}}
{"_local_timestamp": "2026-01-25T23:36:09.013187+00:00", "data": {"market": "0x78a7554bdf3861f7557bc637ae5298d948fbe26632e10042b34b8a0f6724cc4a", "price_changes": [{"asset_id": "31776779646679637379187173692126607339209419725962144784529121141975055559038", "price": "0.998", "size": "1007565.17", "side": "BUY", "hash": "c121b729f3fa1be95b1516a87452d6de6ff0715b", "best_bid": "0.999", "best_ask": "1"}, {"asset_id": "78429686333030820447897933553543820193521844820311405451095297269474510947445", "price": "0.002", "size": "1007565.17", "side": "SELL", "hash": "922dab5f6829ff5f90c12249df461650ded82bda", "best_bid": "0", "best_ask": "0.001"}], "timestamp": "1769384168940", "event_type": "price_change"}}
{"_local_timestamp": "2026-01-25T23:36:16.860477+00:00", "data": {"market": "0x78a7554bdf3861f7557bc637ae5298d948fbe26632e10042b34b8a0f6724cc4a", "price_changes": [{"asset_id": "31776779646679637379187173692126607339209419725962144784529121141975055559038", "price": "0.999", "size": "451085.37", "side": "BUY", "hash": "84a8c00d8029c86c0318c43598c77754ae706b0f", "best_bid": "0.999", "best_ask": "1"}, {"asset_id": "78429686333030820447897933553543820193521844820311405451095297269474510947445", "price": "0.001", "size": "451085.37", "side": "SELL", "hash": "a54e1f6eabe41c24c2fddf7109a2325e7cea9812", "best_bid": "0", "best_ask": "0.001"}], "timestamp": "1769384176784", "event_type": "price_change"}}
