{"_local_timestamp": "2026-01-25T23:33:56.867627+00:00", "data": [{"market": "0xda0534f07600b5497a7d0358d1bd5b3fe770250d98be5b775433db0f710e4161", "asset_id": "47716971176798716419827507785230096063640370929485432159217191381900645628112", "timestamp": "1769384035373", "hash": "9e729c77361f85a55bf5b07dd2277e6b470f0952", "bids": [{"price": "0.01", "size": "1000"}, {"price": "0.03", "size": "100"}, {"price": "0.09", "size": "100"}, {"price": "0.14", "size": "50"}, {"price": "0.15", "size": "1866"}, {"price": "0.45", "size": "253.75"}, {"price": "0.46", "size": "8028.83"}, {"price": "0.47", "size": "1586.12"}], "asks": [{"price": "0.99", "size": "1000"}, {"price": "0.97", "size": "100"}, {"price": "0.91", "size": "100"}, {"price": "0.86", "size": "50"}, {"price": "0.8", "size": "200"}, {"price": "0.79", "size": "2092"}, {"price": "0.53", "size": "252"}, {"price": "0.52", "size": "628.12"}, {"price": "0.51", "size": "2143"}, {"price": "0.5", "size": "30041"}], "event_type": "book", "last_trade_price": "0.470"}, {"market": "0xc9c1050ebdaf287909adf0b07ca9cb61bbe76f80a0d36ae59e8b408b95d8b236", "asset_id": "27706470096234927641743201460989519773566917640035815869695127535749577479785", "timestamp": "1769383901000", "hash": "c0a94c7d7df482aaa0703e4fd7cf6dee5b4545ef", "bids": [{"price": "0.01", "size": "5.47"}], "asks": [], "event_type": "book", "last_trade_price": "0.480"}, {"market": "0x2c45d054f6b694d5317c000e848d2ec344422625d3540dece8ee12ccca73117e", "asset_id": "101755120606397510664318635354098983252495996461015602019214606816247337758174", "timestamp": "1769383873125", "hash": "f3db9e984b65001b5cbb0b8f0a781db5333eb220", "bids": [{"price": "0.02", "size": "5.47"}], "asks": [{"price": "0.99", "size": "5.47"}], "event_type": "book", "last_trade_price": "0.580"}, {"market": "0xce8507bec57b999d9cb8150d306b42696aa9cc6c8728605b3e84a52679a2beda", "asset_id": "809371873273450251236691566617364978946342902370287998206149896575316393244", "timestamp": "1769384036392", "hash": "49f437a569049937154d5401ac8edc67b2a07a69", "bids": [{"price": "0.01", "size": "1050"}, {"price": "0.03", "size": "100"}, {"price": "0.09", "size": "100"}, {"price": "0.14", "size": "50"}, {"price": "0.2", "size": "200"}, {"price": "0.21", "size": "50"}, {"price": "0.22", "size": "1998"}, {"price": "0.46", "size": "505.5"}, {"price": "0.47", "size": "704"}, {"price": "0.48", "size": "1256.25"}, {"price": "0.49", "size": "202324.48"}, {"price": "0.5", "size": "50549"}, {"price": "0.51", "size": "40934.04"}], "asks": [{"price": "0.99", "size": "1000"}, {"price": "0.97", "size": "100"}, {"price": "0.91", "size": "100"}, {"price": "0.86", "size": "50"}, {"price": "0.75", "size": "50"}, {"price": "0.74", "size": "1690"}, {"price": "0.56", "size": "509"}, {"price": "0.55", "size": "507.5"}, {"price": "0.54", "size": "3746.75"}, {"price": "0.53", "size": "6315"}, {"price": "0.52", "size": "169571.16"}], "event_type": "book", "last_trade_price": "0.480"}, {"market": "0x4f7286b445e02ff8f4fce8656c270a35ee1d6d4002028cc7c723fb014e1d6aca", "asset_id": "14353744550688530237156404562439456646662376853287723928712248897168715554866", "timestamp": "1769383989714", "hash": "556a74bf618c2edf7c58aaae9d4adbd617354734", "bids": [{"price": "0.01", "size": "5.47"}, {"price": "0.35", "size": "10"}, {"price": "0.36", "size": "5.37"}], "asks": [], "event_type": "book", "last_trade_price": "0.070"}, {"market": "0xbdbf3dc161e3a21b63943aed1f89000e7b086d3cba3266b72f27b589eb3cba81", "asset_id": "69952793549353133524111685444119350075437345706461595739489174320689000214855", "timestamp": "1769384036075", "hash": "392a70325ac5a4393ea80ea19ec61d4a4b5a7e44", "bids": [{"price": "0.06", "size": "4666"}, {"price": "0.41", "size": "200"}], "asks": [{"price": "0.99", "size": "20000"}, {"price": "0.94", "size": "1333"}, {"price": "0.62", "size": "200"}], "event_type": "book", "last_trade_price": "0.430"}, {"market": "0x59d6eb4f53de54b5ba0c9bd301a514491caddeaafd96636fb73ae681ffb7f6fb", "asset_id": "96119239239468860398494889604995240236440848405554472067854698564352731897607", "timestamp": "1769384031826", "hash": "09961e37cba911e380d6c1fd89f07bc68100ac7b", "bids": [{"price": "0.03", "size": "8.06"}], "asks": [{"price": "0.99", "size": "5.47"}], "event_type": "book", "last_trade_price": "0.620"}, {"market": "0x3cfc54f3225edab62e7ff1d4db9ba1bbd14f06b0148c189d51dbfa4369ef4bf9", "asset_id": "69419689763536612179107545483387407277958712312304771248346833344227536774629", "timestamp": "1769383863285", "hash": "db78d96cdddf4b65b8d58076cda8f3f295fecb25", "bids": [], "asks": [{"price": "0.99", "size": "5.47"}], "event_type": "book", "last_trade_price": "0.070"}, {"market": "0x4f7286b445e02ff8f4fce8656c270a35ee1d6d4002028cc7c723fb014e1d6aca", "asset_id": "57343662875318391068337663866144389444388806749731068641218037867185523315750", "timestamp": "1769383989714", "hash": "c1b152bf89bb3ed355f1360183368d78151f4a70", "bids": [], "asks": [{"price": "0.99", "size": "5.47"}, {"price": "0.65", "size": "10"}, {"price": "0.64", "size": "5.37"}], "event_type": "book", "last_trade_price": "0.070"}, {"market": "0xda0534f07600b5497a7d0358d1bd5b3fe770250d98be5b775433db0f710e4161", "asset_id": "93438607247746005294793019359625761903060361091130349011539959095567690046626", "timestamp": "1769384035373", "hash": "2de4dd37f47634b671c66c7a4c41fc9cd3ca6054", "bids": [{"price": "0.01", "size": "1000"}, {"price": "0.03", "size": "100"}, {"price": "0.09", "size": "100"}, {"price": "0.14", "size": "50"}, {"price": "0.2", "size": "200"}, {"price": "0.21", "size": "2092"}, {"price": "0.47", "size": "252"}, {"price": "0.48", "size": "628.12"}, {"price": "0.49", "size": "2143"}, {"price": "0.5", "size": "30041"}], "asks": [{"price": "0.99", "size": "1000"}, {"price": "0.97", "size": "100"}, {"price": "0.91", "size": "100"}, {"price": "0.86", "size": "50"}, {"price": "0.85", "size": "1866"}, {"price": "0.55", "size": "253.75"}, {"price": "0.54", "size": "8028.83"}, {"price": "0.53", "size": "1586.12"}], "event_type": "book", "last_trade_price": "0.470"}, {"market": "0x89ea19714c145b71ce02d16df18be72db0b16744b40617dd344de5a2ae47108c", "asset_id": "81917645570065906148019645831820940599102125521625231041925584791813049732932", "timestamp": "1769383906421", "hash": "536b96c1f06288275cdc7171f029c2db574ce8ec", "bids": [{"price": "0.01", "size": "5.47"}], "asks": [], "event_type": "book", "last_trade_price": ""}, {"market": "0xa93d48ee83d39a5971949156c617a98b38e53fe8fca8f996d67e40c998a4002c", "asset_id": "48089417426787938315186023854634736969383878963071322476141779806500807547966", "timestamp": "1769384036444", "hash": "91d7888eec6454830dffc0c14d9e663d07418ba0", "bids": [{"price": "0.01", "size": "1000"}, {"price": "0.02", "size": "10000"}, {"price": "0.03", "size": "2666"}, {"price": "0.51", "size": "100"}], "asks": [{"price": "0.99", "size": "28000"}, {"price": "0.62", "size": "100"}], "event_type": "book", "last_trade_price": "0.400"}, {"market": "0x0074ba8b521e1cb18ef3befdfa5e586a3d9c3b0aefae2eb2d80f99b1e594f7a1", "asset_id": "80683675731510456248139626451349746383703996709618622135269487159056371210374", "timestamp": "1769384036520", "hash": "33b1f94a42a49fbb1360cc57e8782c91d61b3b00", "bids": [{"price": "0.01", "size": "26252"}, {"price": "0.02", "size": "15498"}, {"price": "0.03", "size": "8928"}, {"price": "0.04", "size": "4624"}, {"price": "0.05", "size": "1755"}, {"price": "0.08", "size": "200"}, {"price": "0.1", "size": "450"}, {"price": "0.14", "size": "50"}, {"price": "0.16", "size": "55"}, {"price": "0.33", "size": "40606"}, {"price": "0.34", "size": "200"}, {"price": "0.35", "size": "40684"}, {"price": "0.37", "size": "40000"}, {"price": "0.38", "size": "50"}, {"price": "0.39", "size": "48428"}, {"price": "0.4", "size": "6619"}, {"price": "0.41", "size": "61813.16"}, {"price": "0.42", "size": "24861"}, {"price": "0.43", "size": "1123113.43"}, {"price": "0.44", "size": "459665.65"}], "asks": [{"price": "0.99", "size": "28350"}, {"price": "0.98", "size": "15534"}, {"price": "0.97", "size": "12243"}, {"price": "0.96", "size": "4850"}, {"price": "0.95", "size": "400"}, {"price": "0.94", "size": "22.22"}, {"price": "0.93", "size": "1455"}, {"price": "0.9", "size": "450"}, {"price": "0.89", "size": "300"}, {"price": "0.86", "size": "50"}, {"price": "0.84", "size": "55"}, {"price": "0.8", "size": "200"}, {"price": "0.79", "size": "200"}, {"price": "0.78", "size": "1998"}, {"price": "0.51", "size": "7901"}, {"price": "0.5", "size": "30"}, {"price": "0.49", "size": "3287.33"}, {"price": "0.48", "size": "8676"}, {"price": "0.47", "size": "73623.87"}, {"price": "0.46", "size": "23051.29"}, {"price": "0.45", "size": "2080359.58"}], "event_type": "book", "last_trade_price": "0.550"}, {"market": "0x8fe2aa5fd7e2b50cb5f6e01a993166c2236f78fb0cce22622a4061f115b06837", "asset_id": "93588923797304314971685067720309262474954350752153542193109292441816756937433", "timestamp": "1769384036075", "hash": "649e7995934086f741e7a34f657a1cd7a1b022c5", "bids": [{"price": "0.01", "size": "1000"}, {"price": "0.03", "size": "100"}, {"price": "0.09", "size": "100"}, {"price": "0.14", "size": "50"}, {"price": "0.2", "size": "200"}, {"price": "0.21", "size": "2092"}, {"price": "0.48", "size": "109100"}, {"price": "0.5", "size": "8706"}, {"price": "0.51", "size": "2013.24"}], "asks": [{"price": "0.99", "size": "1000"}, {"price": "0.97", "size": "100"}, {"price": "0.91", "size": "100"}, {"price": "0.86", "size": "50"}, {"price": "0.85", "size": "1866"}, {"price": "0.52", "size": "92368.08"}], "event_type": "book", "last_trade_price": "0.510"}, {"market": "0x93caaa4d38ad95c0f716d4aa2bcee9720f47377e0cc488f0035fc42303000bf6", "asset_id": "16080192960872503485272758294202321070818003330132399551914575881561432936922", "timestamp": "1769384035594", "hash": "3a2247e0191c6e5a86825f8b21ae9505faa5357c", "bids": [{"price": "0.03", "size": "100"}, {"price": "0.08", "size": "100"}, {"price": "0.14", "size": "50"}, {"price": "0.15", "size": "1866"}, {"price": "0.42", "size": "256.75"}, {"price": "0.43", "size": "3080.75"}, {"price": "0.44", "size": "31836.36"}, {"price": "0.45", "size": "185"}], "asks": [{"price": "0.97", "size": "100"}, {"price": "0.91", "size": "100"}, {"price": "0.86", "size": "50"}, {"price": "0.8", "size": "200"}, {"price": "0.79", "size": "1140"}, {"price": "0.78", "size": "909"}, {"price": "0.5", "size": "250"}, {"price": "0.49", "size": "10029.89"}, {"price": "0.48", "size": "2885"}, {"price": "0.46", "size": "26314.41"}], "event_type": "book", "last_trade_price": "0.540"}, {"market": "0x1117424e737bbd0de38a67e46e4ec8191559137ecbb145e16e2ed8dc5e069989", "asset_id": "8125139461200004535253366554250265954264205458975637598767655696547424721032", "timestamp": "1769383810926", "hash": "95119d3ccfee26e550d0764dfbdff43d2efe3e70", "bids": [], "asks": [{"price": "0.99", "size": "5.47"}], "event_type": "book", "last_trade_price": "0.020"}, {"market": "0x739c068a9431d13a2f14ff046b7480970ffc1ecbc5795e4f6784f3f1a092feb4", "asset_id": "106863986094945507379627739097869331965506134508725931445017387982585179898905", "timestamp": "1769384036465", "hash": "ee44698cd42be88c778a16260a34947931006c25", "bids": [{"price": "0.06", "size": "4666"}, {"price": "0.84", "size": "100"}], "asks": [{"price": "0.98", "size": "4000"}, {"price": "0.91", "size": "100"}], "event_type": "book", "last_trade_price": ""}, {"market": "0xb28afaff6730991427bdebf6833c4419a48646084976fdebebd0412b226aefc7", "asset_id": "18341737435195443012022615351797731179279294831571582351731743151817976677636", "timestamp": "1769384036076", "hash": "af744d7fdadfa0f68a5ea97c2cd3a7e03bb9bf58", "bids": [{"price": "0.02", "size": "14005.47"}, {"price": "0.1", "size": "200"}], "asks": [{"price": "0.94", "size": "4666"}, {"price": "0.31", "size": "200"}], "event_type": "book", "last_trade_price": "0.680"}, {"market": "0x68ec1314b9397eaf88f0c2b3063d9cc0f7de05ae14e74697151d2b93c07821ac", "asset_id": "102012427194446385790423400043995869602136991147617880629908098136394700399924", "timestamp": "1769384036075", "hash": "06f0849a64c687aa1be507270b344f4d9523c2ef", "bids": [{"price": "0.01", "size": "1000"}, {"price": "0.03", "size": "100"}, {"price": "0.09", "size": "100"}, {"price": "0.14", "size": "50"}, {"price": "0.15", "size": "1866"}, {"price": "0.45", "size": "253.75"}, {"price": "0.46", "size": "631.87"}, {"price": "0.47", "size": "34372.29"}], "asks": [{"price": "0.99", "size": "1000"}, {"price": "0.97", "size": "100"}, {"price": "0.91", "size": "100"}, {"price": "0.86", "size": "50"}, {"price": "0.85", "size": "1866"}, {"price": "0.54", "size": "252.75"}, {"price": "0.53", "size": "8211.57"}, {"price": "0.52", "size": "2218"}], "event_type": "book", "last_trade_price": "0.480"}, {"market": "0xd19853205e0047ecbc35217c6cfc9a354ca0068540254c29a0fed98fa99b400a", "asset_id": "75361537515403034309480895280396520572537480801403274322717343998541515370015", "timestamp": "1769384035839", "hash": "28f887522233ec06184e55e8454bb0e16f5eb5e9", "bids": [{"price": "0.01", "size": "1000"}, {"price": "0.03", "size": "100"}, {"price": "0.09", "size": "100"}, {"price": "0.14", "size": "50"}, {"price": "0.15", "size": "1866"}, {"price": "0.43", "size": "511"}, {"price": "0.44", "size": "79854.45"}, {"price": "0.45", "size": "10947.5"}, {"price": "0.46", "size": "10444.57"}], "asks": [{"price": "0.99", "size": "1000"}, {"price": "0.97", "size": "100"}, {"price": "0.91", "size": "100"}, {"price": "0.86", "size": "50"}, {"price": "0.8", "size": "200"}, {"price": "0.79", "size": "2092"}, {"price": "0.54", "size": "505.5"}, {"price": "0.53", "size": "604"}, {"price": "0.52", "size": "1167.62"}, {"price": "0.5", "size": "33486"}, {"price": "0.48", "size": "57121.15"}], "event_type": "book", "last_trade_price": "0.460"}, {"market": "0x758958c266a954efdff666a7845d4594ff9573b95860504c5f05dedaac90ee7f", "asset_id": "53098845126920952692891432524550905735915560798736562840774256791543789826543", "timestamp": "1769383833930", "hash": "4ece67aca1448ed632bac487f1e08f37e89ec66c", "bids": [], "asks": [{"price": "0.99", "size": "5.47"}], "event_type": "book", "last_trade_price": ""}, {"market": "0xe358cc5c3cc7e9c3b9ede6cab46fcb98570cbceba8ef7025c8a715d9a78a03e6", "asset_id": "34186685444786211758326982019812500239954340608994276469859304205722158319210", "timestamp": "1769384036489", "hash": "b493bcdd5849fd45d4db80afddf1b13e589a076a", "bids": [{"price": "0.01", "size": "1000"}, {"price": "0.05", "size": "5600"}, {"price": "0.85", "size": "100"}], "asks": [{"price": "0.93", "size": "100"}], "event_type": "book", "last_trade_price": "0.870"}, {"market": "0xb28afaff6730991427bdebf6833c4419a48646084976fdebebd0412b226aefc7", "asset_id": "107158723932142385140803810762371106746043706188274555111563752849383376631906", "timestamp": "1769384036076", "hash": "bd4474f51ffe388e21a483ee5583363876df4355", "bids": [{"price": "0.06", "size": "4666"}, {"price": "0.69", "size": "200"}], "asks": [{"price": "0.98", "size": "14005.47"}, {"price": "0.9", "size": "200"}], "event_type": "book", "last_trade_price": "0.680"}, {"market": "0x1117424e737bbd0de38a67e46e4ec8191559137ecbb145e16e2ed8dc5e069989", "asset_id": "35929332629132741689405975735711517564972204492976055517205225746160523650951", "timestamp": "1769383810926", "hash": "cb6b52f718233e24746a72a9cfc25f52fbfd67e6", "bids": [{"price": "0.01", "size": "5.47"}], "asks": [], "event_type": "book", "last_trade_price": "0.020"}, {"market": "0x1e79aab556384bf31b5a2523b11ef2a4134afe5238c2b1f6b82e0c1d89090ba0", "asset_id": "62254832187772457305583320956495546484342110654847281452618110254470496082134", "timestamp": "1769383827443", "hash": "f767ade10bf7a1a041a6ce1682263e52a4777fd7", "bids": [], "asks": [{"price": "0.99", "size": "5.47"}], "event_type": "book", "last_trade_price": ""}, {"market": "0x739c068a9431d13a2f14ff046b7480970ffc1ecbc5795e4f6784f3f1a092feb4", "asset_id": "16400826260916017689408372315719614545981833528441764133603995216319799669742", "timestamp": "1769384036465", "hash": "9493fcf6904a409bd13cb5c42bd0711fbb40e758", "bids": [{"price": "0.02", "size": "4000"}, {"price": "0.09", "size": "100"}], "asks": [{"price": "0.94", "size": "4666"}, {"price": "0.16", "size": "100"}], "event_type": "book", "last_trade_price": ""}, {"market": "0xde319c1b5c9e3f6994aae607ca2a77af3d59ef8da2239f5ff29d9fb7b55bb3cf", "asset_id": "63875250435500637459962601065541431246360225369741827701149424814904208360942", "timestamp": "1769384036099", "hash": "2335468b67c1c6f59a79c0c13b95929260e9c0e5", "bids": [{"price": "0.06", "size": "4666"}, {"price": "0.49", "size": "200"}, {"price": "0.55", "size": "100"}], "asks": [{"price": "0.95", "size": "5600"}, {"price": "0.7", "size": "200"}, {"price": "0.66", "size": "100"}], "event_type": "book", "last_trade_price": "0.570"}, {"market": "0x179e126aa14716170d199a8cef3df319b7c1d48364d51408c371f12b92b488c5", "asset_id": "73057590343199182083385635328760378119014366816677041834382202124238723674551", "timestamp": "1769383959474", "hash": "2093893ba87329df1f73243842d55d0f3ce3276d", "bids": [{"price": "0.01", "size": "5.47"}], "asks": [{"price": "0.99", "size": "1000"}], "event_type": "book", "last_trade_price": "0.030"}, {"market": "0x5b1318bacf0bd542d5880a80cb22d17438e6d0229283dc5ccd1963e9b6d1a0c7", "asset_id": "14697637615118503550931756779624844666711510950739102528444028074422892789262", "timestamp": "1769384036526", "hash": "2230c2b3866a87999e6121450cd6bdb6d25bb4ef", "bids": [{"price": "0.01", "size": "1000"}, {"price": "0.06", "size": "4666"}, {"price": "0.84", "size": "100"}], "asks": [{"price": "0.99", "size": "8000"}], "event_type": "book", "last_trade_price": "0.850"}, {"market": "0x758958c266a954efdff666a7845d4594ff9573b95860504c5f05dedaac90ee7f", "asset_id": "18001816767333117648528334640637170924380967858438011812733495594656206669980", "timestamp": "1769383833930", "hash": "8cf7df20eefb614d90976f9fd8f3430767ec556c", "bids": [{"price": "0.01", "size": "5.47"}], "asks": [], "event_type": "book", "last_trade_price": ""}, {"market": "0xe0b8457b15404d579ee5596e8798850f231d6bbf9c4ef60ac4fc7a54074bba14", "asset_id": "96583393622115082045560373431406364616770872773486907691318342928415306543691", "timestamp": "1769383889798", "hash": "da08b80147c44053c7453cf08cc95855f5c65126", "bids": [], "asks": [{"price": "0.99", "size": "5.47"}], "event_type": "book", "last_trade_price": "0.710"}, {"market": "0xb846c933e1f04941acf34daf27e7c67c8d3ddfcc2f73781c64464027f2838daf", "asset_id": "324375455925596240665510038820302833448415764561852908322886254043030224259", "timestamp": "1769383819004", "hash": "cba1c6fa2bab7399ee4cda6a78e9a9768cc5ae52", "bids": [{"price": "0.01", "size": "5.47"}], "asks": [], "event_type": "book", "last_trade_price": "0.410"}, {"market": "0x1f337466187a1086dad161be56a0f83a10956947491b9a0ea6c83635bd54a546", "asset_id": "72422565929572513121533642979110748597768600032409878416630368404674081931520", "timestamp": "1769384035373", "hash": "5bbff3118df77a3cf931c9ba7792f0d4ba335008", "bids": [{"price": "0.06", "size": "100"}, {"price": "0.08", "size": "100"}, {"price": "0.09", "size": "3110"}, {"price": "0.4", "size": "259.25"}, {"price": "0.41", "size": "2876.43"}], "asks": [{"price": "0.97", "size": "100"}, {"price": "0.91", "size": "100"}, {"price": "0.86", "size": "50"}, {"price": "0.8", "size": "200"}, {"price": "0.79", "size": "1140"}, {"price": "0.78", "size": "909"}, {"price": "0.49", "size": "249.5"}, {"price": "0.48", "size": "3278"}], "event_type": "book", "last_trade_price": "0.540"}, {"market": "0x8198177b48fe6ac74bfcca7a99dfbebb5e54065addfd9bb518a5f4999b26383e", "asset_id": "31167162701551349916568668191107084074540251332466163832691454132334641868208", "timestamp": "1769383886375", "hash": "eefc0887786bd127746272cfd1a282096b33a9c6", "bids": [{"price": "0.01", "size": "5.47"}], "asks": [], "event_type": "book", "last_trade_price": "0.600"}, {"market": "0x5d305bd74ee6c79a625490da070598f527009faf6f9ec281cbf72c1dbb9bd716", "asset_id": "74222918772677028836551271981475327904793029405004571809821584821208741579534", "timestamp": "1769384035715", "hash": "cfb985f3aefbf413d6051e76acb4f943e15c867b", "bids": [{"price": "0.01", "size": "1000"}, {"price": "0.06", "size": "1333"}, {"price": "0.91", "size": "100"}], "asks": [{"price": "0.99", "size": "5.47"}], "event_type": "book", "last_trade_price": "0.910"}, {"market": "0xab71beb7ddef46dbdc278996340ae4994ae5199fd56927dca49fbe5aca75ef32", "asset_id": "36962746708577397972319519361510334127032289679856626790051067954500737138583", "timestamp": "1769384036447", "hash": "f260f3a35b5fdc9274e1aca2595dfe99af24aaea", "bids": [{"price": "0.06", "size": "4666"}, {"price": "0.7", "size": "200"}, {"price": "0.75", "size": "100"}], "asks": [{"price": "0.91", "size": "3110"}, {"price": "0.9", "size": "200"}, {"price": "0.83", "size": "100"}], "event_type": "book", "last_trade_price": "0.750"}, {"market": "0xbdbf3dc161e3a21b63943aed1f89000e7b086d3cba3266b72f27b589eb3cba81", "asset_id": "89450688446614334278426619485261319444470514922516234820609869789791031563253", "timestamp": "1769384036075", "hash": "e9c4c42695fa9575b970f7494a62f55fd3693dd0", "bids": [{"price": "0.01", "size": "20000"}, {"price": "0.06", "size": "1333"}, {"price": "0.38", "size": "200"}], "asks": [{"price": "0.94", "size": "4666"}, {"price": "0.59", "size": "200"}], "event_type": "book", "last_trade_price": "0.430"}, {"market": "0xf8ca22b99db7b556e7f30e24cc900ae399b02ab59305bf3134cb040ff890e764", "asset_id": "50711236670451935540715299047659246974166978079499122018723494782449322759935", "timestamp": "1769383903221", "hash": "b6388a2ae59ea63700b81e0be21941a9c188dba4", "bids": [], "asks": [{"price": "0.99", "size": "25.47"}], "event_type": "book", "last_trade_price": ""}, {"market": "0x5b540a218c0e54667a78a2a40756bee76b3e5cc13efb1010da6507a2d88bb73a", "asset_id": "22816502485030455161418215902882877457056466865768786236346585701354792869321", "timestamp": "1769383906420", "hash": "9e92259e5d246c875d2563d3101d1fa86b062584", "bids": [{"price": "0.01", "size": "5.47"}], "asks": [], "event_type": "book", "last_trade_price": "0.440"}, {"market": "0xf75dc8da8e8ed341b202462c71b7fb0696962737485f2a38d667fc14e9fac7d6", "asset_id": "10955520659477747869615373953682558076810095644211080207778137607711704202573", "timestamp": "1769383901001", "hash": "2d5574d4b07f7eee91e50e1aa6801a104cbaa725", "bids": [{"price": "0.01", "size": "5.47"}], "asks": [], "event_type": "book", "last_trade_price": "0.400"}, {"market": "0xeda0cc0328f0500492281839e6b7ed429ae99c8d050a1eae97c86609062b779f", "asset_id": "76377393373227661796544525473140129609358272858078964126837151550709916831530", "timestamp": "1769384035839", "hash": "dd4b247caf922fa5c940c66356f1fb3deb952477", "bids": [{"price": "0.01", "size": "1000"}, {"price": "0.06", "size": "4666"}, {"price": "0.87", "size": "100"}], "asks": [{"price": "0.93", "size": "100"}], "event_type": "book", "last_trade_price": "0.870"}, {"market": "0x60dc81eea1b95a0b80587a479266a215a3c4a8ae65c309912206c6d8051a44d5", "asset_id": "78183111287631677443373159392218379337115344549574380541537381920183376936934", "timestamp": "1769383827699", "hash": "fc922d93a4997a4cf51a7be09e12746cd9e1b46b", "bids": [], "asks": [{"price": "0.99", "size": "25"}, {"price": "0.98", "size": "5.47"}], "event_type": "book", "last_trade_price": ""}, {"market": "0x583683672a0341c5b0e88dd58f93e7057634e6247b00fa014b407dec9f37b817", "asset_id": "1742588699492439884101336621451368067440579214330502412838108180013006081118", "timestamp": "1769384036075", "hash": "012833cdd2a3cbfb4428882cf3afa9621b84d999", "bids": [{"price": "0.001", "size": "30"}, {"price": "0.01", "size": "26453"}, {"price": "0.91", "size": "100"}, {"price": "0.911", "size": "25"}, {"price": "0.931", "size": "5.47"}], "asks": [{"price": "0.999", "size": "30"}], "event_type": "book", "last_trade_price": "0.050"}, {"market": "0x5b540a218c0e54667a78a2a40756bee76b3e5cc13efb1010da6507a2d88bb73a", "asset_id": "15666552950078287967917579228429726069818206880097591387232251792405045731801", "timestamp": "1769383906420", "hash": "75ededfe81bc601ef838b9d85b897edb5f8baf56", "bids": [], "asks": [{"price": "0.99", "size": "5.47"}], "event_type": "book", "last_trade_price": "0.440"}, {"market": "0x23bc735d39db7a5a23bd3bc807e1312a480b1361c3bcb1e08526b3cf9c2a125d", "asset_id": "16492943098196276862820658208790781465432590329121000007333047072120521726798", "timestamp": "1769384036451", "hash": "634d4eb4f9f6c68e5167978dea63ac7e0189e8c7", "bids": [{"price": "0.06", "size": "4666"}, {"price": "0.76", "size": "100"}], "asks": [{"price": "0.98", "size": "14000"}, {"price": "0.84", "size": "100"}], "event_type": "book", "last_trade_price": ""}, {"market": "0x1f337466187a1086dad161be56a0f83a10956947491b9a0ea6c83635bd54a546", "asset_id": "97043527469319957483511884789380117668829487432982748619891867391113085655673", "timestamp": "1769384035373", "hash": "c2ba513c717af4914867ac846fb3347f24cc5c26", "bids": [{"price": "0.03", "size": "100"}, {"price": "0.09", "size": "100"}, {"price": "0.14", "size": "50"}, {"price": "0.2", "size": "200"}, {"price": "0.21", "size": "1140"}, {"price": "0.22", "size": "909"}, {"price": "0.51", "size": "249.5"}, {"price": "0.52", "size": "3278"}], "asks": [{"price": "0.94", "size": "100"}, {"price": "0.92", "size": "100"}, {"price": "0.91", "size": "3110"}, {"price": "0.6", "size": "259.25"}, {"price": "0.59", "size": "2876.43"}], "event_type": "book", "last_trade_price": "0.540"}, {"market": "0x583683672a0341c5b0e88dd58f93e7057634e6247b00fa014b407dec9f37b817", "asset_id": "23433397648674180773634841422058378238561311760046431157499123173442137319947", "timestamp": "1769384036075", "hash": "d2ec08a85ed66d03c9df35091360aa35e4e557b7", "bids": [{"price": "0.001", "size": "30"}], "asks": [{"price": "0.999", "size": "30"}, {"price": "0.99", "size": "26453"}, {"price": "0.09", "size": "100"}, {"price": "0.089", "size": "25"}, {"price": "0.069", "size": "5.47"}], "event_type": "book", "last_trade_price": "0.050"}, {"market": "0xc1385e881231ed3513e28df26c281baab77cb923a321f47102e456335a035cea", "asset_id": "20722337997542150342482458189727682350301351971091329131326097546533970484830", "timestamp": "1769383906420", "hash": "403d1a7947cac63ccebea76621a861dea8b86f99", "bids": [{"price": "0.01", "size": "5.47"}], "asks": [], "event_type": "book", "last_trade_price": "0.390"}, {"market": "0x9b439ff2dfcaee7667fde4f67dde45591bde20a406fd716b019584c8b2132f95", "asset_id": "70196359997764016800077809332620049101214876163038406174780351784204175954658", "timestamp": "1769383807499", "hash": "120655c53c6a9d650df3f147753baa9b78498ded", "bids": [], "asks": [{"price": "0.99", "size": "5.47"}], "event_type": "book", "last_trade_price": "0.620"}, {"market": "0xc9c1050ebdaf287909adf0b07ca9cb61bbe76f80a0d36ae59e8b408b95d8b236", "asset_id": "62055902053699563487160878329249405301201869136881470966763222452319804496759", "timestamp": "1769383901000", "hash": "e678b8fd05abc2b846e2043ec31cba02b2ce3187", "bids": [], "asks": [{"price": "0.99", "size": "5.47"}], "event_type": "book", "last_trade_price": "0.480"}, {"market": "0x309da0ec0f32452bdf22196f0fd892049ab70cacd3ac76c3329e625d9ba3339e", "asset_id": "49460772013370255704411704604406320796965168193121572017393914295931415444581", "timestamp": "1769384036076", "hash": "6a1c0d44722d46b83842f5ec78081e56cf7dc286", "bids": [{"price": "0.06", "size": "4666"}, {"price": "0.81", "size": "100"}], "asks": [{"price": "0.97", "size": "9332"}, {"price": "0.87", "size": "100"}], "event_type": "book", "last_trade_price": "0.810"}, {"market": "0x4412e0fdfbdf41062193daef83ae31b97778bf4155e8886ab433f0d3b5121d2a", "asset_id": "78871049578439240696145895547116661719506134731514657354204349611247347965013", "timestamp": "1769384035840", "hash": "bc3835577fd28b8eb0e0a3ce75559d16f89ac793", "bids": [{"price": "0.06", "size": "4666"}, {"price": "0.39", "size": "200"}], "asks": [{"price": "0.94", "size": "4666"}, {"price": "0.6", "size": "200"}], "event_type": "book", "last_trade_price": "0.450"}, {"market": "0x3cfc54f3225edab62e7ff1d4db9ba1bbd14f06b0148c189d51dbfa4369ef4bf9", "asset_id": "13343633098379594911300206214698466296524930531352475544049677226140619008363", "timestamp": "1769383863285", "hash": "3e2a9b33aaa71f7582f7fa8bacf7011645f02a0b", "bids": [{"price": "0.01", "size": "5.47"}], "asks": [], "event_type": "book", "last_trade_price": "0.070"}, {"market": "0x3bf8384dcc9815de4fab1a237f1a6e71500053cc0c51f14ebd4fd205a401899d", "asset_id": "51422126919942178878753263390662379044818605576083427565990133099893101136976", "timestamp": "1769384035840", "hash": "769695e55fd98d1e5b07b8c2e964bd34c485740b", "bids": [{"price": "0.01", "size": "5.48"}, {"price": "0.03", "size": "9332"}, {"price": "0.93", "size": "130.47"}], "asks": [], "event_type": "book", "last_trade_price": ""}, {"market": "0x8fe2aa5fd7e2b50cb5f6e01a993166c2236f78fb0cce22622a4061f115b06837", "asset_id": "28922617837821841174852531091445346625181038429309736123022662984048444759718", "timestamp": "1769384036075", "hash": "720f94c816e30d78c93e43b69957a38013290ff4", "bids": [{"price": "0.01", "size": "1000"}, {"price": "0.03", "size": "100"}, {"price": "0.09", "size": "100"}, {"price": "0.14", "size": "50"}, {"price": "0.15", "size": "1866"}, {"price": "0.48", "size": "92368.08"}], "asks": [{"price": "0.99", "size": "1000"}, {"price": "0.97", "size": "100"}, {"price": "0.91", "size": "100"}, {"price": "0.86", "size": "50"}, {"price": "0.8", "size": "200"}, {"price": "0.79", "size": "2092"}, {"price": "0.52", "size": "109100"}, {"price": "0.5", "size": "8706"}, {"price": "0.49", "size": "2013.24"}], "event_type": "book", "last_trade_price": "0.510"}, {"market": "0x5b1318bacf0bd542d5880a80cb22d17438e6d0229283dc5ccd1963e9b6d1a0c7", "asset_id": "7211311323108995344128440907719339134930254379589825238556083305469801856059", "timestamp": "1769384036526", "hash": "edfb1f22bae47682c293988de3ca987f029c1057", "bids": [{"price": "0.01", "size": "8000"}], "asks": [{"price": "0.99", "size": "1000"}, {"price": "0.94", "size": "4666"}, {"price": "0.16", "size": "100"}], "event_type": "book", "last_trade_price": "0.850"}, {"market": "0xce8507bec57b999d9cb8150d306b42696aa9cc6c8728605b3e84a52679a2beda", "asset_id": "15188919936253802816117227770415416690675420537782784887775174067509274453451", "timestamp": "1769384036392", "hash": "a43108c6c544aab4e346aa6776d15c09e354442f", "bids": [{"price": "0.01", "size": "1000"}, {"price": "0.03", "size": "100"}, {"price": "0.09", "size": "100"}, {"price": "0.14", "size": "50"}, {"price": "0.25", "size": "50"}, {"price": "0.26", "size": "1690"}, {"price": "0.44", "size": "509"}, {"price": "0.45", "size": "507.5"}, {"price": "0.46", "size": "3746.75"}, {"price": "0.47", "size": "6315"}, {"price": "0.48", "size": "169571.16"}], "asks": [{"price": "0.99", "size": "1050"}, {"price": "0.97", "size": "100"}, {"price": "0.91", "size": "100"}, {"price": "0.86", "size": "50"}, {"price": "0.8", "size": "200"}, {"price": "0.79", "size": "50"}, {"price": "0.78", "size": "1998"}, {"price": "0.54", "size": "505.5"}, {"price": "0.53", "size": "704"}, {"price": "0.52", "size": "1256.25"}, {"price": "0.51", "size": "202324.48"}, {"price": "0.5", "size": "50549"}, {"price": "0.49", "size": "40934.04"}], "event_type": "book", "last_trade_price": "0.480"}, {"market": "0xd95eca8badc2dd12f74a007422275dc3a48c97095659c7b9ed5268f2d522029e", "asset_id": "60058918699343535276818169872035069433335135577141450148203569636878193359368", "timestamp": "1769384036527", "hash": "5cf9f906f50b24f8a6472f14c8d434120c31c774", "bids": [{"price": "0.01", "size": "1000"}, {"price": "0.06", "size": "4666"}, {"price": "0.68", "size": "159.37"}, {"price": "0.72", "size": "100"}], "asks": [{"price": "0.89", "size": "200"}, {"price": "0.88", "size": "2332"}, {"price": "0.87", "size": "200"}], "event_type": "book", "last_trade_price": "0.680"}, {"market": "0x1281c2b78e85500e053df91f3ec2f0785e21dd336c6f1639bb2cf31e9a0ea0d1", "asset_id": "72303636428285920404570893146980165411446470200118609232729916127030908930008", "timestamp": "1769383836954", "hash": "c9ee96d9cecf47fe821206498cddc3b3641dda78", "bids": [], "asks": [{"price": "0.99", "size": "5.47"}], "event_type": "book", "last_trade_price": "0.410"}, {"market": "0x1281c2b78e85500e053df91f3ec2f0785e21dd336c6f1639bb2cf31e9a0ea0d1", "asset_id": "51241643669684707737197622065346649040410118981426586894767150746864453512031", "timestamp": "1769383836954", "hash": "08d0dbcd183b9b7e294a583852afaaa3312e04a5", "bids": [{"price": "0.01", "size": "5.47"}], "asks": [], "event_type": "book", "last_trade_price": "0.410"}, {"market": "0x7698b35b7df212fc243528a8748188b828f5f93dcc7e1723859984dff02dd873", "asset_id": "36778467209279578702858921202417988669245870283318115406249212083188856189893", "timestamp": "1769383810926", "hash": "40986e9e96f5bfd459eccfbea0674c6ed945f802", "bids": [], "asks": [{"price": "0.99", "size": "5.47"}], "event_type": "book", "last_trade_price": "0.050"}, {"market": "0xe0b8457b15404d579ee5596e8798850f231d6bbf9c4ef60ac4fc7a54074bba14", "asset_id": "67715567747938905827167921158000218834090640770578001370834351745652520041734", "timestamp": "1769383889798", "hash": "6921fb358d52ffca6b8c214cc2e12c15a4841e4b", "bids": [{"price": "0.01", "size": "5.47"}], "asks": [], "event_type": "book", "last_trade_price": "0.710"}, {"market": "0x60dc81eea1b95a0b80587a479266a215a3c4a8ae65c309912206c6d8051a44d5", "asset_id": "71243851162461766311576157770338916140726859639053561833560673798318653321847", "timestamp": "1769383827699", "hash": "07203a79e4dff4109faa0be4d0a4d29f14ef9328", "bids": [{"price": "0.01", "size": "25"}, {"price": "0.02", "size": "5.47"}], "asks": [], "event_type": "book", "last_trade_price": ""}, {"market": "0xc1385e881231ed3513e28df26c281baab77cb923a321f47102e456335a035cea", "asset_id": "16294164158572496400580777741442100216262942186708307413318130236281338635117", "timestamp": "1769383906420", "hash": "1f04bbe72464d058e8da5138e2ae099c5ec1647d", "bids": [], "asks": [{"price": "0.99", "size": "5.47"}], "event_type": "book", "last_trade_price": "0.390"}, {"market": "0x68ec1314b9397eaf88f0c2b3063d9cc0f7de05ae14e74697151d2b93c07821ac", "asset_id": "77791699628415257414502456048946797068462789452962867171328099085866796462405", "timestamp": "1769384036075", "hash": "857cd7b825b1ede8b38e0a4f394c2d470e4fc8e6", "bids": [{"price": "0.01", "size": "1000"}, {"price": "0.03", "size": "100"}, {"price": "0.09", "size": "100"}, {"price": "0.14", "size": "50"}, {"price": "0.15", "size": "1866"}, {"price": "0.46", "size": "252.75"}, {"price": "0.47", "size": "8211.57"}, {"price": "0.48", "size": "2218"}], "asks": [{"price": "0.99", "size": "1000"}, {"price": "0.97", "size": "100"}, {"price": "0.91", "size": "100"}, {"price": "0.86", "size": "50"}, {"price": "0.85", "size": "1866"}, {"price": "0.55", "size": "253.75"}, {"price": "0.54", "size": "631.87"}, {"price": "0.53", "size": "34372.29"}], "event_type": "book", "last_trade_price": "0.480"}, {"market": "0x53b65ba37d373cad2ab54a5f64412c32109d8ef1bbcd3524af2ef245543828e3", "asset_id": "79054377479406645177099795198640092510962085455395098525401110030167532498879", "timestamp": "1769383810926", "hash": "e9a4817049b7c4db4a503457da0bac58c3d6a2ca", "bids": [], "asks": [{"price": "0.99", "size": "5.47"}], "event_type": "book", "last_trade_price": ""}, {"market": "0x5d305bd74ee6c79a625490da070598f527009faf6f9ec281cbf72c1dbb9bd716", "asset_id": "73042339714715430229679453767465405206616718029187594266106167081744416075231", "timestamp": "1769384035715", "hash": "9c3d16d5c90cda8d0e1be98a5d605859ef9a1a48", "bids": [{"price": "0.01", "size": "5.47"}], "asks": [{"price": "0.99", "size": "1000"}, {"price": "0.94", "size": "1333"}, {"price": "0.09", "size": "100"}], "event_type": "book", "last_trade_price": "0.910"}, {"market": "0xaee1b40df9cdfd8dbaea2cff36e99ce733aca0151aa82681b2f954cc113e580e", "asset_id": "106384352998998767871293537240785730094671368658686569763899187178434631036903", "timestamp": "1769384035449", "hash": "c2b74eab51fe3982c9699f68617c5e48e846229f", "bids": [{"price": "0.01", "size": "9199.28"}, {"price": "0.03", "size": "150"}, {"price": "0.09", "size": "100"}, {"price": "0.14", "size": "50"}, {"price": "0.2", "size": "200"}, {"price": "0.21", "size": "2092"}, {"price": "0.22", "size": "50"}, {"price": "0.48", "size": "502.5"}, {"price": "0.49", "size": "501"}, {"price": "0.5", "size": "767.54"}, {"price": "0.51", "size": "1299.64"}, {"price": "0.52", "size": "100"}, {"price": "0.53", "size": "4434.3"}, {"price": "0.54", "size": "26005.04"}, {"price": "0.55", "size": "1224.55"}], "asks": [{"price": "0.99", "size": "9199.28"}, {"price": "0.97", "size": "100"}, {"price": "0.92", "size": "100"}, {"price": "0.91", "size": "1199.64"}, {"price": "0.84", "size": "50"}, {"price": "0.83", "size": "470"}, {"price": "0.82", "size": "2360.64"}, {"price": "0.6", "size": "702.34"}, {"price": "0.59", "size": "3576.54"}, {"price": "0.58", "size": "26093.54"}, {"price": "0.57", "size": "7432.65"}, {"price": "0.56", "size": "16459.93"}], "event_type": "book", "last_trade_price": "0.440"}, {"market": "0xf8e6d90e8c4d6fbfe9871ae96c6dcb424afd3a7c7ab760d62cfbbf62d667e0ce", "asset_id": "64195563591078770440490583904182581506850399079370221272524501059939255740246", "timestamp": "1769383807499", "hash": "9d6f403873995c655194fdda78dfbb1099d1e05d", "bids": [{"price": "0.01", "size": "5.47"}], "asks": [], "event_type": "book", "last_trade_price": ""}, {"market": "0x68d749bd9d6c2a677708e267e63934ecf81c58896da5f33155ff2abbb0a72576", "asset_id": "42963156288545482814810864694417190314076167441342551041683693279684465868010", "timestamp": "1769384035372", "hash": "e5d6ec20e3dbdb57f90e150916ac772169121bed", "bids": [{"price": "0.06", "size": "100"}, {"price": "0.08", "size": "150"}, {"price": "0.09", "size": "2222"}, {"price": "0.11", "size": "727"}, {"price": "0.35", "size": "584"}, {"price": "0.36", "size": "630.5"}, {"price": "0.37", "size": "30155.5"}, {"price": "0.38", "size": "452"}, {"price": "0.39", "size": "36036.71"}], "asks": [{"price": "0.97", "size": "100"}, {"price": "0.92", "size": "150"}, {"price": "0.86", "size": "50"}, {"price": "0.8", "size": "200"}, {"price": "0.73", "size": "200"}, {"price": "0.72", "size": "50"}, {"price": "0.71", "size": "689"}, {"price": "0.57", "size": "558"}, {"price": "0.47", "size": "497"}, {"price": "0.46", "size": "496.5"}, {"price": "0.45", "size": "596"}, {"price": "0.44", "size": "100"}, {"price": "0.42", "size": "26872.89"}, {"price": "0.41", "size": "29838.87"}], "event_type": "book", "last_trade_price": "0.600"}, {"market": "0xaee1b40df9cdfd8dbaea2cff36e99ce733aca0151aa82681b2f954cc113e580e", "asset_id": "10500206300832854585525072990750034065475730537166397918713737092600206854502", "timestamp": "1769384035449", "hash": "d6f58de6ffb65aa1450817305d9b80b48d67dc6f", "bids": [{"price": "0.01", "size": "9199.28"}, {"price": "0.03", "size": "100"}, {"price": "0.08", "size": "100"}, {"price": "0.09", "size": "1199.64"}, {"price": "0.16", "size": "50"}, {"price": "0.17", "size": "470"}, {"price": "0.18", "size": "2360.64"}, {"price": "0.4", "size": "702.34"}, {"price": "0.41", "size": "3576.54"}, {"price": "0.42", "size": "26093.54"}, {"price": "0.43", "size": "7432.65"}, {"price": "0.44", "size": "16459.93"}], "asks": [{"price": "0.99", "size": "9199.28"}, {"price": "0.97", "size": "150"}, {"price": "0.91", "size": "100"}, {"price": "0.86", "size": "50"}, {"price": "0.8", "size": "200"}, {"price": "0.79", "size": "2092"}, {"price": "0.78", "size": "50"}, {"price": "0.52", "size": "502.5"}, {"price": "0.51", "size": "501"}, {"price": "0.5", "size": "767.54"}, {"price": "0.49", "size": "1299.64"}, {"price": "0.48", "size": "100"}, {"price": "0.47", "size": "4434.3"}, {"price": "0.46", "size": "26005.04"}, {"price": "0.45", "size": "1224.55"}], "event_type": "book", "last_trade_price": "0.440"}, {"market": "0x179e126aa14716170d199a8cef3df319b7c1d48364d51408c371f12b92b488c5", "asset_id": "70001018731357165577468699681537476432225076686011094896214022414740542001876", "timestamp": "1769383959474", "hash": "db726e1cea83ed46012b355c69a33f56063fd7da", "bids": [{"price": "0.01", "size": "1000"}], "asks": [{"price": "0.99", "size": "5.47"}], "event_type": "book", "last_trade_price": "0.030"}, {"market": "0x0074ba8b521e1cb18ef3befdfa5e586a3d9c3b0aefae2eb2d80f99b1e594f7a1", "asset_id": "20243672469988648440767076762693874455198603804393763328930682768170962838264", "timestamp": "1769384036520", "hash": "0dd188c0b60357cf15f4bdf5f65a5f8411751b4b", "bids": [{"price": "0.01", "size": "28350"}, {"price": "0.02", "size": "15534"}, {"price": "0.03", "size": "12243"}, {"price": "0.04", "size": "4850"}, {"price": "0.05", "size": "400"}, {"price": "0.06", "size": "22.22"}, {"price": "0.07", "size": "1455"}, {"price": "0.1", "size": "450"}, {"price": "0.11", "size": "300"}, {"price": "0.14", "size": "50"}, {"price": "0.16", "size": "55"}, {"price": "0.2", "size": "200"}, {"price": "0.21", "size": "200"}, {"price": "0.22", "size": "1998"}, {"price": "0.49", "size": "7901"}, {"price": "0.5", "size": "30"}, {"price": "0.51", "size": "3287.33"}, {"price": "0.52", "size": "8676"}, {"price": "0.53", "size": "73623.87"}, {"price": "0.54", "size": "23051.29"}, {"price": "0.55", "size": "2080359.58"}], "asks": [{"price": "0.99", "size": "26252"}, {"price": "0.98", "size": "15498"}, {"price": "0.97", "size": "8928"}, {"price": "0.96", "size": "4624"}, {"price": "0.95", "size": "1755"}, {"price": "0.92", "size": "200"}, {"price": "0.9", "size": "450"}, {"price": "0.86", "size": "50"}, {"price": "0.84", "size": "55"}, {"price": "0.67", "size": "40606"}, {"price": "0.66", "size": "200"}, {"price": "0.65", "size": "40684"}, {"price": "0.63", "size": "40000"}, {"price": "0.62", "size": "50"}, {"price": "0.61", "size": "48428"}, {"price": "0.6", "size": "6619"}, {"price": "0.59", "size": "61813.16"}, {"price": "0.58", "size": "24861"}, {"price": "0.57", "size": "1123113.43"}, {"price": "0.56", "size": "459665.65"}], "event_type": "book", "last_trade_price": "0.550"}, {"market": "0xae4af61cc24ad27c8be49861d48d46390a7aad35bd9bfd8743e6e824b030a4ff", "asset_id": "92308649193905189931258949885483406209663630128817149574926839401240596423881", "timestamp": "1769384036452", "hash": "c83306cbfe8c61ed87537d2ba674c1707a6afbad", "bids": [{"price": "0.01", "size": "20000"}, {"price": "0.06", "size": "1333"}, {"price": "0.32", "size": "200"}, {"price": "0.39", "size": "100"}], "asks": [{"price": "0.94", "size": "4666"}, {"price": "0.53", "size": "200"}, {"price": "0.49", "size": "100"}], "event_type": "book", "last_trade_price": "0.520"}, {"market": "0xe9c19366391a8bd1dcb6a6cd9eda1ecf0759d2578ff2c74926af68b32b93406e", "asset_id": "7760672593493641202093739372113443208689317275799732687446715120257674893391", "timestamp": "1769384036466", "hash": "8dfd646af79320800ed49d07f054502154328e50", "bids": [{"price": "0.01", "size": "1000"}, {"price": "0.06", "size": "4666"}, {"price": "0.48", "size": "200"}, {"price": "0.54", "size": "100"}], "asks": [{"price": "0.99", "size": "1000"}, {"price": "0.94", "size": "4666"}, {"price": "0.69", "size": "200"}, {"price": "0.65", "size": "100"}], "event_type": "book", "last_trade_price": "0.550"}, {"market": "0xf8ca22b99db7b556e7f30e24cc900ae399b02ab59305bf3134cb040ff890e764", "asset_id": "114122053582196243170031669452231674054599671173216552016569211577619672550140", "timestamp": "1769383903221", "hash": "c515f48c8f00f9f4da32f8892dbdaff1fbb0bc32", "bids": [{"price": "0.01", "size": "25.47"}], "asks": [], "event_type": "book", "last_trade_price": ""}, {"market": "0x68d749bd9d6c2a677708e267e63934ecf81c58896da5f33155ff2abbb0a72576", "asset_id": "43504559704194116582412715219889963720805516530224819664250441456761213423219", "timestamp": "1769384035372", "hash": "86e39b36bb51bb184158811a7b20ed23ed0b288e", "bids": [{"price": "0.03", "size": "100"}, {"price": "0.08", "size": "150"}, {"price": "0.14", "size": "50"}, {"price": "0.2", "size": "200"}, {"price": "0.27", "size": "200"}, {"price": "0.28", "size": "50"}, {"price": "0.29", "size": "689"}, {"price": "0.43", "size": "558"}, {"price": "0.53", "size": "497"}, {"price": "0.54", "size": "496.5"}, {"price": "0.55", "size": "596"}, {"price": "0.56", "size": "100"}, {"price": "0.58", "size": "26872.89"}, {"price": "0.59", "size": "29838.87"}], "asks": [{"price": "0.94", "size": "100"}, {"price": "0.92", "size": "150"}, {"price": "0.91", "size": "2222"}, {"price": "0.89", "size": "727"}, {"price": "0.65", "size": "584"}, {"price": "0.64", "size": "630.5"}, {"price": "0.63", "size": "30155.5"}, {"price": "0.62", "size": "452"}, {"price": "0.61", "size": "36036.71"}], "event_type": "book", "last_trade_price": "0.600"}, {"market": "0x8a88b49b7da156aa3cc6b7b614cbc35f6163cd1ebbdadb2b7c1d4117f835babc", "asset_id": "68763198425277832964561555511524912858512635924905510812893360609913196751606", "timestamp": "1769383869876", "hash": "f1fbd3ed228b67c6475b356461d3749e04685a90", "bids": [], "asks": [{"price": "0.99", "size": "5.47"}], "event_type": "book", "last_trade_price": ""}, {"market": "0xf8e6d90e8c4d6fbfe9871ae96c6dcb424afd3a7c7ab760d62cfbbf62d667e0ce", "asset_id": "59984212870119218935248309945242648346451538507507936634288984007984082417958", "timestamp": "1769383807499", "hash": "e4d3fd487bc586ba23a7fac3671f2f160bae6a0b", "bids": [], "asks": [{"price": "0.99", "size": "5.47"}], "event_type": "book", "last_trade_price": ""}, {"market": "0xde319c1b5c9e3f6994aae607ca2a77af3d59ef8da2239f5ff29d9fb7b55bb3cf", "asset_id": "60653085496689959168277201088478370974009298154129874070354563503314014766617", "timestamp": "1769384036099", "hash": "ec42f9d81dcbae0ddd9c2da74ede88d6edd2e601", "bids": [{"price": "0.05", "size": "5600"}, {"price": "0.3", "size": "200"}, {"price": "0.34", "size": "100"}], "asks": [{"price": "0.94", "size": "4666"}, {"price": "0.51", "size": "200"}, {"price": "0.45", "size": "100"}], "event_type": "book", "last_trade_price": "0.570"}, {"market": "0xd95eca8badc2dd12f74a007422275dc3a48c97095659c7b9ed5268f2d522029e", "asset_id": "107723594565866137435062723723257001098279393993905824722427568335216209221074", "timestamp": "1769384036527", "hash": "bc3fde86b04006f0f7f6eab678ef0b7bb0b2481c", "bids": [{"price": "0.11", "size": "200"}, {"price": "0.12", "size": "2332"}, {"price": "0.13", "size": "200"}], "asks": [{"price": "0.99", "size": "1000"}, {"price": "0.94", "size": "4666"}, {"price": "0.32", "size": "159.37"}, {"price": "0.28", "size": "100"}], "event_type": "book", "last_trade_price": "0.680"}, {"market": "0x3217485f0422832c1b36e4236f8740a2fdd90f2307fcd236969c5e01bfbd73d5", "asset_id": "108543786236541675790470947574006784625243676094712878627537929889627112474264", "timestamp": "1769384036466", "hash": "da4ed66c6cd6647fc26fd6cd2cf033b84164a636", "bids": [{"price": "0.06", "size": "4666"}, {"price": "0.37", "size": "200"}, {"price": "0.42", "size": "100"}], "asks": [{"price": "0.94", "size": "4666"}, {"price": "0.58", "size": "200"}, {"price": "0.53", "size": "100"}], "event_type": "book", "last_trade_price": "0.490"}, {"market": "0x0d240211d998a2d14f91bdcbc37908f9a0f242f54d7630d8d3ea769f13fe81d3", "asset_id": "65677148258185061544089177423634634323349658399615504278836952801707440655878", "timestamp": "1769383906420", "hash": "ed30863dcbee7e8f830a39d874c4753bc5558626", "bids": [{"price": "0.01", "size": "5.47"}], "asks": [], "event_type": "book", "last_trade_price": "0.440"}, {"market": "0x3217485f0422832c1b36e4236f8740a2fdd90f2307fcd236969c5e01bfbd73d5", "asset_id": "36384796914816480993502410558249881659322381773151911073076376369735562467457", "timestamp": "1769384036466", "hash": "fd371182a2e6f06db1f4edd7b86fead5c2f3a9ed", "bids": [{"price": "0.06", "size": "4666"}, {"price": "0.42", "size": "200"}, {"price": "0.47", "size": "100"}], "asks": [{"price": "0.94", "size": "4666"}, {"price": "0.63", "size": "200"}, {"price": "0.58", "size": "100"}], "event_type": "book", "last_trade_price": "0.490"}, {"market": "0xb846c933e1f04941acf34daf27e7c67c8d3ddfcc2f73781c64464027f2838daf", "asset_id": "40737614704255938716337330645816940631541254775360654615723039734630322903434", "timestamp": "1769383819004", "hash": "8fa3f9e6a18c4682998149babca7d2d180c3653b", "bids": [], "asks": [{"price": "0.99", "size": "5.47"}], "event_type": "book", "last_trade_price": "0.410"}, {"market": "0x309da0ec0f32452bdf22196f0fd892049ab70cacd3ac76c3329e625d9ba3339e", "asset_id": "31089815500642839294983507600017514189569868853174962193364539524092943922238", "timestamp": "1769384036076", "hash": "144a6099b94159a026bdc94e8b9b2e4e99f71370", "bids": [{"price": "0.03", "size": "9332"}, {"price": "0.13", "size": "100"}], "asks": [{"price": "0.94", "size": "4666"}, {"price": "0.19", "size": "100"}], "event_type": "book", "last_trade_price": "0.810"}, {"market": "0x23bc735d39db7a5a23bd3bc807e1312a480b1361c3bcb1e08526b3cf9c2a125d", "asset_id": "24707976029047583858866777946186766353667750112633460888849423661002841014774", "timestamp": "1769384036451", "hash": "ca796e2ae3beadacf1a9ad9ecbcbd7e8667c428a", "bids": [{"price": "0.02", "size": "14000"}, {"price": "0.16", "size": "100"}], "asks": [{"price": "0.94", "size": "4666"}, {"price": "0.24", "size": "100"}], "event_type": "book", "last_trade_price": ""}, {"market": "0x4412e0fdfbdf41062193daef83ae31b97778bf4155e8886ab433f0d3b5121d2a", "asset_id": "73188241924310357728659879775524707783546654680111820344029768037137057730775", "timestamp": "1769384035840", "hash": "78fad02ff9e08f4319d944e06647941fb1c06ee4", "bids": [{"price": "0.06", "size": "4666"}, {"price": "0.4", "size": "200"}], "asks": [{"price": "0.94", "size": "4666"}, {"price": "0.61", "size": "200"}], "event_type": "book", "last_trade_price": "0.450"}, {"market": "0xf75dc8da8e8ed341b202462c71b7fb0696962737485f2a38d667fc14e9fac7d6", "asset_id": "1580309074922132300800008894166668030288315877034914056170372210304880616216", "timestamp": "1769383901001", "hash": "506a8ab702f36ac363600e94feb684c918569286", "bids": [], "asks": [{"price": "0.99", "size": "5.47"}], "event_type": "book", "last_trade_price": "0.400"}, {"market": "0xf530c2e65c5e6f974184ab2ec804b42761ba584443889c8c3c0ca109a820cbd7", "asset_id": "102547231684908955308491246380199935420047264616921114006649380137875293644506", "timestamp": "1769384035840", "hash": "845c8520e60c4f087065f6ebd58edae5e3344336", "bids": [{"price": "0.06", "size": "4666"}, {"price": "0.37", "size": "200"}], "asks": [{"price": "0.94", "size": "4666"}, {"price": "0.58", "size": "200"}], "event_type": "book", "last_trade_price": "0.430"}, {"market": "0x755f8c5d6318ed6afc054010e31030e293ce752f3c4002fdcd26c7036748e897", "asset_id": "77316015077795866838524297249012343237283185084298520677352807968854501457213", "timestamp": "1769384036076", "hash": "8ffa42e46add1efdfcf02e63ea1fb08381491788", "bids": [{"price": "0.06", "size": "4666"}, {"price": "0.83", "size": "100"}], "asks": [{"price": "0.93", "size": "100"}], "event_type": "book", "last_trade_price": "0.810"}, {"market": "0xe358cc5c3cc7e9c3b9ede6cab46fcb98570cbceba8ef7025c8a715d9a78a03e6", "asset_id": "28276047897101621115155288401622047887590083025425456720845240401654671847886", "timestamp": "1769384036489", "hash": "fdee4dd8a4b24ba23547e973cf30a622bc901ba4", "bids": [{"price": "0.07", "size": "100"}], "asks": [{"price": "0.99", "size": "1000"}, {"price": "0.95", "size": "5600"}, {"price": "0.15", "size": "100"}], "event_type": "book", "last_trade_price": "0.870"}, {"market": "0x3bf8384dcc9815de4fab1a237f1a6e71500053cc0c51f14ebd4fd205a401899d", "asset_id": "9126045598277469221331138727403203852960498591140835932327119449847501485412", "timestamp": "1769384035840", "hash": "058138c75134f7c7ccf3ab184f6f878ba71ac8ed", "bids": [], "asks": [{"price": "0.99", "size": "5.48"}, {"price": "0.97", "size": "9332"}, {"price": "0.07", "size": "130.47"}], "event_type": "book", "last_trade_price": ""}, {"market": "0x9b439ff2dfcaee7667fde4f67dde45591bde20a406fd716b019584c8b2132f95", "asset_id": "82651705643502714858433343572754399014649670704238103759969597816546061963265", "timestamp": "1769383807499", "hash": "f5bb072d16f19a332a460a24884e3c6da0db9b4f", "bids": [{"price": "0.01", "size": "5.47"}], "asks": [], "event_type": "book", "last_trade_price": "0.620"}, {"market": "0xd19853205e0047ecbc35217c6cfc9a354ca0068540254c29a0fed98fa99b400a", "asset_id": "77315007768713587842557026545278671964123315557696803777554877590652284669472", "timestamp": "1769384035839", "hash": "487596c939c8efca15699c9aa7133a4056c0a547", "bids": [{"price": "0.01", "size": "1000"}, {"price": "0.03", "size": "100"}, {"price": "0.09", "size": "100"}, {"price": "0.14", "size": "50"}, {"price": "0.2", "size": "200"}, {"price": "0.21", "size": "2092"}, {"price": "0.46", "size": "505.5"}, {"price": "0.47", "size": "604"}, {"price": "0.48", "size": "1167.62"}, {"price": "0.5", "size": "33486"}, {"price": "0.52", "size": "57121.15"}], "asks": [{"price": "0.99", "size": "1000"}, {"price": "0.97", "size": "100"}, {"price": "0.91", "size": "100"}, {"price": "0.86", "size": "50"}, {"price": "0.85", "size": "1866"}, {"price": "0.57", "size": "511"}, {"price": "0.56", "size": "79854.45"}, {"price": "0.55", "size": "10947.5"}, {"price": "0.54", "size": "10444.57"}], "event_type": "book", "last_trade_price": "0.460"}, {"market": "0x2cad48dfbc8bc07b85542ba62d768f70fee060b9d9625afc9c329a9164291575", "asset_id": "74158875566557918639913712724488707993944027225246630237156830544313966506061", "timestamp": "1769383836954", "hash": "2ca0706abb7ff87ee930459fd969df459d17dbd3", "bids": [], "asks": [{"price": "0.99", "size": "5.47"}], "event_type": "book", "last_trade_price": "0.010"}, {"market": "0x93caaa4d38ad95c0f716d4aa2bcee9720f47377e0cc488f0035fc42303000bf6", "asset_id": "100524202292334770464988423734803089395427728059450573326821198747749800508992", "timestamp": "1769384035594", "hash": "c8b3a315a9ebf827b2fd53fa965830926b70d35a", "bids": [{"price": "0.03", "size": "100"}, {"price": "0.09", "size": "100"}, {"price": "0.14", "size": "50"}, {"price": "0.2", "size": "200"}, {"price": "0.21", "size": "1140"}, {"price": "0.22", "size": "909"}, {"price": "0.5", "size": "250"}, {"price": "0.51", "size": "10029.89"}, {"price": "0.52", "size": "2885"}, {"price": "0.54", "size": "26314.41"}], "asks": [{"price": "0.97", "size": "100"}, {"price": "0.92", "size": "100"}, {"price": "0.86", "size": "50"}, {"price": "0.85", "size": "1866"}, {"price": "0.58", "size": "256.75"}, {"price": "0.57", "size": "3080.75"}, {"price": "0.56", "size": "31836.36"}, {"price": "0.55", "size": "185"}], "event_type": "book", "last_trade_price": "0.540"}, {"market": "0x2c45d054f6b694d5317c000e848d2ec344422625d3540dece8ee12ccca73117e", "asset_id": "19846595626305472448386952777164995582606091436670756853857434407306260823197", "timestamp": "1769383873125", "hash": "e47057ece9a670e13168d2c5f586af880277f16c", "bids": [{"price": "0.01", "size": "5.47"}], "asks": [{"price": "0.98", "size": "5.47"}], "event_type": "book", "last_trade_price": "0.580"}, {"market": "0xe9c19366391a8bd1dcb6a6cd9eda1ecf0759d2578ff2c74926af68b32b93406e", "asset_id": "104830034972331444978198294998629964627654833682261853246474180166375251321309", "timestamp": "1769384036466", "hash": "8445d3724e594fd043273dee24c19ac55d9949a5", "bids": [{"price": "0.01", "size": "1000"}, {"price": "0.06", "size": "4666"}, {"price": "0.31", "size": "200"}, {"price": "0.35", "size": "100"}], "asks": [{"price": "0.99", "size": "1000"}, {"price": "0.94", "size": "4666"}, {"price": "0.52", "size": "200"}, {"price": "0.46", "size": "100"}], "event_type": "book", "last_trade_price": "0.550"}, {"market": "0xf530c2e65c5e6f974184ab2ec804b42761ba584443889c8c3c0ca109a820cbd7", "asset_id": "2023439678068245450306156862269996131149844426004621896018555573382010422420", "timestamp": "1769384035840", "hash": "bb78623866ab1c7868d47a73450aa1119ddcdc32", "bids": [{"price": "0.06", "size": "4666"}, {"price": "0.42", "size": "200"}], "asks": [{"price": "0.94", "size": "4666"}, {"price": "0.63", "size": "200"}], "event_type": "book", "last_trade_price": "0.430"}, {"market": "0x2cad48dfbc8bc07b85542ba62d768f70fee060b9d9625afc9c329a9164291575", "asset_id": "11775538897307232691869428468942889266850412379769486412666565794129471885283", "timestamp": "1769383836954", "hash": "366dfae2e1b926264585c4a4b5d8c0771d5afdfb", "bids": [{"price": "0.01", "size": "5.47"}], "asks": [], "event_type": "book", "last_trade_price": "0.010"}, {"market": "0x0d240211d998a2d14f91bdcbc37908f9a0f242f54d7630d8d3ea769f13fe81d3", "asset_id": "58167583077830070404492068249352916357069712542531810486987547700126069449622", "timestamp": "1769383906420", "hash": "2e6536a2fec5b60ec9347409c7bb6501c3cb8e1e", "bids": [], "asks": [{"price": "0.99", "size": "5.47"}], "event_type": "book", "last_trade_price": "0.440"}, {"market": "0xae4af61cc24ad27c8be49861d48d46390a7aad35bd9bfd8743e6e824b030a4ff", "asset_id": "53344063952997945199313851760184798833044775436391582627695307600431181329313", "timestamp": "1769384036452", "hash": "2dba609a2b4e8eb73d9a70aa5603d2c8f429596f", "bids": [{"price": "0.06", "size": "4666"}, {"price": "0.47", "size": "200"}, {"price": "0.51", "size": "100"}], "asks": [{"price": "0.99", "size": "20000"}, {"price": "0.94", "size": "1333"}, {"price": "0.68", "size": "200"}, {"price": "0.61", "size": "100"}], "event_type": "book", "last_trade_price": "0.520"}, {"market": "0x755f8c5d6318ed6afc054010e31030e293ce752f3c4002fdcd26c7036748e897", "asset_id": "36767210939998345320303918663195278374532847533349522155351378073395739859535", "timestamp": "1769384036076", "hash": "7a022bbf663cc4b7f2a6b67d10d3f52aa03973b4", "bids": [{"price": "0.07", "size": "100"}], "asks": [{"price": "0.94", "size": "4666"}, {"price": "0.17", "size": "100"}], "event_type": "book", "last_trade_price": "0.810"}, {"market": "0x1e79aab556384bf31b5a2523b11ef2a4134afe5238c2b1f6b82e0c1d89090ba0", "asset_id": "114170785174220670754007752342002443776164114402369275722828228153872761121420", "timestamp": "1769383827443", "hash": "306accf03067879999c9e0203b02466cbad08f81", "bids": [{"price": "0.01", "size": "5.47"}], "asks": [], "event_type": "book", "last_trade_price": ""}, {"market": "0xf2501e1b079a32b76fd3427c9676da34721a1182d3e65b9f167ab56e78552108", "asset_id": "36035851112380889721140858656003283401152091148048195204078302125238349837966", "timestamp": "1769384035372", "hash": "2bd9ba62835cc920cefcaeb8f8d5138b997b919e", "bids": [{"price": "0.01", "size": "20000"}, {"price": "0.02", "size": "4000"}, {"price": "0.45", "size": "100"}, {"price": "0.46", "size": "6"}], "asks": [{"price": "0.99", "size": "28000"}, {"price": "0.57", "size": "100"}, {"price": "0.56", "size": "6"}], "event_type": "book", "last_trade_price": "0.060"}, {"market": "0x59d6eb4f53de54b5ba0c9bd301a514491caddeaafd96636fb73ae681ffb7f6fb", "asset_id": "49988041365280328126153264550956919839902410478107005464237936555606308941776", "timestamp": "1769384031826", "hash": "660a9699caa770e6de0025b8a4f92ab8f1d37f7d", "bids": [{"price": "0.01", "size": "5.47"}], "asks": [{"price": "0.97", "size": "8.06"}], "event_type": "book", "last_trade_price": "0.620"}, {"market": "0xab71beb7ddef46dbdc278996340ae4994ae5199fd56927dca49fbe5aca75ef32", "asset_id": "22037676154597103379126254422631469039042875473822776800695044092949504313219", "timestamp": "1769384036447", "hash": "714db3a2b61889a339d591b4cf3c9157eb3f465e", "bids": [{"price": "0.09", "size": "3110"}, {"price": "0.1", "size": "200"}, {"price": "0.17", "size": "100"}], "asks": [{"price": "0.94", "size": "4666"}, {"price": "0.3", "size": "200"}, {"price": "0.25", "size": "100"}], "event_type": "book", "last_trade_price": "0.750"}, {"market": "0xa93d48ee83d39a5971949156c617a98b38e53fe8fca8f996d67e40c998a4002c", "asset_id": "50717138287704144630216509671474792005634802007902125065362162629917610408700", "timestamp": "1769384036444", "hash": "99775a57899c4dbe5237f2472e2e52c22f44392d", "bids": [{"price": "0.01", "size": "28000"}, {"price": "0.38", "size": "100"}], "asks": [{"price": "0.99", "size": "1000"}, {"price": "0.98", "size": "10000"}, {"price": "0.97", "size": "2666"}, {"price": "0.49", "size": "100"}], "event_type": "book", "last_trade_price": "0.400"}, {"market": "0xf2501e1b079a32b76fd3427c9676da34721a1182d3e65b9f167ab56e78552108", "asset_id": "26296807502571713460155970787442338345078816395692250260110426349841778099567", "timestamp": "1769384035372", "hash": "43b9c30664680183eccdef8a69aff64ccafe6fc2", "bids": [{"price": "0.01", "size": "28000"}, {"price": "0.43", "size": "100"}, {"price": "0.44", "size": "6"}], "asks": [{"price": "0.99", "size": "20000"}, {"price": "0.98", "size": "4000"}, {"price": "0.55", "size": "100"}, {"price": "0.54", "size": "6"}], "event_type": "book", "last_trade_price": "0.060"}, {"market": "0x8198177b48fe6ac74bfcca7a99dfbebb5e54065addfd9bb518a5f4999b26383e", "asset_id": "96726945839465386257877328059481327017475035201058931246435705089197247625693", "timestamp": "1769383886375", "hash": "f086bccad942c7c4686c65b56bb5846fd882fa8c", "bids": [], "asks": [{"price": "0.99", "size": "5.47"}], "event_type": "book", "last_trade_price": "0.600"}, {"market": "0x5384e2971285cbcd3733026f5349ceac41c9d3fb38f2fe79768cd972734e342a", "asset_id": "26370028576142059238478185370794282952141684386648975302975797947639052847755", "timestamp": "1769384036445", "hash": "3781f1a85dbcb785ba63337576f73ae9b9575590", "bids": [{"price": "0.05", "size": "5600"}, {"price": "0.2", "size": "200"}, {"price": "0.23", "size": "100"}], "asks": [{"price": "0.99", "size": "1000"}, {"price": "0.94", "size": "4666"}, {"price": "0.41", "size": "200"}, {"price": "0.35", "size": "100"}], "event_type": "book", "last_trade_price": ""}, {"market": "0x7698b35b7df212fc243528a8748188b828f5f93dcc7e1723859984dff02dd873", "asset_id": "6274086831309808251468446692598544227687403536457663976141260805590579578178", "timestamp": "1769383810926", "hash": "24b226c58528924a32738415898d806ab771f3f1", "bids": [{"price": "0.01", "size": "5.47"}], "asks": [], "event_type": "book", "last_trade_price": "0.050"}, {"market": "0x89ea19714c145b71ce02d16df18be72db0b16744b40617dd344de5a2ae47108c", "asset_id": "31645466754635142830613627861719156720649358862651298244663840804931907118299", "timestamp": "1769383906421", "hash": "359bc4613cc45b3b5497091bd05e6f7379aff662", "bids": [], "asks": [{"price": "0.99", "size": "5.47"}], "event_type": "book", "last_trade_price": ""}, {"market": "0x8a88b49b7da156aa3cc6b7b614cbc35f6163cd1ebbdadb2b7c1d4117f835babc", "asset_id": "102386492220843401025534014845805935528833597254028301817469383253977885446850", "timestamp": "1769383869876", "hash": "2b1dbf2c975582044be8cfda43466ecf3660b34d", "bids": [{"price": "0.01", "size": "5.47"}], "asks": [], "event_type": "book", "last_trade_price": ""}, {"market": "0x53b65ba37d373cad2ab54a5f64412c32109d8ef1bbcd3524af2ef245543828e3", "asset_id": "60990902250860328395862129271376283590437258519217049282345736185181307630469", "timestamp": "1769383810926", "hash": "89d1a871f8af43a81c03c460f658364c1116a488", "bids": [{"price": "0.01", "size": "5.47"}], "asks": [], "event_type": "book", "last_trade_price": ""}, {"market": "0x5384e2971285cbcd3733026f5349ceac41c9d3fb38f2fe79768cd972734e342a", "asset_id": "49496301049778362685733040411037910844641597232419535100227135232143991892236", "timestamp": "1769384036445", "hash": "f72623704e9c542278a5b768572e721827cad30e", "bids": [{"price": "0.01", "size": "1000"}, {"price": "0.06", "size": "4666"}, {"price": "0.59", "size": "200"}, {"price": "0.65", "size": "100"}], "asks": [{"price": "0.95", "size": "5600"}, {"price": "0.8", "size": "200"}, {"price": "0.77", "size": "100"}], "event_type": "book", "last_trade_price": ""}, {"market": "0xeda0cc0328f0500492281839e6b7ed429ae99c8d050a1eae97c86609062b779f", "asset_id": "27295141880907397173998912434239249914807040274374485041340640800895173177405", "timestamp": "1769384035839", "hash": "677aa62733fb2fac3f5da5417576088841784baf", "bids": [{"price": "0.07", "size": "100"}], "asks": [{"price": "0.99", "size": "1000"}, {"price": "0.94", "size": "4666"}, {"price": "0.13", "size": "100"}], "event_type": "book", "last_trade_price": "0.870"}]}
{"_local_timestamp": "2026-01-25T23:33:56.868590+00:00", "data": {"market": "0x5b1318bacf0bd542d5880a80cb22d17438e6d0229283dc5ccd1963e9b6d1a0c7", "price_changes": [{"asset_id": "14697637615118503550931756779624844666711510950739102528444028074422892789262", "price": "0.84", "size": "100", "side": "BUY", "hash": "2230c2b3866a87999e6121450cd6bdb6d25bb4ef", "best_bid": "0.84", "best_ask": "0.99"}, {"asset_id": "7211311323108995344128440907719339134930254379589825238556083305469801856059", "price": "0.16", "size": "100", "side": "SELL", "hash": "edfb1f22bae47682c293988de3ca987f029c1057", "best_bid": "0.01", "best_ask": "0.16"}], "timestamp": "1769384036526", "event_type": "price_change"}}
{"_local_timestamp": "2026-01-25T23:33:56.868857+00:00", "data": {"market": "0xd95eca8badc2dd12f74a007422275dc3a48c97095659c7b9ed5268f2d522029e", "price_changes": [{"asset_id": "60058918699343535276818169872035069433335135577141450148203569636878193359368", "price": "0.72", "size": "100", "side": "BUY", "hash": "5cf9f906f50b24f8a6472f14c8d434120c31c774", "best_bid": "0.72", "best_ask": "0.87"}, {"asset_id": "107723594565866137435062723723257001098279393993905824722427568335216209221074", "price": "0.28", "size": "100", "side": "SELL", "hash": "bc3fde86b04006f0f7f6eab678ef0b7bb0b2481c", "best_bid": "0.13", "best_ask": "0.28"}], "timestamp": "1769384036527", "event_type": "price_change"}}
{"_local_timestamp": "2026-01-25T23:33:56.869130+00:00", "data": {"market": "0x5b1318bacf0bd542d5880a80cb22d17438e6d0229283dc5ccd1963e9b6d1a0c7", "price_changes": [{"asset_id": "7211311323108995344128440907719339134930254379589825238556083305469801856059", "price": "0.08", "size": "98", "side": "BUY", "hash": "3edf39bc160b788b8d693b9351b824154a1e03dd", "best_bid": "0.08", "best_ask": "0.16"}, {"asset_id": "14697637615118503550931756779624844666711510950739102528444028074422892789262", "price": "0.92", "size": "98", "side": "SELL", "hash": "e76bd62994d872edbff6880c09168caeae2a2dcf", "best_bid": "0.84", "best_ask": "0.92"}], "timestamp": "1769384036537", "event_type": "price_change"}}
{"_local_timestamp": "2026-01-25T23:33:56.869368+00:00", "data": {"market": "0xd95eca8badc2dd12f74a007422275dc3a48c97095659c7b9ed5268f2d522029e", "price_changes": [{"asset_id": "107723594565866137435062723723257001098279393993905824722427568335216209221074", "price": "0.16", "size": "100", "side": "BUY", "hash": "f53bbb7c81aa29169ba640735d3859046ffbab47", "best_bid": "0.16", "best_ask": "0.28"}, {"asset_id": "60058918699343535276818169872035069433335135577141450148203569636878193359368", "price": "0.84", "size": "100", "side": "SELL", "hash": "abcf61d7927f78c1e7f99eef087b557ac4e0ecae", "best_bid": "0.72", "best_ask": "0.84"}], "timestamp": "1769384036544", "event_type": "price_change"}}
{"_local_timestamp": "2026-01-25T23:33:56.869646+00:00", "data": {"market": "0xe9c19366391a8bd1dcb6a6cd9eda1ecf0759d2578ff2c74926af68b32b93406e", "price_changes": [{"asset_id": "104830034972331444978198294998629964627654833682261853246474180166375251321309", "price": "0.35", "size": "0", "side": "BUY", "hash": "c86a25159651e7819846dfff3606a6be1d7788c3", "best_bid": "0.31", "best_ask": "0.46"}, {"asset_id": "7760672593493641202093739372113443208689317275799732687446715120257674893391", "price": "0.65", "size": "0", "side": "SELL", "hash": "0476289c3159b38b00ed02433a30bedf836089f4", "best_bid": "0.54", "best_ask": "0.69"}], "timestamp": "1769384036561", "event_type": "price_change"}}
{"_local_timestamp": "2026-01-25T23:33:56.869977+00:00", "data": {"market": "0xab71beb7ddef46dbdc278996340ae4994ae5199fd56927dca49fbe5aca75ef32", "price_changes": [{"asset_id": "36962746708577397972319519361510334127032289679856626790051067954500737138583", "price": "0.75", "size": "0", "side": "BUY", "hash": "7a25e9132afa95a90fd3c2e7f014858cb60e60d1", "best_bid": "0.7", "best_ask": "0.83"}, {"asset_id": "22037676154597103379126254422631469039042875473822776800695044092949504313219", "price": "0.25", "size": "0", "side": "SELL", "hash": "eda2a07fd083bc83c38bea57c567a626ccb7e8ee", "best_bid": "0.17", "best_ask": "0.3"}], "timestamp": "1769384036563", "event_type": "price_change"}}
{"_local_timestamp": "2026-01-25T23:33:56.870255+00:00", "data": {"market": "0x23bc735d39db7a5a23bd3bc807e1312a480b1361c3bcb1e08526b3cf9c2a125d", "price_changes": [{"asset_id": "16492943098196276862820658208790781465432590329121000007333047072120521726798", "price": "0.76", "size": "0", "side": "BUY", "hash": "1e72037ff1aec2a106fc211bebc3bd5b021dba79", "best_bid": "0.06", "best_ask": "0.84"}, {"asset_id": "24707976029047583858866777946186766353667750112633460888849423661002841014774", "price": "0.24", "size": "0", "side": "SELL", "hash": "9308a2dec688035466111860007f493721cf91af", "best_bid": "0.16", "best_ask": "0.94"}], "timestamp": "1769384036564", "event_type": "price_change"}}
{"_local_timestamp": "2026-01-25T23:33:56.870550+00:00", "data": {"market": "0x23bc735d39db7a5a23bd3bc807e1312a480b1361c3bcb1e08526b3cf9c2a125d", "price_changes": [{"asset_id": "24707976029047583858866777946186766353667750112633460888849423661002841014774", "price": "0.16", "size": "0", "side": "BUY", "hash": "86153c22348e11e046c5bd0210f075f65452b58d", "best_bid": "0.02", "best_ask": "0.94"}, {"asset_id": "16492943098196276862820658208790781465432590329121000007333047072120521726798", "price": "0.84", "size": "0", "side": "SELL", "hash": "966d5b40b881a601c2673af4c47a8446b8fbc0af", "best_bid": "0.06", "best_ask": "0.98"}], "timestamp": "1769384036568", "event_type": "price_change"}}
{"_local_timestamp": "2026-01-25T23:33:56.870899+00:00", "data": {"market": "0xab71beb7ddef46dbdc278996340ae4994ae5199fd56927dca49fbe5aca75ef32", "price_changes": [{"asset_id": "22037676154597103379126254422631469039042875473822776800695044092949504313219", "price": "0.17", "size": "0", "side": "BUY", "hash": "a125b46555347408c6546724f282867e923c4e77", "best_bid": "0.1", "best_ask": "0.3"}, {"asset_id": "36962746708577397972319519361510334127032289679856626790051067954500737138583", "price": "0.83", "size": "0", "side": "SELL", "hash": "aab28968b207622f02c221949b3dce5269de3def", "best_bid": "0.7", "best_ask": "0.9"}], "timestamp": "1769384036575", "event_type": "price_change"}}
{"_local_timestamp": "2026-01-25T23:33:56.871175+00:00", "data": {"market": "0xe9c19366391a8bd1dcb6a6cd9eda1ecf0759d2578ff2c74926af68b32b93406e", "price_changes": [{"asset_id": "104830034972331444978198294998629964627654833682261853246474180166375251321309", "price": "0.34", "size": "100", "side": "BUY", "hash": "1c428f18ce827b70d3466dbebec14911860dd729", "best_bid": "0.34", "best_ask": "0.46"}, {"asset_id": "7760672593493641202093739372113443208689317275799732687446715120257674893391", "price": "0.66", "size": "100", "side": "SELL", "hash": "513cc5a88703900d7ce510ff103fa93779b1327c", "best_bid": "0.54", "best_ask": "0.66"}], "timestamp": "1769384036589", "event_type": "price_change"}}
{"_local_timestamp": "2026-01-25T23:33:56.871576+00:00", "data": {"market": "0xab71beb7ddef46dbdc278996340ae4994ae5199fd56927dca49fbe5aca75ef32", "price_changes": [{"asset_id": "36962746708577397972319519361510334127032289679856626790051067954500737138583", "price": "0.73", "size": "100", "side": "BUY", "hash": "e67ba954a7b4baf1b49f64a1c99eed796511a32a", "best_bid": "0.73", "best_ask": "0.9"}, {"asset_id": "22037676154597103379126254422631469039042875473822776800695044092949504313219", "price": "0.27", "size": "100", "side": "SELL", "hash": "71ff71fd4e1a845c374c537d24c020e20111b276", "best_bid": "0.1", "best_ask": "0.27"}], "timestamp": "1769384036592", "event_type": "price_change"}}
{"_local_timestamp": "2026-01-25T23:33:56.871953+00:00", "data": {"market": "0xab71beb7ddef46dbdc278996340ae4994ae5199fd56927dca49fbe5aca75ef32", "price_changes": [{"asset_id": "22037676154597103379126254422631469039042875473822776800695044092949504313219", "price": "0.16", "size": "100", "side": "BUY", "hash": "73a35a0de72f9d1c2d297956902ded6fc5f1b858", "best_bid": "0.16", "best_ask": "0.27"}, {"asset_id": "36962746708577397972319519361510334127032289679856626790051067954500737138583", "price": "0.84", "size": "100", "side": "SELL", "hash": "5fca2cda18ee4d57eb1000d0d7855ff4044cdef6", "best_bid": "0.73", "best_ask": "0.84"}], "timestamp": "1769384036594", "event_type": "price_change"}}
{"_local_timestamp": "2026-01-25T23:33:56.872306+00:00", "data": {"market": "0x23bc735d39db7a5a23bd3bc807e1312a480b1361c3bcb1e08526b3cf9c2a125d", "price_changes": [{"asset_id": "16492943098196276862820658208790781465432590329121000007333047072120521726798", "price": "0.74", "size": "100", "side": "BUY", "hash": "4f4bfbc9ec3dd9facdf7ee998dae4e0d4ec7dbb8", "best_bid": "0.74", "best_ask": "0.98"}, {"asset_id": "24707976029047583858866777946186766353667750112633460888849423661002841014774", "price": "0.26", "size": "100", "side": "SELL", "hash": "2abb693a3e5bf197e667e644da31c957120a61a5", "best_bid": "0.02", "best_ask": "0.26"}], "timestamp": "1769384036602", "event_type": "price_change"}}
{"_local_timestamp": "2026-01-25T23:33:56.872620+00:00", "data": {"market": "0x23bc735d39db7a5a23bd3bc807e1312a480b1361c3bcb1e08526b3cf9c2a125d", "price_changes": [{"asset_id": "24707976029047583858866777946186766353667750112633460888849423661002841014774", "price": "0.15", "size": "100", "side": "BUY", "hash": "ae54e6f658de53e60756c19dadb1c3a10addb0fc", "best_bid": "0.15", "best_ask": "0.26"}, {"asset_id": "16492943098196276862820658208790781465432590329121000007333047072120521726798", "price": "0.85", "size": "100", "side": "SELL", "hash": "a3440458fe536c69ac824a9a6f95570be855d0be", "best_bid": "0.74", "best_ask": "0.85"}], "timestamp": "1769384036603", "event_type": "price_change"}}
{"_local_timestamp": "2026-01-25T23:33:56.872935+00:00", "data": {"market": "0xe358cc5c3cc7e9c3b9ede6cab46fcb98570cbceba8ef7025c8a715d9a78a03e6", "price_changes": [{"asset_id": "34186685444786211758326982019812500239954340608994276469859304205722158319210", "price": "0.85", "size": "0", "side": "BUY", "hash": "3ec7040994dedcf37df5f6e6c05403f2ff4efccd", "best_bid": "0.05", "best_ask": "0.93"}, {"asset_id": "28276047897101621115155288401622047887590083025425456720845240401654671847886", "price": "0.15", "size": "0", "side": "SELL", "hash": "793293bdeaa028d43b5316910f4b550663d7f3fc", "best_bid": "0.07", "best_ask": "0.95"}], "timestamp": "1769384036621", "event_type": "price_change"}}
{"_local_timestamp": "2026-01-25T23:33:56.873287+00:00", "data": {"market": "0xe358cc5c3cc7e9c3b9ede6cab46fcb98570cbceba8ef7025c8a715d9a78a03e6", "price_changes": [{"asset_id": "34186685444786211758326982019812500239954340608994276469859304205722158319210", "price": "0.86", "size": "100", "side": "BUY", "hash": "27a831ebc642442dc20fb32c594b8f1ea07730d8", "best_bid": "0.86", "best_ask": "0.93"}, {"asset_id": "28276047897101621115155288401622047887590083025425456720845240401654671847886", "price": "0.14", "size": "100", "side": "SELL", "hash": "2e6f90f332a2ffb435e2694865e0871ee0dcc44e", "best_bid": "0.07", "best_ask": "0.14"}], "timestamp": "1769384036651", "event_type": "price_change"}}
{"_local_timestamp": "2026-01-25T23:33:56.873589+00:00", "data": {"market": "0x0074ba8b521e1cb18ef3befdfa5e586a3d9c3b0aefae2eb2d80f99b1e594f7a1", "price_changes": [{"asset_id": "20243672469988648440767076762693874455198603804393763328930682768170962838264", "price": "0.52", "size": "18676", "side": "BUY", "hash": "8506c7058914b7c9c36bb1117dd6bfab4127dfe1", "best_bid": "0.55", "best_ask": "0.56"}, {"asset_id": "80683675731510456248139626451349746383703996709618622135269487159056371210374", "price": "0.48", "size": "18676", "side": "SELL", "hash": "6c07a1271ec802225795ff8455b9f534ca3cf377", "best_bid": "0.44", "best_ask": "0.45"}], "timestamp": "1769384036663", "event_type": "price_change"}}
{"_local_timestamp": "2026-01-25T23:33:56.873938+00:00", "data": {"market": "0x0074ba8b521e1cb18ef3befdfa5e586a3d9c3b0aefae2eb2d80f99b1e594f7a1", "price_changes": [{"asset_id": "20243672469988648440767076762693874455198603804393763328930682768170962838264", "price": "0.52", "size": "8676", "side": "BUY", "hash": "1c7b942cb160667870ab6bb1609a6a6e74b332bf", "best_bid": "0.55", "best_ask": "0.56"}, {"asset_id": "80683675731510456248139626451349746383703996709618622135269487159056371210374", "price": "0.48", "size": "8676", "side": "SELL", "hash": "77bc5935d30ec66adc78f97bcf9768d9e13b2d38", "best_bid": "0.44", "best_ask": "0.45"}], "timestamp": "1769384036807", "event_type": "price_change"}}
{"_local_timestamp": "2026-01-25T23:33:57.033245+00:00", "data": {"market": "0x0074ba8b521e1cb18ef3befdfa5e586a3d9c3b0aefae2eb2d80f99b1e594f7a1", "price_changes": [{"asset_id": "20243672469988648440767076762693874455198603804393763328930682768170962838264", "price": "0.52", "size": "18676", "side": "BUY", "hash": "14c6b5a619f0b779988c5807a0f766b721468cdb", "best_bid": "0.55", "best_ask": "0.56"}, {"asset_id": "80683675731510456248139626451349746383703996709618622135269487159056371210374", "price": "0.48", "size": "18676", "side": "SELL", "hash": "1bdbc1152b83777415168032920653591c2be917", "best_bid": "0.44", "best_ask": "0.45"}], "timestamp": "1769384036930", "event_type": "price_change"}}
{"_local_timestamp": "2026-01-25T23:33:57.065884+00:00", "data": {"market": "0xda0534f07600b5497a7d0358d1bd5b3fe770250d98be5b775433db0f710e4161", "price_changes": [{"asset_id": "93438607247746005294793019359625761903060361091130349011539959095567690046626", "price": "0.21", "size": "952", "side": "BUY", "hash": "db10d78e80404469f5dc017ec3edb41e8b92f04f", "best_bid": "0.5", "best_ask": "0.53"}, {"asset_id": "47716971176798716419827507785230096063640370929485432159217191381900645628112", "price": "0.79", "size": "952", "side": "SELL", "hash": "59ece583735dfbfff7bb2331542387641bb98a43", "best_bid": "0.47", "best_ask": "0.5"}], "timestamp": "1769384037000", "event_type": "price_change"}}
{"_local_timestamp": "2026-01-25T23:33:57.071694+00:00", "data": {"market": "0x1f337466187a1086dad161be56a0f83a10956947491b9a0ea6c83635bd54a546", "price_changes": [{"asset_id": "72422565929572513121533642979110748597768600032409878416630368404674081931520", "price": "0.09", "size": "2222", "side": "BUY", "hash": "68a9c8ab6009f3a8650b56d8e3da4569a822edc8", "best_bid": "0.41", "best_ask": "0.48"}, {"asset_id": "97043527469319957483511884789380117668829487432982748619891867391113085655673", "price": "0.91", "size": "2222", "side": "SELL", "hash": "9730523cbc28d99f4ecce28094ef0e9fb6e4bea2", "best_bid": "0.52", "best_ask": "0.59"}], "timestamp": "1769384037000", "event_type": "price_change"}}
{"_local_timestamp": "2026-01-25T23:33:57.073239+00:00", "data": {"market": "0x3217485f0422832c1b36e4236f8740a2fdd90f2307fcd236969c5e01bfbd73d5", "price_changes": [{"asset_id": "36384796914816480993502410558249881659322381773151911073076376369735562467457", "price": "0.06", "size": "3333", "side": "BUY", "hash": "c88bb50b824e4dae4a1ca4fe0272fde70025384d", "best_bid": "0.47", "best_ask": "0.58"}, {"asset_id": "108543786236541675790470947574006784625243676094712878627537929889627112474264", "price": "0.94", "size": "3333", "side": "SELL", "hash": "a73ae4e11fdfdff5e7bc59bdfb36a1b545fc517f", "best_bid": "0.42", "best_ask": "0.53"}], "timestamp": "1769384037000", "event_type": "price_change"}}
{"_local_timestamp": "2026-01-25T23:33:57.077019+00:00", "data": {"market": "0xd19853205e0047ecbc35217c6cfc9a354ca0068540254c29a0fed98fa99b400a", "price_changes": [{"asset_id": "77315007768713587842557026545278671964123315557696803777554877590652284669472", "price": "0.5", "size": "33480", "side": "BUY", "hash": "284c1ae8fdb8fcf821640b3b863ea8193f94a98c", "best_bid": "0.52", "best_ask": "0.54"}, {"asset_id": "75361537515403034309480895280396520572537480801403274322717343998541515370015", "price": "0.5", "size": "33480", "side": "SELL", "hash": "867f292510cb37c6f483f93236d83fc05238940b", "best_bid": "0.46", "best_ask": "0.48"}], "timestamp": "1769384037000", "event_type": "price_change"}}
{"_local_timestamp": "2026-01-25T23:33:57.084939+00:00", "data": {"market": "0xa93d48ee83d39a5971949156c617a98b38e53fe8fca8f996d67e40c998a4002c", "price_changes": [{"asset_id": "48089417426787938315186023854634736969383878963071322476141779806500807547966", "price": "0.03", "size": "0", "side": "BUY", "hash": "72a8c8dc95b12dc54ec65db6229eb298cc1b13a5", "best_bid": "0.51", "best_ask": "0.62"}, {"asset_id": "50717138287704144630216509671474792005634802007902125065362162629917610408700", "price": "0.97", "size": "0", "side": "SELL", "hash": "0e10b0d76e6daca4c1b70bcc613713526bb963ce", "best_bid": "0.38", "best_ask": "0.49"}], "timestamp": "1769384037000", "event_type": "price_change"}}
{"_local_timestamp": "2026-01-25T23:33:57.090460+00:00", "data": {"market": "0x3217485f0422832c1b36e4236f8740a2fdd90f2307fcd236969c5e01bfbd73d5", "price_changes": [{"asset_id": "108543786236541675790470947574006784625243676094712878627537929889627112474264", "price": "0.06", "size": "3333", "side": "BUY", "hash": "545e9e2688d628edf07bef572cb152bb0945bf73", "best_bid": "0.42", "best_ask": "0.53"}, {"asset_id": "36384796914816480993502410558249881659322381773151911073076376369735562467457", "price": "0.94", "size": "3333", "side": "SELL", "hash": "b6e160f5178579de0efa287ec0ad0b91f605c06a", "best_bid": "0.47", "best_ask": "0.58"}], "timestamp": "1769384037002", "event_type": "price_change"}}
{"_local_timestamp": "2026-01-25T23:33:57.090941+00:00", "data": {"market": "0x1f337466187a1086dad161be56a0f83a10956947491b9a0ea6c83635bd54a546", "price_changes": [{"asset_id": "97043527469319957483511884789380117668829487432982748619891867391113085655673", "price": "0.21", "size": "0", "side": "BUY", "hash": "04515874dd5c37c4eb375db068c927f3a6da8af0", "best_bid": "0.52", "best_ask": "0.59"}, {"asset_id": "72422565929572513121533642979110748597768600032409878416630368404674081931520", "price": "0.79", "size": "0", "side": "SELL", "hash": "42066239bc3240320c1092d23d61667630d5dce7", "best_bid": "0.41", "best_ask": "0.48"}], "timestamp": "1769384037002", "event_type": "price_change"}}
{"_local_timestamp": "2026-01-25T23:33:57.091327+00:00", "data": {"market": "0xda0534f07600b5497a7d0358d1bd5b3fe770250d98be5b775433db0f710e4161", "price_changes": [{"asset_id": "47716971176798716419827507785230096063640370929485432159217191381900645628112", "price": "0.15", "size": "1333", "side": "BUY", "hash": "6b67e858a50cfda59b1779661a9a0f0d9f4f4adc", "best_bid": "0.47", "best_ask": "0.5"}, {"asset_id": "93438607247746005294793019359625761903060361091130349011539959095567690046626", "price": "0.85", "size": "1333", "side": "SELL", "hash": "be4ca555351fe8d80c5ee1479696b166e70a0717", "best_bid": "0.5", "best_ask": "0.53"}], "timestamp": "1769384037002", "event_type": "price_change"}}
{"_local_timestamp": "2026-01-25T23:33:57.091649+00:00", "data": {"market": "0xd19853205e0047ecbc35217c6cfc9a354ca0068540254c29a0fed98fa99b400a", "price_changes": [{"asset_id": "75361537515403034309480895280396520572537480801403274322717343998541515370015", "price": "0.45", "size": "10942.5", "side": "BUY", "hash": "ed34d76d2425f8b86e421ff1f1819c8bb46be6c8", "best_bid": "0.46", "best_ask": "0.48"}, {"asset_id": "77315007768713587842557026545278671964123315557696803777554877590652284669472", "price": "0.55", "size": "10942.5", "side": "SELL", "hash": "fac3b2fdbdc0800a8c2aa943968eab7d1276d3d8", "best_bid": "0.52", "best_ask": "0.54"}], "timestamp": "1769384037002", "event_type": "price_change"}}
{"_local_timestamp": "2026-01-25T23:33:57.092017+00:00", "data": {"market": "0xf2501e1b079a32b76fd3427c9676da34721a1182d3e65b9f167ab56e78552108", "price_changes": [{"asset_id": "36035851112380889721140858656003283401152091148048195204078302125238349837966", "price": "0.02", "size": "0", "side": "BUY", "hash": "191e54425b2a6eaaecbf04d34ff49621aecad33a", "best_bid": "0.46", "best_ask": "0.56"}, {"asset_id": "26296807502571713460155970787442338345078816395692250260110426349841778099567", "price": "0.98", "size": "0", "side": "SELL", "hash": "841bb65f33debec6fb7abea077cd36eb9d40d3f2", "best_bid": "0.44", "best_ask": "0.54"}], "timestamp": "1769384037003", "event_type": "price_change"}}
{"_local_timestamp": "2026-01-25T23:33:57.093413+00:00", "data": {"market": "0xaee1b40df9cdfd8dbaea2cff36e99ce733aca0151aa82681b2f954cc113e580e", "price_changes": [{"asset_id": "106384352998998767871293537240785730094671368658686569763899187178434631036903", "price": "0.54", "size": "26000.04", "side": "BUY", "hash": "986185ab1076fd6469ed816fb0ff6b78584c29d4", "best_bid": "0.55", "best_ask": "0.56"}, {"asset_id": "10500206300832854585525072990750034065475730537166397918713737092600206854502", "price": "0.46", "size": "26000.04", "side": "SELL", "hash": "98387df80b54714566d7fcd730a0a07ec9bfb322", "best_bid": "0.44", "best_ask": "0.45"}], "timestamp": "1769384037000", "event_type": "price_change"}}
{"_local_timestamp": "2026-01-25T23:33:57.103246+00:00", "data": {"market": "0xa93d48ee83d39a5971949156c617a98b38e53fe8fca8f996d67e40c998a4002c", "price_changes": [{"asset_id": "50717138287704144630216509671474792005634802007902125065362162629917610408700", "price": "0.01", "size": "20000", "side": "BUY", "hash": "461556d5881fcde31dd82dfe2b8acf0fe5fab515", "best_bid": "0.38", "best_ask": "0.49"}, {"asset_id": "48089417426787938315186023854634736969383878963071322476141779806500807547966", "price": "0.99", "size": "20000", "side": "SELL", "hash": "b7f6e8b115c4f6e57d36d086fa3edf334d1bcc80", "best_bid": "0.51", "best_ask": "0.62"}], "timestamp": "1769384037004", "event_type": "price_change"}}
{"_local_timestamp": "2026-01-25T23:33:57.103649+00:00", "data": {"market": "0xaee1b40df9cdfd8dbaea2cff36e99ce733aca0151aa82681b2f954cc113e580e", "price_changes": [{"asset_id": "10500206300832854585525072990750034065475730537166397918713737092600206854502", "price": "0.17", "size": "0", "side": "BUY", "hash": "667b1c897f1960e6d47dc873e292d8a77004d3a9", "best_bid": "0.44", "best_ask": "0.45"}, {"asset_id": "106384352998998767871293537240785730094671368658686569763899187178434631036903", "price": "0.83", "size": "0", "side": "SELL", "hash": "2294d4f3816b8bb324789f8eb77f414bcab55c2b", "best_bid": "0.55", "best_ask": "0.56"}], "timestamp": "1769384037004", "event_type": "price_change"}}
{"_local_timestamp": "2026-01-25T23:33:57.104001+00:00", "data": {"market": "0x0074ba8b521e1cb18ef3befdfa5e586a3d9c3b0aefae2eb2d80f99b1e594f7a1", "price_changes": [{"asset_id": "20243672469988648440767076762693874455198603804393763328930682768170962838264", "price": "0.22", "size": "909", "side": "BUY", "hash": "424c95e1618c1ce59f27aedf5e66fea2af6ba2a6", "best_bid": "0.55", "best_ask": "0.56"}, {"asset_id": "80683675731510456248139626451349746383703996709618622135269487159056371210374", "price": "0.78", "size": "909", "side": "SELL", "hash": "56183596f2108c8e84ee7176645d39c8b9571e5b", "best_bid": "0.44", "best_ask": "0.45"}], "timestamp": "1769384037000", "event_type": "price_change"}}
{"_local_timestamp": "2026-01-25T23:33:57.104323+00:00", "data": {"market": "0x93caaa4d38ad95c0f716d4aa2bcee9720f47377e0cc488f0035fc42303000bf6", "price_changes": [{"asset_id": "100524202292334770464988423734803089395427728059450573326821198747749800508992", "price": "0.21", "size": "0", "side": "BUY", "hash": "a67897291b6c0f534308a32b2e7eb407f991660d", "best_bid": "0.54", "best_ask": "0.55"}, {"asset_id": "16080192960872503485272758294202321070818003330132399551914575881561432936922", "price": "0.79", "size": "0", "side": "SELL", "hash": "f23c0e3960c2f75c51692d9cd56da83508e48a2b", "best_bid": "0.45", "best_ask": "0.46"}], "timestamp": "1769384037002", "event_type": "price_change"}}
{"_local_timestamp": "2026-01-25T23:33:57.104911+00:00", "data": {"market": "0x0074ba8b521e1cb18ef3befdfa5e586a3d9c3b0aefae2eb2d80f99b1e594f7a1", "price_changes": [{"asset_id": "80683675731510456248139626451349746383703996709618622135269487159056371210374", "price": "0.35", "size": "40000", "side": "BUY", "hash": "bc9aa8aa6117396f016d9d586d626bde97f78384", "best_bid": "0.44", "best_ask": "0.45"}, {"asset_id": "20243672469988648440767076762693874455198603804393763328930682768170962838264", "price": "0.65", "size": "40000", "side": "SELL", "hash": "b54ba5416947a9f2a4e49710961e20d3b0efefbf", "best_bid": "0.55", "best_ask": "0.56"}], "timestamp": "1769384037005", "event_type": "price_change"}}
{"_local_timestamp": "2026-01-25T23:33:57.108764+00:00", "data": {"market": "0x0074ba8b521e1cb18ef3befdfa5e586a3d9c3b0aefae2eb2d80f99b1e594f7a1", "asset_id": "20243672469988648440767076762693874455198603804393763328930682768170962838264", "price": "0.56", "size": "550", "fee_rate_bps": "0", "side": "BUY", "timestamp": "1769384037037", "event_type": "last_trade_price", "transaction_hash": "0xf454e91dc54c7bee1e3443e593ae04a45d803c42428de8d0a9e299cca0cbe035"}}
{"_local_timestamp": "2026-01-25T23:33:57.118530+00:00", "data": {"market": "0x0074ba8b521e1cb18ef3befdfa5e586a3d9c3b0aefae2eb2d80f99b1e594f7a1", "price_changes": [{"asset_id": "80683675731510456248139626451349746383703996709618622135269487159056371210374", "price": "0.44", "size": "459115.65", "side": "BUY", "hash": "e76cca01d58cbeeb886057193e48e334018e2dae", "best_bid": "0.44", "best_ask": "0.45"}, {"asset_id": "20243672469988648440767076762693874455198603804393763328930682768170962838264", "price": "0.56", "size": "459115.65", "side": "SELL", "hash": "cd8c5838e6fb2db50e84cebb53ce5cf888eec0d8", "best_bid": "0.55", "best_ask": "0.56"}], "timestamp": "1769384037010", "event_type": "price_change"}}
{"_local_timestamp": "2026-01-25T23:33:57.119137+00:00", "data": {"market": "0x0074ba8b521e1cb18ef3befdfa5e586a3d9c3b0aefae2eb2d80f99b1e594f7a1", "asset_id": "80683675731510456248139626451349746383703996709618622135269487159056371210374", "bids": [{"price": "0.01", "size": "26252"}, {"price": "0.02", "size": "15498"}, {"price": "0.03", "size": "8928"}, {"price": "0.04", "size": "4624"}, {"price": "0.05", "size": "1755"}, {"price": "0.08", "size": "200"}, {"price": "0.1", "size": "450"}, {"price": "0.14", "size": "50"}, {"price": "0.16", "size": "55"}, {"price": "0.33", "size": "40606"}, {"price": "0.34", "size": "200"}, {"price": "0.35", "size": "40000"}, {"price": "0.37", "size": "40000"}, {"price": "0.38", "size": "50"}, {"price": "0.39", "size": "48428"}, {"price": "0.4", "size": "6619"}, {"price": "0.41", "size": "61813.16"}, {"price": "0.42", "size": "24861"}, {"price": "0.43", "size": "1123113.43"}, {"price": "0.44", "size": "459115.65"}], "asks": [{"price": "0.99", "size": "28350"}, {"price": "0.98", "size": "15534"}, {"price": "0.97", "size": "12243"}, {"price": "0.96", "size": "4850"}, {"price": "0.95", "size": "400"}, {"price": "0.94", "size": "22.22"}, {"price": "0.93", "size": "1455"}, {"price": "0.9", "size": "450"}, {"price": "0.89", "size": "300"}, {"price": "0.86", "size": "50"}, {"price": "0.84", "size": "55"}, {"price": "0.8", "size": "200"}, {"price": "0.79", "size": "200"}, {"price": "0.78", "size": "909"}, {"price": "0.51", "size": "7901"}, {"price": "0.5", "size": "30"}, {"price": "0.49", "size": "3287.33"}, {"price": "0.48", "size": "18676"}, {"price": "0.47", "size": "73623.87"}, {"price": "0.46", "size": "23051.29"}, {"price": "0.45", "size": "2080359.58"}], "hash": "e76cca01d58cbeeb886057193e48e334018e2dae", "timestamp": "1769384037010", "event_type": "book"}}
{"_local_timestamp": "2026-01-25T23:33:57.119708+00:00", "data": {"market": "0x0074ba8b521e1cb18ef3befdfa5e586a3d9c3b0aefae2eb2d80f99b1e594f7a1", "asset_id": "20243672469988648440767076762693874455198603804393763328930682768170962838264", "bids": [{"price": "0.01", "size": "28350"}, {"price": "0.02", "size": "15534"}, {"price": "0.03", "size": "12243"}, {"price": "0.04", "size": "4850"}, {"price": "0.05", "size": "400"}, {"price": "0.06", "size": "22.22"}, {"price": "0.07", "size": "1455"}, {"price": "0.1", "size": "450"}, {"price": "0.11", "size": "300"}, {"price": "0.14", "size": "50"}, {"price": "0.16", "size": "55"}, {"price": "0.2", "size": "200"}, {"price": "0.21", "size": "200"}, {"price": "0.22", "size": "909"}, {"price": "0.49", "size": "7901"}, {"price": "0.5", "size": "30"}, {"price": "0.51", "size": "3287.33"}, {"price": "0.52", "size": "18676"}, {"price": "0.53", "size": "73623.87"}, {"price": "0.54", "size": "23051.29"}, {"price": "0.55", "size": "2080359.58"}], "asks": [{"price": "0.99", "size": "26252"}, {"price": "0.98", "size": "15498"}, {"price": "0.97", "size": "8928"}, {"price": "0.96", "size": "4624"}, {"price": "0.95", "size": "1755"}, {"price": "0.92", "size": "200"}, {"price": "0.9", "size": "450"}, {"price": "0.86", "size": "50"}, {"price": "0.84", "size": "55"}, {"price": "0.67", "size": "40606"}, {"price": "0.66", "size": "200"}, {"price": "0.65", "size": "40000"}, {"price": "0.63", "size": "40000"}, {"price": "0.62", "size": "50"}, {"price": "0.61", "size": "48428"}, {"price": "0.6", "size": "6619"}, {"price": "0.59", "size": "61813.16"}, {"price": "0.58", "size": "24861"}, {"price": "0.57", "size": "1123113.43"}, {"price": "0.56", "size": "459115.65"}], "hash": "cd8c5838e6fb2db50e84cebb53ce5cf888eec0d8", "timestamp": "1769384037010", "event_type": "book"}}
{"_local_timestamp": "2026-01-25T23:33:57.148835+00:00", "data": {"market": "0x0074ba8b521e1cb18ef3befdfa5e586a3d9c3b0aefae2eb2d80f99b1e594f7a1", "price_changes": [{"asset_id": "20243672469988648440767076762693874455198603804393763328930682768170962838264", "price": "0.52", "size": "8676", "side": "BUY", "hash": "736f0c02c4473b901f06093ba87d54ffdf665eac", "best_bid": "0.55", "best_ask": "0.56"}, {"asset_id": "80683675731510456248139626451349746383703996709618622135269487159056371210374", "price": "0.48", "size": "8676", "side": "SELL", "hash": "cfdee0eff2c3f443455770b6c1331624f2ad74ee", "best_bid": "0.44", "best_ask": "0.45"}], "timestamp": "1769384037070", "event_type": "price_change"}}
{"_local_timestamp": "2026-01-25T23:33:57.160706+00:00", "data": {"market": "0xaee1b40df9cdfd8dbaea2cff36e99ce733aca0151aa82681b2f954cc113e580e", "price_changes": [{"asset_id": "10500206300832854585525072990750034065475730537166397918713737092600206854502", "price": "0.09", "size": "0", "side": "BUY", "hash": "ed24274acf6c0bc31974c0052fce18485169ba49", "best_bid": "0.44", "best_ask": "0.45"}, {"asset_id": "106384352998998767871293537240785730094671368658686569763899187178434631036903", "price": "0.91", "size": "0", "side": "SELL", "hash": "2220a7961ffb05090ccc264c27c7f211ee7957ec", "best_bid": "0.55", "best_ask": "0.56"}], "timestamp": "1769384037077", "event_type": "price_change"}}
{"_local_timestamp": "2026-01-25T23:33:57.213713+00:00", "data": {"market": "0xeda0cc0328f0500492281839e6b7ed429ae99c8d050a1eae97c86609062b779f", "price_changes": [{"asset_id": "27295141880907397173998912434239249914807040274374485041340640800895173177405", "price": "0.07", "size": "0", "side": "BUY", "hash": "1c6ec91018f5cafb784e5f842b5a92cc2d2189be", "best_bid": "0", "best_ask": "0.13"}, {"asset_id": "76377393373227661796544525473140129609358272858078964126837151550709916831530", "price": "0.93", "size": "0", "side": "SELL", "hash": "56228f659efd368e9b5e9a6b48c7603cbfee6216", "best_bid": "0.87", "best_ask": "1"}], "timestamp": "1769384037138", "event_type": "price_change"}}
{"_local_timestamp": "2026-01-25T23:33:57.257028+00:00", "data": {"market": "0x0074ba8b521e1cb18ef3befdfa5e586a3d9c3b0aefae2eb2d80f99b1e594f7a1", "price_changes": [{"asset_id": "20243672469988648440767076762693874455198603804393763328930682768170962838264", "price": "0.52", "size": "18676", "side": "BUY", "hash": "b0dcfa8a95040afd5dab00d18586f2256572ed69", "best_bid": "0.55", "best_ask": "0.56"}, {"asset_id": "80683675731510456248139626451349746383703996709618622135269487159056371210374", "price": "0.48", "size": "18676", "side": "SELL", "hash": "3609d6097bf20888680baa5a59fc2331f3d01d5e", "best_bid": "0.44", "best_ask": "0.45"}], "timestamp": "1769384037186", "event_type": "price_change"}}
{"_local_timestamp": "2026-01-25T23:33:57.358349+00:00", "data": {"market": "0xeda0cc0328f0500492281839e6b7ed429ae99c8d050a1eae97c86609062b779f", "price_changes": [{"asset_id": "27295141880907397173998912434239249914807040274374485041340640800895173177405", "price": "0.06", "size": "100", "side": "BUY", "hash": "8a6f08388194590fd6f350f2d8c08b5b7892c0af", "best_bid": "0.06", "best_ask": "0.13"}, {"asset_id": "76377393373227661796544525473140129609358272858078964126837151550709916831530", "price": "0.94", "size": "100", "side": "SELL", "hash": "1e1895b51f809b0bdc38f841bff90a75bcbfaabe", "best_bid": "0.87", "best_ask": "0.94"}], "timestamp": "1769384037292", "event_type": "price_change"}}
{"_local_timestamp": "2026-01-25T23:33:57.411645+00:00", "data": {"market": "0x0074ba8b521e1cb18ef3befdfa5e586a3d9c3b0aefae2eb2d80f99b1e594f7a1", "price_changes": [{"asset_id": "20243672469988648440767076762693874455198603804393763328930682768170962838264", "price": "0.52", "size": "8676", "side": "BUY", "hash": "8084cc6b82f9560d95ddaa9ea4ac439a6a9e6c76", "best_bid": "0.55", "best_ask": "0.56"}, {"asset_id": "80683675731510456248139626451349746383703996709618622135269487159056371210374", "price": "0.48", "size": "8676", "side": "SELL", "hash": "dbd11a49b3ab53547016b3f72e0361c1d8fdc21b", "best_bid": "0.44", "best_ask": "0.45"}], "timestamp": "1769384037332", "event_type": "price_change"}}
{"_local_timestamp": "2026-01-25T23:33:57.479468+00:00", "data": {"market": "0x0074ba8b521e1cb18ef3befdfa5e586a3d9c3b0aefae2eb2d80f99b1e594f7a1", "price_changes": [{"asset_id": "20243672469988648440767076762693874455198603804393763328930682768170962838264", "price": "0.21", "size": "0", "side": "BUY", "hash": "f40bd469b37f3985ea407610dd9f417a90fe0183", "best_bid": "0.55", "best_ask": "0.56"}, {"asset_id": "80683675731510456248139626451349746383703996709618622135269487159056371210374", "price": "0.79", "size": "0", "side": "SELL", "hash": "949980cde6d467ea4a63ead2c75b85309b8dd0a1", "best_bid": "0.44", "best_ask": "0.45"}], "timestamp": "1769384037411", "event_type": "price_change"}}
{"_local_timestamp": "2026-01-25T23:33:57.479935+00:00", "data": {"market": "0x0074ba8b521e1cb18ef3befdfa5e586a3d9c3b0aefae2eb2d80f99b1e594f7a1", "price_changes": [{"asset_id": "20243672469988648440767076762693874455198603804393763328930682768170962838264", "price": "0.23", "size": "200", "side": "BUY", "hash": "c378b34ce04408d4becb2ac5b3995bc8714d0b96", "best_bid": "0.55", "best_ask": "0.56"}, {"asset_id": "80683675731510456248139626451349746383703996709618622135269487159056371210374", "price": "0.77", "size": "200", "side": "SELL", "hash": "d0bfb0ba95136f239fe0c4f720bbf1a3b6bf638c", "best_bid": "0.44", "best_ask": "0.45"}], "timestamp": "1769384037412", "event_type": "price_change"}}
{"_local_timestamp": "2026-01-25T23:33:57.533020+00:00", "data": {"market": "0x0074ba8b521e1cb18ef3befdfa5e586a3d9c3b0aefae2eb2d80f99b1e594f7a1", "price_changes": [{"asset_id": "20243672469988648440767076762693874455198603804393763328930682768170962838264", "price": "0.52", "size": "18676", "side": "BUY", "hash": "723d56800f317bff1ef94faa27f03a48df4f5dd4", "best_bid": "0.55", "best_ask": "0.56"}, {"asset_id": "80683675731510456248139626451349746383703996709618622135269487159056371210374", "price": "0.48", "size": "18676", "side": "SELL", "hash": "cfbd490075c2382561d524eae589836d0c9f3818", "best_bid": "0.44", "best_ask": "0.45"}], "timestamp": "1769384037465", "event_type": "price_change"}}
