{"_local_timestamp": "2026-01-25T23:41:15.681993+00:00", "data": [{"market": "0x11877dd29d97e6316e4951e37466edddbfc9416a05c055446be414f8babea69e", "asset_id": "46885566294124826915097318668162582361714652984225697453542182180580410998826", "timestamp": "1769384471916", "hash": "b2719c38ed8841a39e2a6acc347d70f980fdc40e", "bids": [{"price": "0.01", "size": "570.41"}, {"price": "0.02", "size": "122.18"}, {"price": "0.03", "size": "30.06"}, {"price": "0.04", "size": "200"}, {"price": "0.05", "size": "25.63"}, {"price": "0.06", "size": "13.35"}, {"price": "0.08", "size": "25"}, {"price": "0.09", "size": "6.08"}, {"price": "0.1", "size": "240"}, {"price": "0.11", "size": "6.06"}, {"price": "0.14", "size": "8.95"}, {"price": "0.16", "size": "12.5"}], "asks": [{"price": "0.99", "size": "566.79"}, {"price": "0.98", "size": "117.18"}, {"price": "0.97", "size": "21.9"}, {"price": "0.96", "size": "200"}, {"price": "0.95", "size": "25.86"}, {"price": "0.94", "size": "15.96"}, {"price": "0.92", "size": "25"}, {"price": "0.91", "size": "6.21"}, {"price": "0.9", "size": "240"}, {"price": "0.89", "size": "16.56"}, {"price": "0.84", "size": "12.5"}], "event_type": "book", "last_trade_price": "0.500"}, {"market": "0x11877dd29d97e6316e4951e37466edddbfc9416a05c055446be414f8babea69e", "asset_id": "73939132819277046206712206910713834709633415219744373226035389123300871950919", "timestamp": "1769384471916", "hash": "4876f53935f9cf146fa5ac42924cf600459f4092", "bids": [{"price": "0.01", "size": "566.79"}, {"price": "0.02", "size": "117.18"}, {"price": "0.03", "size": "21.9"}, {"price": "0.04", "size": "200"}, {"price": "0.05", "size": "25.86"}, {"price": "0.06", "size": "15.96"}, {"price": "0.08", "size": "25"}, {"price": "0.09", "size": "6.21"}, {"price": "0.1", "size": "240"}, {"price": "0.11", "size": "16.56"}, {"price": "0.16", "size": "12.5"}], "asks": [{"price": "0.99", "size": "570.41"}, {"price": "0.98", "size": "122.18"}, {"price": "0.97", "size": "30.06"}, {"price": "0.96", "size": "200"}, {"price": "0.95", "size": "25.63"}, {"price": "0.94", "size": "13.35"}, {"price": "0.92", "size": "25"}, {"price": "0.91", "size": "6.08"}, {"price": "0.9", "size": "240"}, {"price": "0.89", "size": "6.06"}, {"price": "0.86", "size": "8.95"}, {"price": "0.84", "size": "12.5"}], "event_type": "book", "last_trade_price": "0.500"}]}
{"_local_timestamp": "2026-01-25T23:41:38.675382+00:00", "data": {"market": "0x11877dd29d97e6316e4951e37466edddbfc9416a05c055446be414f8babea69e", "price_changes": [{"asset_id": "46885566294124826915097318668162582361714652984225697453542182180580410998826", "price": "0.14", "size": "0", "side": "BUY", "hash": "4cc2fe05c0b761148e041195132145cf7307040e", "best_bid": "0.16", "best_ask": "0.84"}, {"asset_id": "73939132819277046206712206910713834709633415219744373226035389123300871950919", "price": "0.86", "size": "0", "side": "SELL", "hash": "9aa743c95316dcfaa553e0d4918a65514708ad20", "best_bid": "0.16", "best_ask": "0.84"}], "timestamp": "1769384498606", "event_type": "price_change"}}
{"_local_timestamp": "2026-01-25T23:41:38.917562+00:00", "data": {"market": "0x11877dd29d97e6316e4951e37466edddbfc9416a05c055446be414f8babea69e", "price_changes": [{"asset_id": "46885566294124826915097318668162582361714652984225697453542182180580410998826", "price": "0.11", "size": "17.46", "side": "BUY", "hash": "722493f856aca46efecc97cad5a2ac35809d71e2", "best_bid": "0.16", "best_ask": "0.84"}, {"asset_id": "73939132819277046206712206910713834709633415219744373226035389123300871950919", "price": "0.89", "size": "17.46", "side": "SELL", "hash": "9fdc5a787531c771a16c639f5453c224b147e397", "best_bid": "0.16", "best_ask": "0.84"}], "timestamp": "1769384498852", "event_type": "price_change"}}
{"_local_timestamp": "2026-01-25T23:42:24.901229+00:00", "data": {"market": "0x11877dd29d97e6316e4951e37466edddbfc9416a05c055446be414f8babea69e", "price_changes": [{"asset_id": "46885566294124826915097318668162582361714652984225697453542182180580410998826", "price": "0.11", "size": "6.06", "side": "BUY", "hash": "a3d739118b7df96277834a2172ee0689e08e396f", "best_bid": "0.16", "best_ask": "0.84"}, {"asset_id": "73939132819277046206712206910713834709633415219744373226035389123300871950919", "price": "0.89", "size": "6.06", "side": "SELL", "hash": "1617d6286da245c67706b735cf2102b1f89ec06a", "best_bid": "0.16", "best_ask": "0.84"}], "timestamp": "1769384544571", "event_type": "price_change"}}
{"_local_timestamp": "2026-01-25T23:42:25.011826+00:00", "data": {"market": "0x11877dd29d97e6316e4951e37466edddbfc9416a05c055446be414f8babea69e", "price_changes": [{"asset_id": "46885566294124826915097318668162582361714652984225697453542182180580410998826", "price": "0.12", "size": "10.45", "side": "BUY", "hash": "ca3b444aee507a22508426de871a0b6019db4322", "best_bid": "0.16", "best_ask": "0.84"}, {"asset_id": "73939132819277046206712206910713834709633415219744373226035389123300871950919", "price": "0.88", "size": "10.45", "side": "SELL", "hash": "44c0192ac4bffe526a604928a3197d13bfe239a5", "best_bid": "0.16", "best_ask": "0.84"}], "timestamp": "1769384544793", "event_type": "price_change"}}
{"_local_timestamp": "2026-01-25T23:43:18.067968+00:00", "data": {"market": "0x11877dd29d97e6316e4951e37466edddbfc9416a05c055446be414f8babea69e", "price_changes": [{"asset_id": "46885566294124826915097318668162582361714652984225697453542182180580410998826", "price": "0.12", "size": "0", "side": "BUY", "hash": "d50506651f7b7dcbb759ef5378259606cc242b5c", "best_bid": "0.16", "best_ask": "0.84"}, {"asset_id": "73939132819277046206712206910713834709633415219744373226035389123300871950919", "price": "0.88", "size": "0", "side": "SELL", "hash": "1018b20de36535539f9d206e96891c6dacfcd380", "best_bid": "0.16", "best_ask": "0.84"}], "timestamp": "1769384597955", "event_type": "price_change"}}
{"_local_timestamp": "2026-01-25T23:43:18.514619+00:00", "data": {"market": "0x11877dd29d97e6316e4951e37466edddbfc9416a05c055446be414f8babea69e", "price_changes": [{"asset_id": "46885566294124826915097318668162582361714652984225697453542182180580410998826", "price": "0.13", "size": "9.64", "side": "BUY", "hash": "351eef40a85214fb9956711eac7a5608ed2b3607", "best_bid": "0.16", "best_ask": "0.84"}, {"asset_id": "73939132819277046206712206910713834709633415219744373226035389123300871950919", "price": "0.87", "size": "9.64", "side": "SELL", "hash": "fdc2a1a820be9875739a405b1fd9f82df83d24ac", "best_bid": "0.16", "best_ask": "0.84"}], "timestamp": "1769384598401", "event_type": "price_change"}}
{"_local_timestamp": "2026-01-25T23:44:03.182586+00:00", "data": {"market": "0x11877dd29d97e6316e4951e37466edddbfc9416a05c055446be414f8babea69e", "price_changes": [{"asset_id": "46885566294124826915097318668162582361714652984225697453542182180580410998826", "price": "0.13", "size": "0", "side": "BUY", "hash": "fa47e90239a4186aa3440879fc7c4fe1abfdc369", "best_bid": "0.16", "best_ask": "0.84"}, {"asset_id": "73939132819277046206712206910713834709633415219744373226035389123300871950919", "price": "0.87", "size": "0", "side": "SELL", "hash": "b2ff46775f72d47a41d72b93452296a4d50d6fdd", "best_bid": "0.16", "best_ask": "0.84"}], "timestamp": "1769384642896", "event_type": "price_change"}}
{"_local_timestamp": "2026-01-25T23:44:03.552739+00:00", "data": {"market": "0x11877dd29d97e6316e4951e37466edddbfc9416a05c055446be414f8babea69e", "price_changes": [{"asset_id": "46885566294124826915097318668162582361714652984225697453542182180580410998826", "price": "0.14", "size": "8.95", "side": "BUY", "hash": "c304e0f2bc4e8d88438958026c9c3207e0a30e71", "best_bid": "0.16", "best_ask": "0.84"}, {"asset_id": "73939132819277046206712206910713834709633415219744373226035389123300871950919", "price": "0.86", "size": "8.95", "side": "SELL", "hash": "ed21cab41e07205fb16443f5b4688512546a5b23", "best_bid": "0.16", "best_ask": "0.84"}], "timestamp": "1769384643270", "event_type": "price_change"}}
{"_local_timestamp": "2026-01-25T23:44:33.533325+00:00", "data": {"market": "0x11877dd29d97e6316e4951e37466edddbfc9416a05c055446be414f8babea69e", "price_changes": [{"asset_id": "46885566294124826915097318668162582361714652984225697453542182180580410998826", "price": "0.14", "size": "0", "side": "BUY", "hash": "06f1ed0a93d903e81850c081bbd894200f06233f", "best_bid": "0.16", "best_ask": "0.84"}, {"asset_id": "73939132819277046206712206910713834709633415219744373226035389123300871950919", "price": "0.86", "size": "0", "side": "SELL", "hash": "19b9bfa41c70cb74d0c1df4f1a0ff414e7565f18", "best_bid": "0.16", "best_ask": "0.84"}], "timestamp": "1769384673456", "event_type": "price_change"}}
{"_local_timestamp": "2026-01-25T23:44:33.965377+00:00", "data": {"market": "0x11877dd29d97e6316e4951e37466edddbfc9416a05c055446be414f8babea69e", "price_changes": [{"asset_id": "46885566294124826915097318668162582361714652984225697453542182180580410998826", "price": "0.11", "size": "17.46", "side": "BUY", "hash": "0e93c3c4aca6531d4b3fb1ce2c9bc6a698da0580", "best_bid": "0.16", "best_ask": "0.84"}, {"asset_id": "73939132819277046206712206910713834709633415219744373226035389123300871950919", "price": "0.89", "size": "17.46", "side": "SELL", "hash": "bff36bb88940440c14c69d240f4604573e0dbccf", "best_bid": "0.16", "best_ask": "0.84"}], "timestamp": "1769384673902", "event_type": "price_change"}}
{"_local_timestamp": "2026-01-25T23:45:06.796990+00:00", "data": {"market": "0x11877dd29d97e6316e4951e37466edddbfc9416a05c055446be414f8babea69e", "price_changes": [{"asset_id": "46885566294124826915097318668162582361714652984225697453542182180580410998826", "price": "0.11", "size": "6.06", "side": "BUY", "hash": "33de2589f21642fd457c24c5fb11fae9f982f69d", "best_bid": "0.16", "best_ask": "0.84"}, {"asset_id": "73939132819277046206712206910713834709633415219744373226035389123300871950919", "price": "0.89", "size": "6.06", "side": "SELL", "hash": "a3593dfbbf4a91dbc777bc0c078563541b814fde", "best_bid": "0.16", "best_ask": "0.84"}], "timestamp": "1769384706727", "event_type": "price_change"}}
{"_local_timestamp": "2026-01-25T23:45:07.252317+00:00", "data": {"market": "0x11877dd29d97e6316e4951e37466edddbfc9416a05c055446be414f8babea69e", "price_changes": [{"asset_id": "46885566294124826915097318668162582361714652984225697453542182180580410998826", "price": "0.12", "size": "10.45", "side": "BUY", "hash": "3bdaafea5a7c0a87f66b05c59273108e5bbc992f", "best_bid": "0.16", "best_ask": "0.84"}, {"asset_id": "73939132819277046206712206910713834709633415219744373226035389123300871950919", "price": "0.88", "size": "10.45", "side": "SELL", "hash": "f3abfef98bb251dc5b174ee93c83e5d01e6bde16", "best_bid": "0.16", "best_ask": "0.84"}], "timestamp": "1769384707185", "event_type": "price_change"}}
{"_local_timestamp": "2026-01-25T23:45:41.131436+00:00", "data": {"market": "0x11877dd29d97e6316e4951e37466edddbfc9416a05c055446be414f8babea69e", "price_changes": [{"asset_id": "46885566294124826915097318668162582361714652984225697453542182180580410998826", "price": "0.11", "size": "0", "side": "BUY", "hash": "6cf1ccff5cd8b4ad087c981dc325ed4fcf1c57dd", "best_bid": "0.16", "best_ask": "0.84"}, {"asset_id": "73939132819277046206712206910713834709633415219744373226035389123300871950919", "price": "0.89", "size": "0", "side": "SELL", "hash": "8156c8cbbf89cd4ae74f2de7fbb5da42c850da23", "best_bid": "0.16", "best_ask": "0.84"}], "timestamp": "1769384741036", "event_type": "price_change"}}
{"_local_timestamp": "2026-01-25T23:45:41.571272+00:00", "data": {"market": "0x11877dd29d97e6316e4951e37466edddbfc9416a05c055446be414f8babea69e", "price_changes": [{"asset_id": "46885566294124826915097318668162582361714652984225697453542182180580410998826", "price": "0.06", "size": "23.22", "side": "BUY", "hash": "94c3d1377710cf7a3ebf0a9023c24a5b045f1684", "best_bid": "0.16", "best_ask": "0.84"}, {"asset_id": "73939132819277046206712206910713834709633415219744373226035389123300871950919", "price": "0.94", "size": "23.22", "side": "SELL", "hash": "0d16a9369c85182225aa045083a993aaf9b0a8b6", "best_bid": "0.16", "best_ask": "0.84"}], "timestamp": "1769384741496", "event_type": "price_change"}}
{"_local_timestamp": "2026-01-25T23:45:41.571698+00:00", "data": {"market": "0x11877dd29d97e6316e4951e37466edddbfc9416a05c055446be414f8babea69e", "price_changes": [{"asset_id": "46885566294124826915097318668162582361714652984225697453542182180580410998826", "price": "0.01", "size": "577.82", "side": "BUY", "hash": "40f57b0570c380fe31ba98bb7d68b9ffc70d3623", "best_bid": "0.16", "best_ask": "0.84"}, {"asset_id": "73939132819277046206712206910713834709633415219744373226035389123300871950919", "price": "0.99", "size": "577.82", "side": "SELL", "hash": "fefcd67f6661726f846d51d685cc3edb5367be11", "best_bid": "0.16", "best_ask": "0.84"}], "timestamp": "1769384741497", "event_type": "price_change"}}
{"_local_timestamp": "2026-01-25T23:46:11.900491+00:00", "data": {"market": "0x11877dd29d97e6316e4951e37466edddbfc9416a05c055446be414f8babea69e", "price_changes": [{"asset_id": "46885566294124826915097318668162582361714652984225697453542182180580410998826", "price": "0.01", "size": "542.41", "side": "BUY", "hash": "f379d7c35380d0bd2f32ddc4cf4eb0dc4e671097", "best_bid": "0.16", "best_ask": "0.84"}, {"asset_id": "73939132819277046206712206910713834709633415219744373226035389123300871950919", "price": "0.99", "size": "542.41", "side": "SELL", "hash": "6924acf076825ce5126cc1d5c6d99108bd64350a", "best_bid": "0.16", "best_ask": "0.84"}], "timestamp": "1769384771833", "event_type": "price_change"}}
{"_local_timestamp": "2026-01-25T23:46:11.900978+00:00", "data": {"market": "0x11877dd29d97e6316e4951e37466edddbfc9416a05c055446be414f8babea69e", "price_changes": [{"asset_id": "46885566294124826915097318668162582361714652984225697453542182180580410998826", "price": "0.06", "size": "13.35", "side": "BUY", "hash": "f379d7c35380d0bd2f32ddc4cf4eb0dc4e671097", "best_bid": "0.16", "best_ask": "0.84"}, {"asset_id": "73939132819277046206712206910713834709633415219744373226035389123300871950919", "price": "0.94", "size": "13.35", "side": "SELL", "hash": "6924acf076825ce5126cc1d5c6d99108bd64350a", "best_bid": "0.16", "best_ask": "0.84"}], "timestamp": "1769384771833", "event_type": "price_change"}}
{"_local_timestamp": "2026-01-25T23:46:11.901318+00:00", "data": {"market": "0x11877dd29d97e6316e4951e37466edddbfc9416a05c055446be414f8babea69e", "price_changes": [{"asset_id": "46885566294124826915097318668162582361714652984225697453542182180580410998826", "price": "0.12", "size": "0", "side": "BUY", "hash": "f379d7c35380d0bd2f32ddc4cf4eb0dc4e671097", "best_bid": "0.16", "best_ask": "0.84"}, {"asset_id": "73939132819277046206712206910713834709633415219744373226035389123300871950919", "price": "0.88", "size": "0", "side": "SELL", "hash": "6924acf076825ce5126cc1d5c6d99108bd64350a", "best_bid": "0.16", "best_ask": "0.84"}], "timestamp": "1769384771833", "event_type": "price_change"}}
{"_local_timestamp": "2026-01-25T23:46:12.269577+00:00", "data": {"market": "0x11877dd29d97e6316e4951e37466edddbfc9416a05c055446be414f8babea69e", "price_changes": [{"asset_id": "46885566294124826915097318668162582361714652984225697453542182180580410998826", "price": "0.09", "size": "12.74", "side": "BUY", "hash": "861d624d6110831b2704a386348c9434834482c1", "best_bid": "0.16", "best_ask": "0.84"}, {"asset_id": "73939132819277046206712206910713834709633415219744373226035389123300871950919", "price": "0.91", "size": "12.74", "side": "SELL", "hash": "fe7691c90d9b4ab11dd3824a0c8bbd7177b995b6", "best_bid": "0.16", "best_ask": "0.84"}], "timestamp": "1769384772196", "event_type": "price_change"}}
{"_local_timestamp": "2026-01-25T23:46:12.269937+00:00", "data": {"market": "0x11877dd29d97e6316e4951e37466edddbfc9416a05c055446be414f8babea69e", "price_changes": [{"asset_id": "46885566294124826915097318668162582361714652984225697453542182180580410998826", "price": "0.13", "size": "9.9", "side": "BUY", "hash": "092531715498fe5210caccce9a7fc753d81240ec", "best_bid": "0.16", "best_ask": "0.84"}, {"asset_id": "73939132819277046206712206910713834709633415219744373226035389123300871950919", "price": "0.87", "size": "9.9", "side": "SELL", "hash": "5eea2c0b52123d9b2193321dfd469d280b97cc35", "best_bid": "0.16", "best_ask": "0.84"}], "timestamp": "1769384772197", "event_type": "price_change"}}
{"_local_timestamp": "2026-01-25T23:46:12.270285+00:00", "data": {"market": "0x11877dd29d97e6316e4951e37466edddbfc9416a05c055446be414f8babea69e", "price_changes": [{"asset_id": "46885566294124826915097318668162582361714652984225697453542182180580410998826", "price": "0.01", "size": "573.73", "side": "BUY", "hash": "78050c8fab74c329d4cd57cf366410d24b8cd7aa", "best_bid": "0.16", "best_ask": "0.84"}, {"asset_id": "73939132819277046206712206910713834709633415219744373226035389123300871950919", "price": "0.99", "size": "573.73", "side": "SELL", "hash": "542693e387b99afa6695da9c4014044a0be81c28", "best_bid": "0.16", "best_ask": "0.84"}], "timestamp": "1769384772198", "event_type": "price_change"}}
{"_local_timestamp": "2026-01-25T23:46:49.978327+00:00", "data": {"market": "0x11877dd29d97e6316e4951e37466edddbfc9416a05c055446be414f8babea69e", "price_changes": [{"asset_id": "46885566294124826915097318668162582361714652984225697453542182180580410998826", "price": "0.06", "size": "6.61", "side": "BUY", "hash": "79140cc23aa34fffa7b65ccf6c51abb7b78dac6b", "best_bid": "0.16", "best_ask": "0.84"}, {"asset_id": "73939132819277046206712206910713834709633415219744373226035389123300871950919", "price": "0.94", "size": "6.61", "side": "SELL", "hash": "10fc73b8e987d7a4cc6be8eb3f6c6bb8f3004bb0", "best_bid": "0.16", "best_ask": "0.84"}], "timestamp": "1769384809864", "event_type": "price_change"}}
{"_local_timestamp": "2026-01-25T23:46:50.287440+00:00", "data": {"market": "0x11877dd29d97e6316e4951e37466edddbfc9416a05c055446be414f8babea69e", "price_changes": [{"asset_id": "46885566294124826915097318668162582361714652984225697453542182180580410998826", "price": "0.07", "size": "5.79", "side": "BUY", "hash": "b87274fd02f1e77b29b31dd72f550f05c62c6188", "best_bid": "0.16", "best_ask": "0.84"}, {"asset_id": "73939132819277046206712206910713834709633415219744373226035389123300871950919", "price": "0.93", "size": "5.79", "side": "SELL", "hash": "ab11f0d390a0ca94b2810ceee6ca8315b1dfc105", "best_bid": "0.16", "best_ask": "0.84"}], "timestamp": "1769384810175", "event_type": "price_change"}}
{"_local_timestamp": "2026-01-25T23:47:24.381361+00:00", "data": {"market": "0x11877dd29d97e6316e4951e37466edddbfc9416a05c055446be414f8babea69e", "price_changes": [{"asset_id": "46885566294124826915097318668162582361714652984225697453542182180580410998826", "price": "0.06", "size": "0", "side": "BUY", "hash": "365d65d29cf2d446a280507e100413a47b2ca7b5", "best_bid": "0.16", "best_ask": "0.84"}, {"asset_id": "73939132819277046206712206910713834709633415219744373226035389123300871950919", "price": "0.94", "size": "0", "side": "SELL", "hash": "4be2f46190bcacabacd0900123c0822bfc435611", "best_bid": "0.16", "best_ask": "0.84"}], "timestamp": "1769384844310", "event_type": "price_change"}}
{"_local_timestamp": "2026-01-25T23:47:24.751780+00:00", "data": {"market": "0x11877dd29d97e6316e4951e37466edddbfc9416a05c055446be414f8babea69e", "price_changes": [{"asset_id": "46885566294124826915097318668162582361714652984225697453542182180580410998826", "price": "0.06", "size": "6.61", "side": "BUY", "hash": "6fb4a7147dbd8e2a48c9a5cd45e7fdf178663270", "best_bid": "0.16", "best_ask": "0.84"}, {"asset_id": "73939132819277046206712206910713834709633415219744373226035389123300871950919", "price": "0.94", "size": "6.61", "side": "SELL", "hash": "836c5f9e53cdf5edf10a030a057a80bb2e40d03c", "best_bid": "0.16", "best_ask": "0.84"}], "timestamp": "1769384844683", "event_type": "price_change"}}
