{"_local_timestamp": "2026-01-25T23:41:15.681993+00:00", "data": [{"market": "0x11877dd29d97e6316e4951e37466edddbfc9416a05c055446be414f8babea69e", "asset_id": "46885566294124826915097318668162582361714652984225697453542182180580410998826", "timestamp": "1769384471916", "hash": "b2719c38ed8841a39e2a6acc347d70f980fdc40e", "bids": [{"price": "0.01", "size": "570.41"}, {"price": "0.02", "size": "122.18"}, {"price": "0.03", "size": "30.06"}, {"price": "0.04", "size": "200"}, {"price": "0.05", "size": "25.63"}, {"price": "0.06", "size": "13.35"}, {"price": "0.08", "size": "25"}, {"price": "0.09", "size": "6.08"}, {"price": "0.1", "size": "240"}, {"price": "0.11", "size": "6.06"}, {"price": "0.14", "size": "8.95"}, {"price": "0.16", "size": "12.5"}], "asks": [{"price": "0.99", "size": "566.79"}, {"price": "0.98", "size": "117.18"}, {"price": "0.97", "size": "21.9"}, {"price": "0.96", "size": "200"}, {"price": "0.95", "size": "25.86"}, {"price": "0.94", "size": "15.96"}, {"price": "0.92", "size": "25"}, {"price": "0.91", "size": "6.21"}, {"price": "0.9", "size": "240"}, {"price": "0.89", "size": "16.56"}, {"price": "0.84", "size": "12.5"}], "event_type": "book", "last_trade_price": "0.500"}, {"market": "0x11877dd29d97e6316e4951e37466edddbfc9416a05c055446be414f8babea69e", "asset_id": "73939132819277046206712206910713834709633415219744373226035389123300871950919", "timestamp": "1769384471916", "hash": "4876f53935f9cf146fa5ac42924cf600459f4092", "bids": [{"price": "0.01", "size": "566.79"}, {"price": "0.02", "size": "117.18"}, {"price": "0.03", "size": "21.9"}, {"price": "0.04", "size": "200"}, {"price": "0.05", "size": "25.86"}, {"price": "0.06", "size": "15.96"}, {"price": "0.08", "size": "25"}, {"price": "0.09", "size": "6.21"}, {"price": "0.1", "size": "240"}, {"price": "0.11", "size": "16.56"}, {"price": "0.16", "size": "12.5"}], "asks": [{"price": "0.99", "size": "570.41"}, {"price": "0.98", "size": "122.18"}, {"price": "0.97", "size": "30.06"}, {"price": "0.96", "size": "200"}, {"price": "0.95", "size": "25.63"}, {"price": "0.94", "size": "13.35"}, {"price": "0.92", "size": "25"}, {"price": "0.91", "size": "6.08"}, {"price": "0.9", "size": "240"}, {"price": "0.89", "size": "6.06"}, {"price": "0.86", "size": "8.95"}, {"price": "0.84", "size": "12.5"}], "event_type": "book", "last_trade_price": "0.500"}]}
{"_local_timestamp": "2026-01-25T23:41:38.675382+00:00", "data": {"market": "0x11877dd29d97e6316e4951e37466edddbfc9416a05c055446be414f8babea69e", "price_changes": [{"asset_id": "46885566294124826915097318668162582361714652984225697453542182180580410998826", "price": "0.14", "size": "0", "side": "BUY", "hash": "4cc2fe05c0b761148e041195132145cf7307040e", "best_bid": "0.16", "best_ask": "0.84"}, {"asset_id": "73939132819277046206712206910713834709633415219744373226035389123300871950919", "price": "0.86", "size": "0", "side": "SELL", "hash": "9aa743c95316dcfaa553e0d4918a65514708ad20", "best_bid": "0.16", "best_ask": "0.84"}], "timestamp": "1769384498606", "event_type": "price_change"}}
{"_local_timestamp": "2026-01-25T23:41:38.917562+00:00", "data": {"market": "0x11877dd29d97e6316e4951e37466edddbfc9416a05c055446be414f8babea69e", "price_changes": [{"asset_id": "46885566294124826915097318668162582361714652984225697453542182180580410998826", "price": "0.11", "size": "17.46", "side": "BUY", "hash": "722493f856aca46efecc97cad5a2ac35809d71e2", "best_bid": "0.16", "best_ask": "0.84"}, {"asset_id": "73939132819277046206712206910713834709633415219744373226035389123300871950919", "price": "0.89", "size": "17.46", "side": "SELL", "hash": "9fdc5a787531c771a16c639f5453c224b147e397", "best_bid": "0.16", "best_ask": "0.84"}], "timestamp": "1769384498852", "event_type": "price_change"}}
{"_local_timestamp": "2026-01-25T23:42:24.901229+00:00", "data": {"market": "0x11877dd29d97e6316e4951e37466edddbfc9416a05c055446be414f8babea69e", "price_changes": [{"asset_id": "46885566294124826915097318668162582361714652984225697453542182180580410998826", "price": "0.11", "size": "6.06", "side": "BUY", "hash": "a3d739118b7df96277834a2172ee0689e08e396f", "best_bid": "0.16", "best_ask": "0.84"}, {"asset_id": "73939132819277046206712206910713834709633415219744373226035389123300871950919", "price": "0.89", "size": "6.06", "side": "SELL", "hash": "1617d6286da245c67706b735cf2102b1f89ec06a", "best_bid": "0.16", "best_ask": "0.84"}], "timestamp": "1769384544571", "event_type": "price_change"}}
{"_local_timestamp": "2026-01-25T23:42:25.011826+00:00", "data": {"market": "0x11877dd29d97e6316e4951e37466edddbfc9416a05c055446be414f8babea69e", "price_changes": [{"asset_id": "46885566294124826915097318668162582361714652984225697453542182180580410998826", "price": "0.12", "size": "10.45", "side": "BUY", "hash": "ca3b444aee507a22508426de871a0b6019db4322", "best_bid": "0.16", "best_ask": "0.84"}, {"asset_id": "73939132819277046206712206910713834709633415219744373226035389123300871950919", "price": "0.88", "size": "10.45", "side": "SELL", "hash": "44c0192ac4bffe526a604928a3197d13bfe239a5", "best_bid": "0.16", "best_ask": "0.84"}], "timestamp": "1769384544793", "event_type": "price_change"}}
