{"_local_timestamp": "2026-01-25T23:40:47.852474+00:00", "data": [{"market": "0xec0d1cc743a0318f9e96117ba5d6c93832d9cbc0da271b980ac60e2ec437d5a0", "asset_id": "74716096737884340612480455631765116768170035339375962840375690705977105659824", "timestamp": "1769382975182", "hash": "dd1900f39fe81ca41fed8ea3e95c6bc43ae585f5", "bids": [{"price": "0.01", "size": "555.04"}, {"price": "0.02", "size": "1150"}, {"price": "0.03", "size": "100"}, {"price": "0.04", "size": "6.84"}, {"price": "0.05", "size": "700"}, {"price": "0.1", "size": "30100"}, {"price": "0.11", "size": "455.23"}, {"price": "0.14", "size": "50"}, {"price": "0.28", "size": "300"}, {"price": "0.32", "size": "200"}, {"price": "0.34", "size": "125"}, {"price": "0.37", "size": "75"}, {"price": "0.43", "size": "30.23"}, {"price": "0.44", "size": "25"}, {"price": "0.48", "size": "1000"}, {"price": "0.49", "size": "500"}, {"price": "0.5", "size": "20"}, {"price": "0.52", "size": "64.52"}, {"price": "0.53", "size": "50"}], "asks": [{"price": "0.99", "size": "545.27"}, {"price": "0.98", "size": "1159.91"}, {"price": "0.97", "size": "100"}, {"price": "0.95", "size": "700"}, {"price": "0.94", "size": "12.48"}, {"price": "0.9", "size": "30100"}, {"price": "0.89", "size": "450"}, {"price": "0.79", "size": "300"}, {"price": "0.76", "size": "200"}, {"price": "0.74", "size": "125"}, {"price": "0.72", "size": "75"}, {"price": "0.71", "size": "44.82"}, {"price": "0.7", "size": "36.66"}, {"price": "0.62", "size": "1000"}, {"price": "0.61", "size": "500"}, {"price": "0.59", "size": "64.52"}], "event_type": "book", "last_trade_price": ""}, {"market": "0xec0d1cc743a0318f9e96117ba5d6c93832d9cbc0da271b980ac60e2ec437d5a0", "asset_id": "66061983592563504884394321381638482898868702799521645660960559421467366400136", "timestamp": "1769382975182", "hash": "4a41f99b13d8f666998f26848a603e12a448941b", "bids": [{"price": "0.01", "size": "545.27"}, {"price": "0.02", "size": "1159.91"}, {"price": "0.03", "size": "100"}, {"price": "0.05", "size": "700"}, {"price": "0.06", "size": "12.48"}, {"price": "0.1", "size": "30100"}, {"price": "0.11", "size": "450"}, {"price": "0.21", "size": "300"}, {"price": "0.24", "size": "200"}, {"price": "0.26", "size": "125"}, {"price": "0.28", "size": "75"}, {"price": "0.29", "size": "44.82"}, {"price": "0.3", "size": "36.66"}, {"price": "0.38", "size": "1000"}, {"price": "0.39", "size": "500"}, {"price": "0.41", "size": "64.52"}], "asks": [{"price": "0.99", "size": "555.04"}, {"price": "0.98", "size": "1150"}, {"price": "0.97", "size": "100"}, {"price": "0.96", "size": "6.84"}, {"price": "0.95", "size": "700"}, {"price": "0.9", "size": "30100"}, {"price": "0.89", "size": "455.23"}, {"price": "0.86", "size": "50"}, {"price": "0.72", "size": "300"}, {"price": "0.68", "size": "200"}, {"price": "0.66", "size": "125"}, {"price": "0.63", "size": "75"}, {"price": "0.57", "size": "30.23"}, {"price": "0.56", "size": "25"}, {"price": "0.52", "size": "1000"}, {"price": "0.51", "size": "500"}, {"price": "0.5", "size": "20"}, {"price": "0.48", "size": "64.52"}, {"price": "0.47", "size": "50"}], "event_type": "book", "last_trade_price": ""}]}
{"_local_timestamp": "2026-01-25T23:41:16.112241+00:00", "data": {"market": "0xec0d1cc743a0318f9e96117ba5d6c93832d9cbc0da271b980ac60e2ec437d5a0", "price_changes": [{"asset_id": "66061983592563504884394321381638482898868702799521645660960559421467366400136", "price": "0.02", "size": "1009.91", "side": "BUY", "hash": "8ca42efa5cacc7193d3a98d3f225a87055059f64", "best_bid": "0.41", "best_ask": "0.47"}, {"asset_id": "74716096737884340612480455631765116768170035339375962840375690705977105659824", "price": "0.98", "size": "1009.91", "side": "SELL", "hash": "247069e644f0eef31da3e4f68c56c109f842f306", "best_bid": "0.53", "best_ask": "0.59"}], "timestamp": "1769384476000", "event_type": "price_change"}}
{"_local_timestamp": "2026-01-25T23:41:16.121783+00:00", "data": {"market": "0xec0d1cc743a0318f9e96117ba5d6c93832d9cbc0da271b980ac60e2ec437d5a0", "price_changes": [{"asset_id": "74716096737884340612480455631765116768170035339375962840375690705977105659824", "price": "0.02", "size": "1000", "side": "BUY", "hash": "038271808b2e7b0ba4b56489579c3f89edead289", "best_bid": "0.53", "best_ask": "0.59"}, {"asset_id": "66061983592563504884394321381638482898868702799521645660960559421467366400136", "price": "0.98", "size": "1000", "side": "SELL", "hash": "50cf2b1c65e0a4a3623bc30f3a7bae08db63ef89", "best_bid": "0.41", "best_ask": "0.47"}], "timestamp": "1769384476001", "event_type": "price_change"}}
{"_local_timestamp": "2026-01-25T23:41:21.780377+00:00", "data": {"market": "0xec0d1cc743a0318f9e96117ba5d6c93832d9cbc0da271b980ac60e2ec437d5a0", "price_changes": [{"asset_id": "66061983592563504884394321381638482898868702799521645660960559421467366400136", "price": "0.02", "size": "1159.91", "side": "BUY", "hash": "706a2388ecf70070f76bcd11510433ebda3174c5", "best_bid": "0.41", "best_ask": "0.47"}, {"asset_id": "74716096737884340612480455631765116768170035339375962840375690705977105659824", "price": "0.98", "size": "1159.91", "side": "SELL", "hash": "c2c74e2b171c790b084a9241476e85ba349e044a", "best_bid": "0.53", "best_ask": "0.59"}], "timestamp": "1769384481661", "event_type": "price_change"}}
{"_local_timestamp": "2026-01-25T23:41:21.784011+00:00", "data": {"market": "0xec0d1cc743a0318f9e96117ba5d6c93832d9cbc0da271b980ac60e2ec437d5a0", "price_changes": [{"asset_id": "74716096737884340612480455631765116768170035339375962840375690705977105659824", "price": "0.02", "size": "1150", "side": "BUY", "hash": "dfab14d2d58c1621256a739432c6782e37e928e6", "best_bid": "0.53", "best_ask": "0.59"}, {"asset_id": "66061983592563504884394321381638482898868702799521645660960559421467366400136", "price": "0.98", "size": "1150", "side": "SELL", "hash": "f9a8b2f5078a30e0d18461178265887e38035589", "best_bid": "0.41", "best_ask": "0.47"}], "timestamp": "1769384481663", "event_type": "price_change"}}
