{"_local_timestamp": "2026-01-25T23:40:44.973948+00:00", "data": [{"market": "0xbde2403b9b99ad0e1b43dd38ec1b8caf8ca544009f2d009ed49b45b30bc678db", "asset_id": "1259859893886860282466579415441484590540567376664081972995158095970809462972", "timestamp": "1769384443577", "hash": "61bcf99f0b079f8af48e1b84dc692f4179d32bae", "bids": [{"price": "0.01", "size": "2424.25"}], "asks": [{"price": "0.99", "size": "3636.59"}, {"price": "0.98", "size": "400"}, {"price": "0.97", "size": "2161"}, {"price": "0.96", "size": "156.25"}, {"price": "0.95", "size": "350"}, {"price": "0.94", "size": "150"}, {"price": "0.93", "size": "150"}, {"price": "0.92", "size": "100"}, {"price": "0.91", "size": "150"}, {"price": "0.86", "size": "50"}, {"price": "0.84", "size": "625"}, {"price": "0.83", "size": "2758"}, {"price": "0.75", "size": "200"}, {"price": "0.73", "size": "200"}, {"price": "0.71", "size": "25"}, {"price": "0.69", "size": "5"}, {"price": "0.66", "size": "250"}, {"price": "0.63", "size": "205"}, {"price": "0.47", "size": "100"}, {"price": "0.4", "size": "150"}, {"price": "0.37", "size": "139.99"}, {"price": "0.24", "size": "50"}, {"price": "0.21", "size": "26"}, {"price": "0.2", "size": "5"}, {"price": "0.18", "size": "5.55"}, {"price": "0.17", "size": "105"}, {"price": "0.12", "size": "328"}, {"price": "0.11", "size": "123"}, {"price": "0.1", "size": "141.49"}, {"price": "0.06", "size": "381.38"}, {"price": "0.05", "size": "1152.47"}, {"price": "0.04", "size": "128.57"}, {"price": "0.03", "size": "6009.95"}, {"price": "0.02", "size": "4565.46"}], "event_type": "book", "last_trade_price": "0.980"}, {"market": "0xd5c51bb818c662efc2c284104e13898fe7fefd80cf491b910addd7ac234ed435", "asset_id": "46884253392173402465701401820876631654969031310836096822983048728973810177680", "timestamp": "1769384444834", "hash": "7b9e2413436942ad22c9c3d1639cdebbb14af852", "bids": [{"price": "0.01", "size": "675.24"}, {"price": "0.02", "size": "5.09"}, {"price": "0.04", "size": "2521.06"}, {"price": "0.08", "size": "50"}, {"price": "0.09", "size": "2758"}, {"price": "0.25", "size": "150"}, {"price": "0.26", "size": "200"}], "asks": [{"price": "0.99", "size": "3149.92"}, {"price": "0.97", "size": "5.3"}, {"price": "0.9", "size": "7.39"}, {"price": "0.89", "size": "909"}, {"price": "0.88", "size": "399.64"}, {"price": "0.87", "size": "50"}, {"price": "0.69", "size": "5"}, {"price": "0.65", "size": "280.04"}, {"price": "0.64", "size": "180.04"}, {"price": "0.46", "size": "150"}, {"price": "0.45", "size": "50"}], "event_type": "book", "last_trade_price": "0.540"}, {"market": "0xd5c51bb818c662efc2c284104e13898fe7fefd80cf491b910addd7ac234ed435", "asset_id": "68541254571126034231099418945482557982712076075406131276451082132895559576583", "timestamp": "1769384444834", "hash": "0d92e016d4dd562668f4b60764b460fbd3dc7050", "bids": [{"price": "0.01", "size": "3149.92"}, {"price": "0.03", "size": "5.3"}, {"price": "0.1", "size": "7.39"}, {"price": "0.11", "size": "909"}, {"price": "0.12", "size": "399.64"}, {"price": "0.13", "size": "50"}, {"price": "0.31", "size": "5"}, {"price": "0.35", "size": "280.04"}, {"price": "0.36", "size": "180.04"}, {"price": "0.54", "size": "150"}, {"price": "0.55", "size": "50"}], "asks": [{"price": "0.99", "size": "675.24"}, {"price": "0.98", "size": "5.09"}, {"price": "0.96", "size": "2521.06"}, {"price": "0.92", "size": "50"}, {"price": "0.91", "size": "2758"}, {"price": "0.75", "size": "150"}, {"price": "0.74", "size": "200"}], "event_type": "book", "last_trade_price": "0.540"}, {"market": "0xf64c965eaf8df4c86c6a68890775d9bec89883d6cc92819bcc43c6ed1345fc17", "asset_id": "109934929397912042129507355506311386527106251108747253379544246512909258587653", "timestamp": "1769384441621", "hash": "74154172ac1c2a7e151a66a517d56694d1fc7a0f", "bids": [{"price": "0.001", "size": "5.47"}], "asks": [{"price": "0.999", "size": "153.97"}, {"price": "0.998", "size": "13.24"}, {"price": "0.99", "size": "15"}, {"price": "0.989", "size": "8.95"}, {"price": "0.929", "size": "10.56"}, {"price": "0.92", "size": "3992"}, {"price": "0.65", "size": "50"}, {"price": "0.21", "size": "100"}, {"price": "0.05", "size": "39.46"}, {"price": "0.04", "size": "14.12"}, {"price": "0.039", "size": "1150"}, {"price": "0.03", "size": "100"}], "event_type": "book", "last_trade_price": "0.961"}, {"market": "0xf64c965eaf8df4c86c6a68890775d9bec89883d6cc92819bcc43c6ed1345fc17", "asset_id": "25838985531608774164943587290460733187750633014676611095243918492654698265049", "timestamp": "1769384441621", "hash": "8825724d9edc03585ba5d91f19fd5bccf40c8134", "bids": [{"price": "0.001", "size": "153.97"}, {"price": "0.002", "size": "13.24"}, {"price": "0.01", "size": "15"}, {"price": "0.011", "size": "8.95"}, {"price": "0.071", "size": "10.56"}, {"price": "0.08", "size": "3992"}, {"price": "0.35", "size": "50"}, {"price": "0.79", "size": "100"}, {"price": "0.95", "size": "39.46"}, {"price": "0.96", "size": "14.12"}, {"price": "0.961", "size": "1150"}, {"price": "0.97", "size": "100"}], "asks": [{"price": "0.999", "size": "5.47"}], "event_type": "book", "last_trade_price": "0.961"}, {"market": "0xbde2403b9b99ad0e1b43dd38ec1b8caf8ca544009f2d009ed49b45b30bc678db", "asset_id": "71737079048815723210717480126437824449167459094801182110745259181522805432867", "timestamp": "1769384443577", "hash": "c38b60c78d3ca375a8ecb7e7b7a4ae6200132889", "bids": [{"price": "0.01", "size": "3636.59"}, {"price": "0.02", "size": "400"}, {"price": "0.03", "size": "2161"}, {"price": "0.04", "size": "156.25"}, {"price": "0.05", "size": "350"}, {"price": "0.06", "size": "150"}, {"price": "0.07", "size": "150"}, {"price": "0.08", "size": "100"}, {"price": "0.09", "size": "150"}, {"price": "0.14", "size": "50"}, {"price": "0.16", "size": "625"}, {"price": "0.17", "size": "2758"}, {"price": "0.25", "size": "200"}, {"price": "0.27", "size": "200"}, {"price": "0.29", "size": "25"}, {"price": "0.31", "size": "5"}, {"price": "0.34", "size": "250"}, {"price": "0.37", "size": "205"}, {"price": "0.53", "size": "100"}, {"price": "0.6", "size": "150"}, {"price": "0.63", "size": "139.99"}, {"price": "0.76", "size": "50"}, {"price": "0.79", "size": "26"}, {"price": "0.8", "size": "5"}, {"price": "0.82", "size": "5.55"}, {"price": "0.83", "size": "105"}, {"price": "0.88", "size": "328"}, {"price": "0.89", "size": "123"}, {"price": "0.9", "size": "141.49"}, {"price": "0.94", "size": "381.38"}, {"price": "0.95", "size": "1152.47"}, {"price": "0.96", "size": "128.57"}, {"price": "0.97", "size": "6009.95"}, {"price": "0.98", "size": "4565.46"}], "asks": [{"price": "0.99", "size": "2424.25"}], "event_type": "book", "last_trade_price": "0.980"}]}
{"_local_timestamp": "2026-01-25T23:40:45.040131+00:00", "data": {"market": "0xd5c51bb818c662efc2c284104e13898fe7fefd80cf491b910addd7ac234ed435", "price_changes": [{"asset_id": "68541254571126034231099418945482557982712076075406131276451082132895559576583", "price": "0.74", "size": "50", "side": "SELL", "hash": "1366aad1706d05a8955b16a079a8915a674cfa47", "best_bid": "0.55", "best_ask": "0.74"}, {"asset_id": "46884253392173402465701401820876631654969031310836096822983048728973810177680", "price": "0.26", "size": "50", "side": "BUY", "hash": "e2a8896aef8141cf34efa3af993324465adca424", "best_bid": "0.26", "best_ask": "0.45"}], "timestamp": "1769384444976", "event_type": "price_change"}}
{"_local_timestamp": "2026-01-25T23:40:45.055888+00:00", "data": {"market": "0xd5c51bb818c662efc2c284104e13898fe7fefd80cf491b910addd7ac234ed435", "price_changes": [{"asset_id": "68541254571126034231099418945482557982712076075406131276451082132895559576583", "price": "0.73", "size": "150", "side": "SELL", "hash": "4f69725e91a3f5a0ecf7b9fee4687c25c8a89a9a", "best_bid": "0.55", "best_ask": "0.73"}, {"asset_id": "46884253392173402465701401820876631654969031310836096822983048728973810177680", "price": "0.27", "size": "150", "side": "BUY", "hash": "ddea15949f0c7bcb5c9aa59fb59ad60bec8bbe13", "best_bid": "0.27", "best_ask": "0.45"}], "timestamp": "1769384444989", "event_type": "price_change"}}
{"_local_timestamp": "2026-01-25T23:40:45.187936+00:00", "data": {"market": "0xd5c51bb818c662efc2c284104e13898fe7fefd80cf491b910addd7ac234ed435", "price_changes": [{"asset_id": "68541254571126034231099418945482557982712076075406131276451082132895559576583", "price": "0.73", "size": "0", "side": "SELL", "hash": "da1f80f5ec1d67ad255c2507d487d9e7867915ff", "best_bid": "0.55", "best_ask": "0.74"}, {"asset_id": "46884253392173402465701401820876631654969031310836096822983048728973810177680", "price": "0.27", "size": "0", "side": "BUY", "hash": "abb3ec3c7bcc338723f410c91488fc82f41c7289", "best_bid": "0.26", "best_ask": "0.45"}], "timestamp": "1769384445123", "event_type": "price_change"}}
{"_local_timestamp": "2026-01-25T23:40:45.217188+00:00", "data": {"market": "0xd5c51bb818c662efc2c284104e13898fe7fefd80cf491b910addd7ac234ed435", "price_changes": [{"asset_id": "68541254571126034231099418945482557982712076075406131276451082132895559576583", "price": "0.75", "size": "300", "side": "SELL", "hash": "a728eaed4f36d8dc823f158bc224931b380ae50e", "best_bid": "0.55", "best_ask": "0.74"}, {"asset_id": "46884253392173402465701401820876631654969031310836096822983048728973810177680", "price": "0.25", "size": "300", "side": "BUY", "hash": "d6ed67f564d17d68349b8f32e4d009f4826aa692", "best_bid": "0.26", "best_ask": "0.45"}], "timestamp": "1769384445145", "event_type": "price_change"}}
{"_local_timestamp": "2026-01-25T23:40:45.217629+00:00", "data": {"market": "0xd5c51bb818c662efc2c284104e13898fe7fefd80cf491b910addd7ac234ed435", "price_changes": [{"asset_id": "68541254571126034231099418945482557982712076075406131276451082132895559576583", "price": "0.12", "size": "0", "side": "BUY", "hash": "ff1b6fff3f4a5a7ebeb5c729e5eb195a271c0bb9", "best_bid": "0.55", "best_ask": "0.74"}, {"asset_id": "46884253392173402465701401820876631654969031310836096822983048728973810177680", "price": "0.88", "size": "0", "side": "SELL", "hash": "2e99a55e436973623f3a5b00aeb20c8eaa57f40d", "best_bid": "0.26", "best_ask": "0.45"}], "timestamp": "1769384445152", "event_type": "price_change"}}
{"_local_timestamp": "2026-01-25T23:40:45.217981+00:00", "data": {"market": "0xd5c51bb818c662efc2c284104e13898fe7fefd80cf491b910addd7ac234ed435", "price_changes": [{"asset_id": "68541254571126034231099418945482557982712076075406131276451082132895559576583", "price": "0.01", "size": "150.2", "side": "BUY", "hash": "ff1b6fff3f4a5a7ebeb5c729e5eb195a271c0bb9", "best_bid": "0.55", "best_ask": "0.74"}, {"asset_id": "46884253392173402465701401820876631654969031310836096822983048728973810177680", "price": "0.99", "size": "150.2", "side": "SELL", "hash": "2e99a55e436973623f3a5b00aeb20c8eaa57f40d", "best_bid": "0.26", "best_ask": "0.45"}], "timestamp": "1769384445152", "event_type": "price_change"}}
{"_local_timestamp": "2026-01-25T23:40:45.218277+00:00", "data": {"market": "0xd5c51bb818c662efc2c284104e13898fe7fefd80cf491b910addd7ac234ed435", "price_changes": [{"asset_id": "68541254571126034231099418945482557982712076075406131276451082132895559576583", "price": "0.36", "size": "0", "side": "BUY", "hash": "ff1b6fff3f4a5a7ebeb5c729e5eb195a271c0bb9", "best_bid": "0.55", "best_ask": "0.74"}, {"asset_id": "46884253392173402465701401820876631654969031310836096822983048728973810177680", "price": "0.64", "size": "0", "side": "SELL", "hash": "2e99a55e436973623f3a5b00aeb20c8eaa57f40d", "best_bid": "0.26", "best_ask": "0.45"}], "timestamp": "1769384445152", "event_type": "price_change"}}
{"_local_timestamp": "2026-01-25T23:40:45.218620+00:00", "data": {"market": "0xd5c51bb818c662efc2c284104e13898fe7fefd80cf491b910addd7ac234ed435", "price_changes": [{"asset_id": "68541254571126034231099418945482557982712076075406131276451082132895559576583", "price": "0.35", "size": "100", "side": "BUY", "hash": "ff1b6fff3f4a5a7ebeb5c729e5eb195a271c0bb9", "best_bid": "0.55", "best_ask": "0.74"}, {"asset_id": "46884253392173402465701401820876631654969031310836096822983048728973810177680", "price": "0.65", "size": "100", "side": "SELL", "hash": "2e99a55e436973623f3a5b00aeb20c8eaa57f40d", "best_bid": "0.26", "best_ask": "0.45"}], "timestamp": "1769384445152", "event_type": "price_change"}}
{"_local_timestamp": "2026-01-25T23:40:45.333703+00:00", "data": {"market": "0xd5c51bb818c662efc2c284104e13898fe7fefd80cf491b910addd7ac234ed435", "price_changes": [{"asset_id": "46884253392173402465701401820876631654969031310836096822983048728973810177680", "price": "0.1", "size": "50", "side": "BUY", "hash": "5479f837113b61b5b5ac7371a6d3b4fea767654f", "best_bid": "0.26", "best_ask": "0.45"}, {"asset_id": "68541254571126034231099418945482557982712076075406131276451082132895559576583", "price": "0.9", "size": "50", "side": "SELL", "hash": "e009537c3cf320df6abbbc9269fe68dec903fa5f", "best_bid": "0.55", "best_ask": "0.74"}], "timestamp": "1769384445267", "event_type": "price_change"}}
{"_local_timestamp": "2026-01-25T23:40:45.334828+00:00", "data": {"market": "0xd5c51bb818c662efc2c284104e13898fe7fefd80cf491b910addd7ac234ed435", "price_changes": [{"asset_id": "68541254571126034231099418945482557982712076075406131276451082132895559576583", "price": "0.31", "size": "55", "side": "BUY", "hash": "c5923520520a164a9d517a3be329c5cdac07226a", "best_bid": "0.55", "best_ask": "0.74"}, {"asset_id": "46884253392173402465701401820876631654969031310836096822983048728973810177680", "price": "0.69", "size": "55", "side": "SELL", "hash": "5525888e11bc4ea29629e72a39484e0630693922", "best_bid": "0.26", "best_ask": "0.45"}], "timestamp": "1769384445267", "event_type": "price_change"}}
{"_local_timestamp": "2026-01-25T23:40:45.335474+00:00", "data": {"market": "0xd5c51bb818c662efc2c284104e13898fe7fefd80cf491b910addd7ac234ed435", "price_changes": [{"asset_id": "68541254571126034231099418945482557982712076075406131276451082132895559576583", "price": "0.54", "size": "200", "side": "BUY", "hash": "5360dcafca27344546dd1d133927caae7c6cd11c", "best_bid": "0.55", "best_ask": "0.74"}, {"asset_id": "46884253392173402465701401820876631654969031310836096822983048728973810177680", "price": "0.46", "size": "200", "side": "SELL", "hash": "31d7ff85a840bc8c78c1f8632cee96f4473edd10", "best_bid": "0.26", "best_ask": "0.45"}], "timestamp": "1769384445268", "event_type": "price_change"}}
{"_local_timestamp": "2026-01-25T23:40:45.335814+00:00", "data": {"market": "0xd5c51bb818c662efc2c284104e13898fe7fefd80cf491b910addd7ac234ed435", "price_changes": [{"asset_id": "46884253392173402465701401820876631654969031310836096822983048728973810177680", "price": "0.02", "size": "55.09", "side": "BUY", "hash": "e594972eac379db79a1786ea49f4283c8fb78855", "best_bid": "0.26", "best_ask": "0.45"}, {"asset_id": "68541254571126034231099418945482557982712076075406131276451082132895559576583", "price": "0.98", "size": "55.09", "side": "SELL", "hash": "487655ce34ea122ba103036b8e506c5d7c025958", "best_bid": "0.55", "best_ask": "0.74"}], "timestamp": "1769384445268", "event_type": "price_change"}}
{"_local_timestamp": "2026-01-25T23:40:45.336172+00:00", "data": {"market": "0xd5c51bb818c662efc2c284104e13898fe7fefd80cf491b910addd7ac234ed435", "price_changes": [{"asset_id": "46884253392173402465701401820876631654969031310836096822983048728973810177680", "price": "0.05", "size": "50", "side": "BUY", "hash": "c61dd3c5b1bf30c289efbe568d705e6afc72aa1e", "best_bid": "0.26", "best_ask": "0.45"}, {"asset_id": "68541254571126034231099418945482557982712076075406131276451082132895559576583", "price": "0.95", "size": "50", "side": "SELL", "hash": "2a366d8ac550033f900cda4c363f5b41dd6e70df", "best_bid": "0.55", "best_ask": "0.74"}], "timestamp": "1769384445269", "event_type": "price_change"}}
{"_local_timestamp": "2026-01-25T23:40:45.337009+00:00", "data": {"market": "0xd5c51bb818c662efc2c284104e13898fe7fefd80cf491b910addd7ac234ed435", "price_changes": [{"asset_id": "68541254571126034231099418945482557982712076075406131276451082132895559576583", "price": "0.55", "size": "0", "side": "BUY", "hash": "f38099a4c835e4b084126d2ed3ac44f185864dcf", "best_bid": "0.54", "best_ask": "0.74"}, {"asset_id": "46884253392173402465701401820876631654969031310836096822983048728973810177680", "price": "0.45", "size": "0", "side": "SELL", "hash": "fa517bcc493841fe1e2f7e41a43637e6dc4865a5", "best_bid": "0.26", "best_ask": "0.46"}], "timestamp": "1769384445270", "event_type": "price_change"}}
{"_local_timestamp": "2026-01-25T23:40:45.338146+00:00", "data": {"market": "0xd5c51bb818c662efc2c284104e13898fe7fefd80cf491b910addd7ac234ed435", "price_changes": [{"asset_id": "68541254571126034231099418945482557982712076075406131276451082132895559576583", "price": "0.13", "size": "0", "side": "BUY", "hash": "f38099a4c835e4b084126d2ed3ac44f185864dcf", "best_bid": "0.54", "best_ask": "0.74"}, {"asset_id": "46884253392173402465701401820876631654969031310836096822983048728973810177680", "price": "0.87", "size": "0", "side": "SELL", "hash": "fa517bcc493841fe1e2f7e41a43637e6dc4865a5", "best_bid": "0.26", "best_ask": "0.46"}], "timestamp": "1769384445270", "event_type": "price_change"}}
{"_local_timestamp": "2026-01-25T23:40:45.338559+00:00", "data": {"market": "0xd5c51bb818c662efc2c284104e13898fe7fefd80cf491b910addd7ac234ed435", "price_changes": [{"asset_id": "46884253392173402465701401820876631654969031310836096822983048728973810177680", "price": "0.08", "size": "0", "side": "BUY", "hash": "0b5ae8a033b0c3523efdd391a40ac6f9fb5bdee0", "best_bid": "0.26", "best_ask": "0.46"}, {"asset_id": "68541254571126034231099418945482557982712076075406131276451082132895559576583", "price": "0.92", "size": "0", "side": "SELL", "hash": "871f64ab70a443b07f1e76405413c13908929cb0", "best_bid": "0.54", "best_ask": "0.74"}], "timestamp": "1769384445270", "event_type": "price_change"}}
{"_local_timestamp": "2026-01-25T23:40:45.348853+00:00", "data": {"market": "0xd5c51bb818c662efc2c284104e13898fe7fefd80cf491b910addd7ac234ed435", "price_changes": [{"asset_id": "68541254571126034231099418945482557982712076075406131276451082132895559576583", "price": "0.74", "size": "200", "side": "SELL", "hash": "1e63d877868f5542ffd4128ab55edcc695ba9420", "best_bid": "0.54", "best_ask": "0.74"}, {"asset_id": "46884253392173402465701401820876631654969031310836096822983048728973810177680", "price": "0.26", "size": "200", "side": "BUY", "hash": "ce9208815857b328ffc4f930b683f11e65a3fd43", "best_bid": "0.26", "best_ask": "0.46"}], "timestamp": "1769384445282", "event_type": "price_change"}}
{"_local_timestamp": "2026-01-25T23:40:45.361217+00:00", "data": {"market": "0xd5c51bb818c662efc2c284104e13898fe7fefd80cf491b910addd7ac234ed435", "price_changes": [{"asset_id": "68541254571126034231099418945482557982712076075406131276451082132895559576583", "price": "0.75", "size": "150", "side": "SELL", "hash": "d24d76c6aa6766b238635c8b51eb468c650b5eec", "best_bid": "0.54", "best_ask": "0.74"}, {"asset_id": "46884253392173402465701401820876631654969031310836096822983048728973810177680", "price": "0.25", "size": "150", "side": "BUY", "hash": "97317054865e6257128563a428dba76921300349", "best_bid": "0.26", "best_ask": "0.46"}], "timestamp": "1769384445289", "event_type": "price_change"}}
{"_local_timestamp": "2026-01-25T23:40:45.373238+00:00", "data": {"market": "0xd5c51bb818c662efc2c284104e13898fe7fefd80cf491b910addd7ac234ed435", "price_changes": [{"asset_id": "68541254571126034231099418945482557982712076075406131276451082132895559576583", "price": "0.12", "size": "50", "side": "BUY", "hash": "84656c7a88a17de15cc9c73bd6fc4017f6d57d1e", "best_bid": "0.54", "best_ask": "0.74"}, {"asset_id": "46884253392173402465701401820876631654969031310836096822983048728973810177680", "price": "0.88", "size": "50", "side": "SELL", "hash": "9a8f4157c8c115230a30af596b6bcb9a7cff8d8e", "best_bid": "0.26", "best_ask": "0.46"}], "timestamp": "1769384445307", "event_type": "price_change"}}
{"_local_timestamp": "2026-01-25T23:40:45.373751+00:00", "data": {"market": "0xd5c51bb818c662efc2c284104e13898fe7fefd80cf491b910addd7ac234ed435", "price_changes": [{"asset_id": "68541254571126034231099418945482557982712076075406131276451082132895559576583", "price": "0.1", "size": "57.39", "side": "BUY", "hash": "fbd5bfdb8e10c888c4afc50d5ee69ab084373212", "best_bid": "0.54", "best_ask": "0.74"}, {"asset_id": "46884253392173402465701401820876631654969031310836096822983048728973810177680", "price": "0.9", "size": "57.39", "side": "SELL", "hash": "2aafef9d460326e94050c6524ed334536bd273c6", "best_bid": "0.26", "best_ask": "0.46"}], "timestamp": "1769384445307", "event_type": "price_change"}}
{"_local_timestamp": "2026-01-25T23:40:45.467787+00:00", "data": {"market": "0xd5c51bb818c662efc2c284104e13898fe7fefd80cf491b910addd7ac234ed435", "price_changes": [{"asset_id": "68541254571126034231099418945482557982712076075406131276451082132895559576583", "price": "0.54", "size": "50", "side": "BUY", "hash": "0eb94fb8cf80200d44e1803c51478b2e908c8e06", "best_bid": "0.54", "best_ask": "0.74"}, {"asset_id": "46884253392173402465701401820876631654969031310836096822983048728973810177680", "price": "0.46", "size": "50", "side": "SELL", "hash": "decaa57e86d4e0704ec5548fe43ff5065ecfd2c7", "best_bid": "0.26", "best_ask": "0.46"}], "timestamp": "1769384445401", "event_type": "price_change"}}
{"_local_timestamp": "2026-01-25T23:40:45.469041+00:00", "data": {"market": "0xd5c51bb818c662efc2c284104e13898fe7fefd80cf491b910addd7ac234ed435", "price_changes": [{"asset_id": "68541254571126034231099418945482557982712076075406131276451082132895559576583", "price": "0.55", "size": "150", "side": "BUY", "hash": "29596e4569e304f9f4047228c4e970e6e6075a92", "best_bid": "0.55", "best_ask": "0.74"}, {"asset_id": "46884253392173402465701401820876631654969031310836096822983048728973810177680", "price": "0.45", "size": "150", "side": "SELL", "hash": "83afafab3e74fbccd01193eb5479f202fa94b72b", "best_bid": "0.26", "best_ask": "0.45"}], "timestamp": "1769384445402", "event_type": "price_change"}}
{"_local_timestamp": "2026-01-25T23:40:45.476648+00:00", "data": {"market": "0xd5c51bb818c662efc2c284104e13898fe7fefd80cf491b910addd7ac234ed435", "price_changes": [{"asset_id": "68541254571126034231099418945482557982712076075406131276451082132895559576583", "price": "0.74", "size": "50", "side": "SELL", "hash": "cbb33d1cd37488ade33a557974d54949893dbd97", "best_bid": "0.55", "best_ask": "0.74"}, {"asset_id": "46884253392173402465701401820876631654969031310836096822983048728973810177680", "price": "0.26", "size": "50", "side": "BUY", "hash": "af18a39ecc00c3a02eb147f8fe9dccbf58ef7ebd", "best_bid": "0.26", "best_ask": "0.45"}], "timestamp": "1769384445408", "event_type": "price_change"}}
{"_local_timestamp": "2026-01-25T23:40:45.487939+00:00", "data": {"market": "0xd5c51bb818c662efc2c284104e13898fe7fefd80cf491b910addd7ac234ed435", "price_changes": [{"asset_id": "68541254571126034231099418945482557982712076075406131276451082132895559576583", "price": "0.73", "size": "150", "side": "SELL", "hash": "a552643d08a4d64207d8cb3fceb9026ea372e797", "best_bid": "0.55", "best_ask": "0.73"}, {"asset_id": "46884253392173402465701401820876631654969031310836096822983048728973810177680", "price": "0.27", "size": "150", "side": "BUY", "hash": "2f6bcad578b8318332638b0d67e132fdca3feb15", "best_bid": "0.27", "best_ask": "0.45"}], "timestamp": "1769384445420", "event_type": "price_change"}}
{"_local_timestamp": "2026-01-25T23:40:45.492848+00:00", "data": {"market": "0xd5c51bb818c662efc2c284104e13898fe7fefd80cf491b910addd7ac234ed435", "price_changes": [{"asset_id": "46884253392173402465701401820876631654969031310836096822983048728973810177680", "price": "0.09", "size": "0", "side": "BUY", "hash": "d7a914e9109c0b67d52a2d8673ad97f5af56f44e", "best_bid": "0.27", "best_ask": "0.45"}, {"asset_id": "68541254571126034231099418945482557982712076075406131276451082132895559576583", "price": "0.91", "size": "0", "side": "SELL", "hash": "4c1d587bb8955757ce687469b88a1fdcdf4ba4a4", "best_bid": "0.55", "best_ask": "0.73"}], "timestamp": "1769384445426", "event_type": "price_change"}}
{"_local_timestamp": "2026-01-25T23:40:45.550262+00:00", "data": {"market": "0xbde2403b9b99ad0e1b43dd38ec1b8caf8ca544009f2d009ed49b45b30bc678db", "price_changes": [{"asset_id": "71737079048815723210717480126437824449167459094801182110745259181522805432867", "price": "0.95", "size": "1052.47", "side": "BUY", "hash": "023ba3b0848dabf87c79f1f4e85a06c258a82b64", "best_bid": "0.98", "best_ask": "0.99"}, {"asset_id": "1259859893886860282466579415441484590540567376664081972995158095970809462972", "price": "0.05", "size": "1052.47", "side": "SELL", "hash": "59ad7119b87304ab15b15357c6961b3eb98fe0e7", "best_bid": "0.01", "best_ask": "0.02"}], "timestamp": "1769384445482", "event_type": "price_change"}}
{"_local_timestamp": "2026-01-25T23:40:45.613573+00:00", "data": {"market": "0xd5c51bb818c662efc2c284104e13898fe7fefd80cf491b910addd7ac234ed435", "price_changes": [{"asset_id": "68541254571126034231099418945482557982712076075406131276451082132895559576583", "price": "0.54", "size": "200", "side": "BUY", "hash": "3c8d6ccb1ee6edf29a92613ab099be243b8fb356", "best_bid": "0.55", "best_ask": "0.73"}, {"asset_id": "46884253392173402465701401820876631654969031310836096822983048728973810177680", "price": "0.46", "size": "200", "side": "SELL", "hash": "c57c3acbe9e754298b9760851d1c373e899f8e27", "best_bid": "0.27", "best_ask": "0.45"}], "timestamp": "1769384445533", "event_type": "price_change"}}
{"_local_timestamp": "2026-01-25T23:40:45.614852+00:00", "data": {"market": "0xd5c51bb818c662efc2c284104e13898fe7fefd80cf491b910addd7ac234ed435", "price_changes": [{"asset_id": "68541254571126034231099418945482557982712076075406131276451082132895559576583", "price": "0.55", "size": "0", "side": "BUY", "hash": "90eb671219493dc059aec27b23b343c76475714a", "best_bid": "0.54", "best_ask": "0.73"}, {"asset_id": "46884253392173402465701401820876631654969031310836096822983048728973810177680", "price": "0.45", "size": "0", "side": "SELL", "hash": "4383d6ecacac38d7327543956691144e07adc87c", "best_bid": "0.27", "best_ask": "0.46"}], "timestamp": "1769384445542", "event_type": "price_change"}}
{"_local_timestamp": "2026-01-25T23:40:45.623476+00:00", "data": {"market": "0xd5c51bb818c662efc2c284104e13898fe7fefd80cf491b910addd7ac234ed435", "price_changes": [{"asset_id": "46884253392173402465701401820876631654969031310836096822983048728973810177680", "price": "0.06", "size": "2758", "side": "BUY", "hash": "b6043e7ceb0385fadc07e37a9408502eb5c2aef7", "best_bid": "0.27", "best_ask": "0.46"}, {"asset_id": "68541254571126034231099418945482557982712076075406131276451082132895559576583", "price": "0.94", "size": "2758", "side": "SELL", "hash": "60111f605741f9ad073586230aa0984fd99d7a00", "best_bid": "0.54", "best_ask": "0.73"}], "timestamp": "1769384445551", "event_type": "price_change"}}
{"_local_timestamp": "2026-01-25T23:40:45.648014+00:00", "data": {"market": "0xd5c51bb818c662efc2c284104e13898fe7fefd80cf491b910addd7ac234ed435", "price_changes": [{"asset_id": "68541254571126034231099418945482557982712076075406131276451082132895559576583", "price": "0.73", "size": "0", "side": "SELL", "hash": "f69dcf2943b83d77e5d687549beccc0a63a270df", "best_bid": "0.54", "best_ask": "0.74"}, {"asset_id": "46884253392173402465701401820876631654969031310836096822983048728973810177680", "price": "0.27", "size": "0", "side": "BUY", "hash": "fcea62ead2f6b1a6a5414ad141a88ef429cbb1d8", "best_bid": "0.26", "best_ask": "0.46"}], "timestamp": "1769384445561", "event_type": "price_change"}}
{"_local_timestamp": "2026-01-25T23:40:45.649394+00:00", "data": {"market": "0xd5c51bb818c662efc2c284104e13898fe7fefd80cf491b910addd7ac234ed435", "price_changes": [{"asset_id": "68541254571126034231099418945482557982712076075406131276451082132895559576583", "price": "0.75", "size": "300", "side": "SELL", "hash": "328a65379e765e02ba575bddf6a7c28608c39898", "best_bid": "0.54", "best_ask": "0.74"}, {"asset_id": "46884253392173402465701401820876631654969031310836096822983048728973810177680", "price": "0.25", "size": "300", "side": "BUY", "hash": "c6581c2af95a018fb3b1ab08b2d3dab5bbc0624c", "best_bid": "0.26", "best_ask": "0.46"}], "timestamp": "1769384445564", "event_type": "price_change"}}
{"_local_timestamp": "2026-01-25T23:40:45.736776+00:00", "data": {"market": "0xd5c51bb818c662efc2c284104e13898fe7fefd80cf491b910addd7ac234ed435", "price_changes": [{"asset_id": "68541254571126034231099418945482557982712076075406131276451082132895559576583", "price": "0.54", "size": "50", "side": "BUY", "hash": "ba7a2e45fca80f1dd8e0b6f5405dea3260e00127", "best_bid": "0.54", "best_ask": "0.74"}, {"asset_id": "46884253392173402465701401820876631654969031310836096822983048728973810177680", "price": "0.46", "size": "50", "side": "SELL", "hash": "c91734d610092990bfc3ef2e0d3259b2e045cbaa", "best_bid": "0.26", "best_ask": "0.46"}], "timestamp": "1769384445671", "event_type": "price_change"}}
{"_local_timestamp": "2026-01-25T23:40:45.758461+00:00", "data": {"market": "0xd5c51bb818c662efc2c284104e13898fe7fefd80cf491b910addd7ac234ed435", "price_changes": [{"asset_id": "68541254571126034231099418945482557982712076075406131276451082132895559576583", "price": "0.55", "size": "150", "side": "BUY", "hash": "a606e74bdcc496e28a2b6c296342819003342458", "best_bid": "0.55", "best_ask": "0.74"}, {"asset_id": "46884253392173402465701401820876631654969031310836096822983048728973810177680", "price": "0.45", "size": "150", "side": "SELL", "hash": "b337a788aed943f56c5599cf30e77841a420073d", "best_bid": "0.26", "best_ask": "0.45"}], "timestamp": "1769384445683", "event_type": "price_change"}}
{"_local_timestamp": "2026-01-25T23:40:45.790148+00:00", "data": {"market": "0xd5c51bb818c662efc2c284104e13898fe7fefd80cf491b910addd7ac234ed435", "price_changes": [{"asset_id": "68541254571126034231099418945482557982712076075406131276451082132895559576583", "price": "0.75", "size": "150", "side": "SELL", "hash": "55f3bfc572b2ed39f7e6ae3a9cbdc6990de32e37", "best_bid": "0.55", "best_ask": "0.74"}, {"asset_id": "46884253392173402465701401820876631654969031310836096822983048728973810177680", "price": "0.25", "size": "150", "side": "BUY", "hash": "0c4ec7fe09f808fb4f17300b87c2bbed59ecf4f4", "best_bid": "0.26", "best_ask": "0.45"}], "timestamp": "1769384445719", "event_type": "price_change"}}
{"_local_timestamp": "2026-01-25T23:40:45.790833+00:00", "data": {"market": "0xd5c51bb818c662efc2c284104e13898fe7fefd80cf491b910addd7ac234ed435", "price_changes": [{"asset_id": "68541254571126034231099418945482557982712076075406131276451082132895559576583", "price": "0.74", "size": "200", "side": "SELL", "hash": "acfd689943fa25496c817cde4b2a5b1b40ab112b", "best_bid": "0.55", "best_ask": "0.74"}, {"asset_id": "46884253392173402465701401820876631654969031310836096822983048728973810177680", "price": "0.26", "size": "200", "side": "BUY", "hash": "fac4ea621e1a46f75827f21d667d3170f5ad8536", "best_bid": "0.26", "best_ask": "0.45"}], "timestamp": "1769384445726", "event_type": "price_change"}}
{"_local_timestamp": "2026-01-25T23:40:45.875852+00:00", "data": {"market": "0xd5c51bb818c662efc2c284104e13898fe7fefd80cf491b910addd7ac234ed435", "price_changes": [{"asset_id": "68541254571126034231099418945482557982712076075406131276451082132895559576583", "price": "0.55", "size": "0", "side": "BUY", "hash": "289ff2c65c3603e13597f7e8d7830ca9cc72caa5", "best_bid": "0.54", "best_ask": "0.74"}, {"asset_id": "46884253392173402465701401820876631654969031310836096822983048728973810177680", "price": "0.45", "size": "0", "side": "SELL", "hash": "1f313f0bc7dfe17fdf0cbd1116bc3e0cc1328551", "best_bid": "0.26", "best_ask": "0.46"}], "timestamp": "1769384445806", "event_type": "price_change"}}
{"_local_timestamp": "2026-01-25T23:40:45.882996+00:00", "data": {"market": "0xd5c51bb818c662efc2c284104e13898fe7fefd80cf491b910addd7ac234ed435", "price_changes": [{"asset_id": "68541254571126034231099418945482557982712076075406131276451082132895559576583", "price": "0.54", "size": "200", "side": "BUY", "hash": "b97942844a9e7e505a5f47ecb19cee46d1ee3452", "best_bid": "0.54", "best_ask": "0.74"}, {"asset_id": "46884253392173402465701401820876631654969031310836096822983048728973810177680", "price": "0.46", "size": "200", "side": "SELL", "hash": "27bbd45403b628aaad1f3492797c4bce28e0d11d", "best_bid": "0.26", "best_ask": "0.46"}], "timestamp": "1769384445817", "event_type": "price_change"}}
{"_local_timestamp": "2026-01-25T23:40:45.929908+00:00", "data": {"market": "0xd5c51bb818c662efc2c284104e13898fe7fefd80cf491b910addd7ac234ed435", "price_changes": [{"asset_id": "68541254571126034231099418945482557982712076075406131276451082132895559576583", "price": "0.74", "size": "50", "side": "SELL", "hash": "7007aecae2c95e08f5e27c39fc3ba0d28c2d6b3c", "best_bid": "0.54", "best_ask": "0.74"}, {"asset_id": "46884253392173402465701401820876631654969031310836096822983048728973810177680", "price": "0.26", "size": "50", "side": "BUY", "hash": "7e859594cf5612f516a9c87b449e37194ab6090a", "best_bid": "0.26", "best_ask": "0.46"}], "timestamp": "1769384445849", "event_type": "price_change"}}
{"_local_timestamp": "2026-01-25T23:40:45.936192+00:00", "data": {"market": "0xbde2403b9b99ad0e1b43dd38ec1b8caf8ca544009f2d009ed49b45b30bc678db", "price_changes": [{"asset_id": "71737079048815723210717480126437824449167459094801182110745259181522805432867", "price": "0.15", "size": "100", "side": "BUY", "hash": "31e18a2f0ec8a937efdc96f5430fdb9b9a036fef", "best_bid": "0.98", "best_ask": "0.99"}, {"asset_id": "1259859893886860282466579415441484590540567376664081972995158095970809462972", "price": "0.85", "size": "100", "side": "SELL", "hash": "7df7f8607813ce731b8c6c523c8e7434792ef318", "best_bid": "0.01", "best_ask": "0.02"}], "timestamp": "1769384445853", "event_type": "price_change"}}
{"_local_timestamp": "2026-01-25T23:40:45.946295+00:00", "data": {"market": "0xd5c51bb818c662efc2c284104e13898fe7fefd80cf491b910addd7ac234ed435", "price_changes": [{"asset_id": "68541254571126034231099418945482557982712076075406131276451082132895559576583", "price": "0.75", "size": "300", "side": "SELL", "hash": "6f162261a7586bd201703185811060aa28526da5", "best_bid": "0.54", "best_ask": "0.74"}, {"asset_id": "46884253392173402465701401820876631654969031310836096822983048728973810177680", "price": "0.25", "size": "300", "side": "BUY", "hash": "e7888ffba1d6a7eac572439c7f076d63d0729481", "best_bid": "0.26", "best_ask": "0.46"}], "timestamp": "1769384445856", "event_type": "price_change"}}
{"_local_timestamp": "2026-01-25T23:40:46.024748+00:00", "data": {"market": "0xd5c51bb818c662efc2c284104e13898fe7fefd80cf491b910addd7ac234ed435", "price_changes": [{"asset_id": "68541254571126034231099418945482557982712076075406131276451082132895559576583", "price": "0.55", "size": "150", "side": "BUY", "hash": "19a0068f6f8ab1d6f9eff2af5adc7bb65f4f33b7", "best_bid": "0.55", "best_ask": "0.74"}, {"asset_id": "46884253392173402465701401820876631654969031310836096822983048728973810177680", "price": "0.45", "size": "150", "side": "SELL", "hash": "3889884571c322d7003c9582b16c353e98590022", "best_bid": "0.26", "best_ask": "0.45"}], "timestamp": "1769384445956", "event_type": "price_change"}}
{"_local_timestamp": "2026-01-25T23:40:46.025517+00:00", "data": {"market": "0xd5c51bb818c662efc2c284104e13898fe7fefd80cf491b910addd7ac234ed435", "price_changes": [{"asset_id": "68541254571126034231099418945482557982712076075406131276451082132895559576583", "price": "0.54", "size": "50", "side": "BUY", "hash": "27fccc60115cbbbdcc4bf0b02e9b45ca3d028794", "best_bid": "0.55", "best_ask": "0.74"}, {"asset_id": "46884253392173402465701401820876631654969031310836096822983048728973810177680", "price": "0.46", "size": "50", "side": "SELL", "hash": "11ec54a93c331310e8f9e53bea1e9f9943012bdc", "best_bid": "0.26", "best_ask": "0.45"}], "timestamp": "1769384445956", "event_type": "price_change"}}
{"_local_timestamp": "2026-01-25T23:40:46.040634+00:00", "data": {"market": "0xd5c51bb818c662efc2c284104e13898fe7fefd80cf491b910addd7ac234ed435", "price_changes": [{"asset_id": "68541254571126034231099418945482557982712076075406131276451082132895559576583", "price": "0.01", "size": "750.24", "side": "BUY", "hash": "71080571ad461ef44091cac5ad32f6ea5b190850", "best_bid": "0.55", "best_ask": "0.74"}, {"asset_id": "46884253392173402465701401820876631654969031310836096822983048728973810177680", "price": "0.99", "size": "750.24", "side": "SELL", "hash": "26fda54af1ab728307eca596c3a3197280760c2f", "best_bid": "0.26", "best_ask": "0.45"}], "timestamp": "1769384445967", "event_type": "price_change"}}
{"_local_timestamp": "2026-01-25T23:40:46.041172+00:00", "data": {"market": "0xd5c51bb818c662efc2c284104e13898fe7fefd80cf491b910addd7ac234ed435", "price_changes": [{"asset_id": "68541254571126034231099418945482557982712076075406131276451082132895559576583", "price": "0.12", "size": "449.64", "side": "BUY", "hash": "e351959dc18835e8c8096f1643274c47cbde84c0", "best_bid": "0.55", "best_ask": "0.74"}, {"asset_id": "46884253392173402465701401820876631654969031310836096822983048728973810177680", "price": "0.88", "size": "449.64", "side": "SELL", "hash": "5b5e4d61970aa803dc18d2b355894b181d917681", "best_bid": "0.26", "best_ask": "0.45"}], "timestamp": "1769384445968", "event_type": "price_change"}}
{"_local_timestamp": "2026-01-25T23:40:46.044326+00:00", "data": {"market": "0xd5c51bb818c662efc2c284104e13898fe7fefd80cf491b910addd7ac234ed435", "price_changes": [{"asset_id": "68541254571126034231099418945482557982712076075406131276451082132895559576583", "price": "0.75", "size": "150", "side": "SELL", "hash": "d3aea1705c051ff68dd903013780c4646320216d", "best_bid": "0.55", "best_ask": "0.74"}, {"asset_id": "46884253392173402465701401820876631654969031310836096822983048728973810177680", "price": "0.25", "size": "150", "side": "BUY", "hash": "630a76203d32038d277d2475d17cc51c9140fa6a", "best_bid": "0.26", "best_ask": "0.45"}], "timestamp": "1769384445971", "event_type": "price_change"}}
{"_local_timestamp": "2026-01-25T23:40:46.049513+00:00", "data": {"market": "0xd5c51bb818c662efc2c284104e13898fe7fefd80cf491b910addd7ac234ed435", "price_changes": [{"asset_id": "68541254571126034231099418945482557982712076075406131276451082132895559576583", "price": "0.73", "size": "150", "side": "SELL", "hash": "1c329fa4b3ea265b45cf95229b1f8efc055333ac", "best_bid": "0.55", "best_ask": "0.73"}, {"asset_id": "46884253392173402465701401820876631654969031310836096822983048728973810177680", "price": "0.27", "size": "150", "side": "BUY", "hash": "5e40d92de28780162f74e65bb0049c4ff2dea80a", "best_bid": "0.27", "best_ask": "0.45"}], "timestamp": "1769384445980", "event_type": "price_change"}}
{"_local_timestamp": "2026-01-25T23:40:46.167064+00:00", "data": {"market": "0xd5c51bb818c662efc2c284104e13898fe7fefd80cf491b910addd7ac234ed435", "price_changes": [{"asset_id": "68541254571126034231099418945482557982712076075406131276451082132895559576583", "price": "0.55", "size": "0", "side": "BUY", "hash": "2658c3b2cd22469b32cfde097775361f08de4277", "best_bid": "0.54", "best_ask": "0.73"}, {"asset_id": "46884253392173402465701401820876631654969031310836096822983048728973810177680", "price": "0.45", "size": "0", "side": "SELL", "hash": "95e9d2beb2df1af85e79c7171135660cd1e486bc", "best_bid": "0.27", "best_ask": "0.46"}], "timestamp": "1769384446083", "event_type": "price_change"}}
{"_local_timestamp": "2026-01-25T23:40:46.171527+00:00", "data": {"market": "0xd5c51bb818c662efc2c284104e13898fe7fefd80cf491b910addd7ac234ed435", "price_changes": [{"asset_id": "68541254571126034231099418945482557982712076075406131276451082132895559576583", "price": "0.73", "size": "0", "side": "SELL", "hash": "a2cf33ee8bdcb213a56ce958d618d8ea0364fcb2", "best_bid": "0.54", "best_ask": "0.74"}, {"asset_id": "46884253392173402465701401820876631654969031310836096822983048728973810177680", "price": "0.27", "size": "0", "side": "BUY", "hash": "6f51a030073cd61e75fc4e9ddd30b88597bf67c2", "best_bid": "0.26", "best_ask": "0.46"}], "timestamp": "1769384446098", "event_type": "price_change"}}
{"_local_timestamp": "2026-01-25T23:40:46.172186+00:00", "data": {"market": "0xd5c51bb818c662efc2c284104e13898fe7fefd80cf491b910addd7ac234ed435", "price_changes": [{"asset_id": "68541254571126034231099418945482557982712076075406131276451082132895559576583", "price": "0.54", "size": "200", "side": "BUY", "hash": "ddfdbb6595f746fd6b70144f8d166d76f7cf315d", "best_bid": "0.54", "best_ask": "0.74"}, {"asset_id": "46884253392173402465701401820876631654969031310836096822983048728973810177680", "price": "0.46", "size": "200", "side": "SELL", "hash": "311039943883d13948a01c85bd91b4f8b309ccad", "best_bid": "0.26", "best_ask": "0.46"}], "timestamp": "1769384446099", "event_type": "price_change"}}
{"_local_timestamp": "2026-01-25T23:40:46.176346+00:00", "data": {"market": "0xd5c51bb818c662efc2c284104e13898fe7fefd80cf491b910addd7ac234ed435", "price_changes": [{"asset_id": "68541254571126034231099418945482557982712076075406131276451082132895559576583", "price": "0.74", "size": "200", "side": "SELL", "hash": "8883dba2248dd15b5e821aabfcc9b7b7bc2447d5", "best_bid": "0.54", "best_ask": "0.74"}, {"asset_id": "46884253392173402465701401820876631654969031310836096822983048728973810177680", "price": "0.26", "size": "200", "side": "BUY", "hash": "f5f7f8fbeaae73080e9bc8e3fbf489f9f5ba3ed6", "best_bid": "0.26", "best_ask": "0.46"}], "timestamp": "1769384446111", "event_type": "price_change"}}
{"_local_timestamp": "2026-01-25T23:40:46.278003+00:00", "data": {"market": "0xd5c51bb818c662efc2c284104e13898fe7fefd80cf491b910addd7ac234ed435", "price_changes": [{"asset_id": "68541254571126034231099418945482557982712076075406131276451082132895559576583", "price": "0.01", "size": "1550.28", "side": "BUY", "hash": "03e33a3ed448ff22b97ab0f563084b44b9d2ac12", "best_bid": "0.54", "best_ask": "0.74"}, {"asset_id": "46884253392173402465701401820876631654969031310836096822983048728973810177680", "price": "0.99", "size": "1550.28", "side": "SELL", "hash": "875b894cbf0a4ee845045fb90e477eb10959a009", "best_bid": "0.26", "best_ask": "0.46"}], "timestamp": "1769384446195", "event_type": "price_change"}}
{"_local_timestamp": "2026-01-25T23:40:46.278915+00:00", "data": {"market": "0xd5c51bb818c662efc2c284104e13898fe7fefd80cf491b910addd7ac234ed435", "price_changes": [{"asset_id": "68541254571126034231099418945482557982712076075406131276451082132895559576583", "price": "0.01", "size": "3149.92", "side": "BUY", "hash": "0769ecae0c708b256897b0a89dff2a8018f70d28", "best_bid": "0.54", "best_ask": "0.74"}, {"asset_id": "46884253392173402465701401820876631654969031310836096822983048728973810177680", "price": "0.99", "size": "3149.92", "side": "SELL", "hash": "ae8a4360bc95f4085713a42788cbf4ecc1d9a521", "best_bid": "0.26", "best_ask": "0.46"}], "timestamp": "1769384446195", "event_type": "price_change"}}
{"_local_timestamp": "2026-01-25T23:40:46.292334+00:00", "data": {"market": "0xd5c51bb818c662efc2c284104e13898fe7fefd80cf491b910addd7ac234ed435", "price_changes": [{"asset_id": "68541254571126034231099418945482557982712076075406131276451082132895559576583", "price": "0.54", "size": "50", "side": "BUY", "hash": "5de00652949bfed212a4945cd306e53e637065b3", "best_bid": "0.54", "best_ask": "0.74"}, {"asset_id": "46884253392173402465701401820876631654969031310836096822983048728973810177680", "price": "0.46", "size": "50", "side": "SELL", "hash": "e0a9b0f1cf2c3f6333b74e59ee78d283b873d46c", "best_bid": "0.26", "best_ask": "0.46"}], "timestamp": "1769384446229", "event_type": "price_change"}}
{"_local_timestamp": "2026-01-25T23:40:46.309845+00:00", "data": {"market": "0xd5c51bb818c662efc2c284104e13898fe7fefd80cf491b910addd7ac234ed435", "price_changes": [{"asset_id": "68541254571126034231099418945482557982712076075406131276451082132895559576583", "price": "0.55", "size": "150", "side": "BUY", "hash": "8b82bffba04a789f790ec2251cd69b14f05540c4", "best_bid": "0.55", "best_ask": "0.74"}, {"asset_id": "46884253392173402465701401820876631654969031310836096822983048728973810177680", "price": "0.45", "size": "150", "side": "SELL", "hash": "909ce8464139b95db5b3fa9f53be65d2fad43a20", "best_bid": "0.26", "best_ask": "0.45"}], "timestamp": "1769384446245", "event_type": "price_change"}}
{"_local_timestamp": "2026-01-25T23:40:46.316955+00:00", "data": {"market": "0xd5c51bb818c662efc2c284104e13898fe7fefd80cf491b910addd7ac234ed435", "price_changes": [{"asset_id": "68541254571126034231099418945482557982712076075406131276451082132895559576583", "price": "0.74", "size": "50", "side": "SELL", "hash": "e2f0ae2523324a440b4decb8ce155c0750f17eed", "best_bid": "0.55", "best_ask": "0.74"}, {"asset_id": "46884253392173402465701401820876631654969031310836096822983048728973810177680", "price": "0.26", "size": "50", "side": "BUY", "hash": "c984eccb587864b85874d0e299c8ca7758ee3687", "best_bid": "0.26", "best_ask": "0.45"}], "timestamp": "1769384446253", "event_type": "price_change"}}
{"_local_timestamp": "2026-01-25T23:40:46.324994+00:00", "data": {"market": "0xd5c51bb818c662efc2c284104e13898fe7fefd80cf491b910addd7ac234ed435", "price_changes": [{"asset_id": "68541254571126034231099418945482557982712076075406131276451082132895559576583", "price": "0.73", "size": "150", "side": "SELL", "hash": "3f1a6ae226d0af92ac371b8eb9014d8a7e125789", "best_bid": "0.55", "best_ask": "0.73"}, {"asset_id": "46884253392173402465701401820876631654969031310836096822983048728973810177680", "price": "0.27", "size": "150", "side": "BUY", "hash": "85a0e061e18c4a2c0cab2faae225f1d92fcc1a2f", "best_bid": "0.27", "best_ask": "0.45"}], "timestamp": "1769384446261", "event_type": "price_change"}}
{"_local_timestamp": "2026-01-25T23:40:46.343524+00:00", "data": {"market": "0xbde2403b9b99ad0e1b43dd38ec1b8caf8ca544009f2d009ed49b45b30bc678db", "price_changes": [{"asset_id": "71737079048815723210717480126437824449167459094801182110745259181522805432867", "price": "0.14", "size": "0", "side": "BUY", "hash": "db9fd1f29d8e37834f35d2b103ac1412a87e49db", "best_bid": "0.98", "best_ask": "0.99"}, {"asset_id": "1259859893886860282466579415441484590540567376664081972995158095970809462972", "price": "0.86", "size": "0", "side": "SELL", "hash": "0e80547118750b2f4a5d651f5d40cc0e9edebce5", "best_bid": "0.01", "best_ask": "0.02"}], "timestamp": "1769384446280", "event_type": "price_change"}}
{"_local_timestamp": "2026-01-25T23:40:46.463347+00:00", "data": {"market": "0xd5c51bb818c662efc2c284104e13898fe7fefd80cf491b910addd7ac234ed435", "price_changes": [{"asset_id": "68541254571126034231099418945482557982712076075406131276451082132895559576583", "price": "0.73", "size": "0", "side": "SELL", "hash": "d47e9bf5d42b8b3283d03847fce3735b5451643b", "best_bid": "0.55", "best_ask": "0.74"}, {"asset_id": "46884253392173402465701401820876631654969031310836096822983048728973810177680", "price": "0.27", "size": "0", "side": "BUY", "hash": "872ba0cadd5533beeb41810b7d5a238f0dc053d4", "best_bid": "0.26", "best_ask": "0.45"}], "timestamp": "1769384446380", "event_type": "price_change"}}
{"_local_timestamp": "2026-01-25T23:40:46.464729+00:00", "data": {"market": "0xd5c51bb818c662efc2c284104e13898fe7fefd80cf491b910addd7ac234ed435", "price_changes": [{"asset_id": "68541254571126034231099418945482557982712076075406131276451082132895559576583", "price": "0.55", "size": "0", "side": "BUY", "hash": "4fe593c8371a3d9cbe496b60c58c6b16260a7b72", "best_bid": "0.54", "best_ask": "0.74"}, {"asset_id": "46884253392173402465701401820876631654969031310836096822983048728973810177680", "price": "0.45", "size": "0", "side": "SELL", "hash": "a467adbf44c0accb4bd1940759f863b1c31633f5", "best_bid": "0.26", "best_ask": "0.46"}], "timestamp": "1769384446380", "event_type": "price_change"}}
{"_local_timestamp": "2026-01-25T23:40:46.465305+00:00", "data": {"market": "0xd5c51bb818c662efc2c284104e13898fe7fefd80cf491b910addd7ac234ed435", "price_changes": [{"asset_id": "68541254571126034231099418945482557982712076075406131276451082132895559576583", "price": "0.54", "size": "200", "side": "BUY", "hash": "c52a14ddd35bed739afc419f74a40003b06faee3", "best_bid": "0.54", "best_ask": "0.74"}, {"asset_id": "46884253392173402465701401820876631654969031310836096822983048728973810177680", "price": "0.46", "size": "200", "side": "SELL", "hash": "f9cf9170ea2f0238db2106755c8b84e8cf7ab35f", "best_bid": "0.26", "best_ask": "0.46"}], "timestamp": "1769384446383", "event_type": "price_change"}}
{"_local_timestamp": "2026-01-25T23:40:46.469042+00:00", "data": {"market": "0xd5c51bb818c662efc2c284104e13898fe7fefd80cf491b910addd7ac234ed435", "price_changes": [{"asset_id": "68541254571126034231099418945482557982712076075406131276451082132895559576583", "price": "0.75", "size": "300", "side": "SELL", "hash": "f000922f57d43606c84182d7e791f5a74e9b6766", "best_bid": "0.54", "best_ask": "0.74"}, {"asset_id": "46884253392173402465701401820876631654969031310836096822983048728973810177680", "price": "0.25", "size": "300", "side": "BUY", "hash": "fc8369e525589298df4dfd06faf740b34bc2efac", "best_bid": "0.26", "best_ask": "0.46"}], "timestamp": "1769384446387", "event_type": "price_change"}}
{"_local_timestamp": "2026-01-25T23:40:46.573356+00:00", "data": {"market": "0xd5c51bb818c662efc2c284104e13898fe7fefd80cf491b910addd7ac234ed435", "price_changes": [{"asset_id": "68541254571126034231099418945482557982712076075406131276451082132895559576583", "price": "0.55", "size": "150", "side": "BUY", "hash": "d2725c2c6256ec0f0a3fb7f51131a37f151e564b", "best_bid": "0.55", "best_ask": "0.74"}, {"asset_id": "46884253392173402465701401820876631654969031310836096822983048728973810177680", "price": "0.45", "size": "150", "side": "SELL", "hash": "73436c6dba28d6ee744cd088d576f5bee592fe39", "best_bid": "0.26", "best_ask": "0.45"}], "timestamp": "1769384446508", "event_type": "price_change"}}
{"_local_timestamp": "2026-01-25T23:40:46.580271+00:00", "data": {"market": "0xd5c51bb818c662efc2c284104e13898fe7fefd80cf491b910addd7ac234ed435", "price_changes": [{"asset_id": "68541254571126034231099418945482557982712076075406131276451082132895559576583", "price": "0.74", "size": "200", "side": "SELL", "hash": "98621e819050f43d2468da83f1e846fb5895068b", "best_bid": "0.55", "best_ask": "0.74"}, {"asset_id": "46884253392173402465701401820876631654969031310836096822983048728973810177680", "price": "0.26", "size": "200", "side": "BUY", "hash": "02fb6f2818693aabdc640af2de1d49ca12155db4", "best_bid": "0.26", "best_ask": "0.45"}], "timestamp": "1769384446511", "event_type": "price_change"}}
{"_local_timestamp": "2026-01-25T23:40:46.581648+00:00", "data": {"market": "0xd5c51bb818c662efc2c284104e13898fe7fefd80cf491b910addd7ac234ed435", "price_changes": [{"asset_id": "68541254571126034231099418945482557982712076075406131276451082132895559576583", "price": "0.75", "size": "150", "side": "SELL", "hash": "84be4b3d0aa2da48816d9f03026c152291c973eb", "best_bid": "0.55", "best_ask": "0.74"}, {"asset_id": "46884253392173402465701401820876631654969031310836096822983048728973810177680", "price": "0.25", "size": "150", "side": "BUY", "hash": "a09dc0828acae9ca175b494aeeb46eca84e7d412", "best_bid": "0.26", "best_ask": "0.45"}], "timestamp": "1769384446513", "event_type": "price_change"}}
{"_local_timestamp": "2026-01-25T23:40:46.582266+00:00", "data": {"market": "0xd5c51bb818c662efc2c284104e13898fe7fefd80cf491b910addd7ac234ed435", "price_changes": [{"asset_id": "68541254571126034231099418945482557982712076075406131276451082132895559576583", "price": "0.54", "size": "50", "side": "BUY", "hash": "569158f4d34e1315267034c11d23b3169db404fa", "best_bid": "0.55", "best_ask": "0.74"}, {"asset_id": "46884253392173402465701401820876631654969031310836096822983048728973810177680", "price": "0.46", "size": "50", "side": "SELL", "hash": "c942deda1c3d0906ddaf4ced12c0e87d8e0c9b22", "best_bid": "0.26", "best_ask": "0.45"}], "timestamp": "1769384446516", "event_type": "price_change"}}
{"_local_timestamp": "2026-01-25T23:40:46.604438+00:00", "data": {"market": "0xf64c965eaf8df4c86c6a68890775d9bec89883d6cc92819bcc43c6ed1345fc17", "price_changes": [{"asset_id": "25838985531608774164943587290460733187750633014676611095243918492654698265049", "price": "0.08", "size": "4092", "side": "BUY", "hash": "631980e11ddd77273388f6acba44fe1fbe729ecf", "best_bid": "0.97", "best_ask": "0.999"}, {"asset_id": "109934929397912042129507355506311386527106251108747253379544246512909258587653", "price": "0.92", "size": "4092", "side": "SELL", "hash": "48a1d79adafb5910d9450e74d1bbb12405bf89ab", "best_bid": "0.001", "best_ask": "0.03"}], "timestamp": "1769384446537", "event_type": "price_change"}}
{"_local_timestamp": "2026-01-25T23:40:46.608293+00:00", "data": {"market": "0xbde2403b9b99ad0e1b43dd38ec1b8caf8ca544009f2d009ed49b45b30bc678db", "price_changes": [{"asset_id": "71737079048815723210717480126437824449167459094801182110745259181522805432867", "price": "0.15", "size": "150", "side": "BUY", "hash": "52c3819346ce8550edb39c4494bfc2af133525bb", "best_bid": "0.98", "best_ask": "0.99"}, {"asset_id": "1259859893886860282466579415441484590540567376664081972995158095970809462972", "price": "0.85", "size": "150", "side": "SELL", "hash": "b46d1fd619b1bdef72d3f06ceda9b6c4ffee6cc0", "best_bid": "0.01", "best_ask": "0.02"}], "timestamp": "1769384446537", "event_type": "price_change"}}
{"_local_timestamp": "2026-01-25T23:40:46.639544+00:00", "data": {"market": "0xf64c965eaf8df4c86c6a68890775d9bec89883d6cc92819bcc43c6ed1345fc17", "price_changes": [{"asset_id": "25838985531608774164943587290460733187750633014676611095243918492654698265049", "price": "0.03", "size": "100", "side": "BUY", "hash": "1dbd260a32f718ddbafe22ff8342a17e114a5468", "best_bid": "0.97", "best_ask": "0.999"}, {"asset_id": "109934929397912042129507355506311386527106251108747253379544246512909258587653", "price": "0.97", "size": "100", "side": "SELL", "hash": "73d59d415d53b3765ddcb0ff8098ed0bca227716", "best_bid": "0.001", "best_ask": "0.03"}], "timestamp": "1769384446560", "event_type": "price_change"}}
{"_local_timestamp": "2026-01-25T23:40:46.640186+00:00", "data": {"market": "0xf64c965eaf8df4c86c6a68890775d9bec89883d6cc92819bcc43c6ed1345fc17", "price_changes": [{"asset_id": "25838985531608774164943587290460733187750633014676611095243918492654698265049", "price": "0.14", "size": "50", "side": "BUY", "hash": "c4ef757f15ea0f08a73055a3107216a7119a9bbe", "best_bid": "0.97", "best_ask": "0.999"}, {"asset_id": "109934929397912042129507355506311386527106251108747253379544246512909258587653", "price": "0.86", "size": "50", "side": "SELL", "hash": "a58552459aea2f78462ac4c54e34bff5d60fe73e", "best_bid": "0.001", "best_ask": "0.03"}], "timestamp": "1769384446560", "event_type": "price_change"}}
{"_local_timestamp": "2026-01-25T23:40:46.706263+00:00", "data": {"market": "0xd5c51bb818c662efc2c284104e13898fe7fefd80cf491b910addd7ac234ed435", "price_changes": [{"asset_id": "68541254571126034231099418945482557982712076075406131276451082132895559576583", "price": "0.74", "size": "50", "side": "SELL", "hash": "e7269aeb642f1e9e02113be8e7fde7e3337980e9", "best_bid": "0.55", "best_ask": "0.74"}, {"asset_id": "46884253392173402465701401820876631654969031310836096822983048728973810177680", "price": "0.26", "size": "50", "side": "BUY", "hash": "2857909e16f6bcc8a351abdd490b30b1079c74d7", "best_bid": "0.26", "best_ask": "0.45"}], "timestamp": "1769384446639", "event_type": "price_change"}}
{"_local_timestamp": "2026-01-25T23:40:46.715359+00:00", "data": {"market": "0xd5c51bb818c662efc2c284104e13898fe7fefd80cf491b910addd7ac234ed435", "price_changes": [{"asset_id": "68541254571126034231099418945482557982712076075406131276451082132895559576583", "price": "0.73", "size": "150", "side": "SELL", "hash": "65255822ae3fb0196435d202740ce5af7bbad7aa", "best_bid": "0.55", "best_ask": "0.73"}, {"asset_id": "46884253392173402465701401820876631654969031310836096822983048728973810177680", "price": "0.27", "size": "150", "side": "BUY", "hash": "1e2ed90f37dd64039bf8b7a0c81a7356b86159da", "best_bid": "0.27", "best_ask": "0.45"}], "timestamp": "1769384446652", "event_type": "price_change"}}
{"_local_timestamp": "2026-01-25T23:40:46.760042+00:00", "data": {"market": "0xd5c51bb818c662efc2c284104e13898fe7fefd80cf491b910addd7ac234ed435", "price_changes": [{"asset_id": "68541254571126034231099418945482557982712076075406131276451082132895559576583", "price": "0.55", "size": "0", "side": "BUY", "hash": "312dc75dea42b534dcce9609af963f588683084c", "best_bid": "0.54", "best_ask": "0.73"}, {"asset_id": "46884253392173402465701401820876631654969031310836096822983048728973810177680", "price": "0.45", "size": "0", "side": "SELL", "hash": "71b28baa8abae8d2f70a4cc6308dd4a36119cf7c", "best_bid": "0.27", "best_ask": "0.46"}], "timestamp": "1769384446692", "event_type": "price_change"}}
{"_local_timestamp": "2026-01-25T23:40:46.771313+00:00", "data": {"market": "0xd5c51bb818c662efc2c284104e13898fe7fefd80cf491b910addd7ac234ed435", "price_changes": [{"asset_id": "68541254571126034231099418945482557982712076075406131276451082132895559576583", "price": "0.54", "size": "200", "side": "BUY", "hash": "2e0ff917f539f056c0c0a3e5138a9326422e9131", "best_bid": "0.54", "best_ask": "0.73"}, {"asset_id": "46884253392173402465701401820876631654969031310836096822983048728973810177680", "price": "0.46", "size": "200", "side": "SELL", "hash": "d8c3291a5e5bbc629ee1ddbe9bfb9a6bf1a7ee71", "best_bid": "0.27", "best_ask": "0.46"}], "timestamp": "1769384446704", "event_type": "price_change"}}
{"_local_timestamp": "2026-01-25T23:40:46.837906+00:00", "data": {"market": "0xd5c51bb818c662efc2c284104e13898fe7fefd80cf491b910addd7ac234ed435", "price_changes": [{"asset_id": "68541254571126034231099418945482557982712076075406131276451082132895559576583", "price": "0.73", "size": "0", "side": "SELL", "hash": "bc651519f14de0f353266251d5170107d3ab2b8f", "best_bid": "0.54", "best_ask": "0.74"}, {"asset_id": "46884253392173402465701401820876631654969031310836096822983048728973810177680", "price": "0.27", "size": "0", "side": "BUY", "hash": "669fd89e02ed7501c5c59ac0467345508dbd86f4", "best_bid": "0.26", "best_ask": "0.46"}], "timestamp": "1769384446771", "event_type": "price_change"}}
{"_local_timestamp": "2026-01-25T23:40:46.843591+00:00", "data": {"market": "0xd5c51bb818c662efc2c284104e13898fe7fefd80cf491b910addd7ac234ed435", "price_changes": [{"asset_id": "68541254571126034231099418945482557982712076075406131276451082132895559576583", "price": "0.75", "size": "300", "side": "SELL", "hash": "5b59f57cf94ab098d9b42c65ecdc634992d84973", "best_bid": "0.54", "best_ask": "0.74"}, {"asset_id": "46884253392173402465701401820876631654969031310836096822983048728973810177680", "price": "0.25", "size": "300", "side": "BUY", "hash": "ea17fd72995469ff8b5763e65544dc97b95871e3", "best_bid": "0.26", "best_ask": "0.46"}], "timestamp": "1769384446776", "event_type": "price_change"}}
{"_local_timestamp": "2026-01-25T23:40:46.844427+00:00", "data": {"market": "0xf64c965eaf8df4c86c6a68890775d9bec89883d6cc92819bcc43c6ed1345fc17", "price_changes": [{"asset_id": "25838985531608774164943587290460733187750633014676611095243918492654698265049", "price": "0.08", "size": "1334", "side": "BUY", "hash": "7acc2bf3a556c94a8b8bb0cfa64411a696ca699b", "best_bid": "0.97", "best_ask": "0.999"}, {"asset_id": "109934929397912042129507355506311386527106251108747253379544246512909258587653", "price": "0.92", "size": "1334", "side": "SELL", "hash": "37a04ab097ce8a4575fae77f5b8c4d4abaf1cf76", "best_bid": "0.001", "best_ask": "0.03"}], "timestamp": "1769384446777", "event_type": "price_change"}}
{"_local_timestamp": "2026-01-25T23:40:46.899287+00:00", "data": {"market": "0xd5c51bb818c662efc2c284104e13898fe7fefd80cf491b910addd7ac234ed435", "price_changes": [{"asset_id": "68541254571126034231099418945482557982712076075406131276451082132895559576583", "price": "0.54", "size": "50", "side": "BUY", "hash": "2697fd23352ad8dc4272f81b559bd3967f23c131", "best_bid": "0.54", "best_ask": "0.74"}, {"asset_id": "46884253392173402465701401820876631654969031310836096822983048728973810177680", "price": "0.46", "size": "50", "side": "SELL", "hash": "fc9a094cf5f5b4d743f5630354343da97a0c9af8", "best_bid": "0.26", "best_ask": "0.46"}], "timestamp": "1769384446828", "event_type": "price_change"}}
{"_local_timestamp": "2026-01-25T23:40:46.912171+00:00", "data": {"market": "0xd5c51bb818c662efc2c284104e13898fe7fefd80cf491b910addd7ac234ed435", "price_changes": [{"asset_id": "68541254571126034231099418945482557982712076075406131276451082132895559576583", "price": "0.55", "size": "150", "side": "BUY", "hash": "d9a6eaf035f85ce9171c826d3f6b76de0394b183", "best_bid": "0.55", "best_ask": "0.74"}, {"asset_id": "46884253392173402465701401820876631654969031310836096822983048728973810177680", "price": "0.45", "size": "150", "side": "SELL", "hash": "400a7adcbb057bccbc81edb59850cf5f9709a063", "best_bid": "0.26", "best_ask": "0.45"}], "timestamp": "1769384446842", "event_type": "price_change"}}
{"_local_timestamp": "2026-01-25T23:40:46.968412+00:00", "data": {"market": "0xd5c51bb818c662efc2c284104e13898fe7fefd80cf491b910addd7ac234ed435", "price_changes": [{"asset_id": "68541254571126034231099418945482557982712076075406131276451082132895559576583", "price": "0.75", "size": "150", "side": "SELL", "hash": "0d4ea98df5edf174b0f2174346e842ea0fd34e9e", "best_bid": "0.55", "best_ask": "0.74"}, {"asset_id": "46884253392173402465701401820876631654969031310836096822983048728973810177680", "price": "0.25", "size": "150", "side": "BUY", "hash": "3d226e1edac8ed94bace13cf5c9cbe931194439d", "best_bid": "0.26", "best_ask": "0.45"}], "timestamp": "1769384446903", "event_type": "price_change"}}
{"_local_timestamp": "2026-01-25T23:40:46.970148+00:00", "data": {"market": "0xd5c51bb818c662efc2c284104e13898fe7fefd80cf491b910addd7ac234ed435", "price_changes": [{"asset_id": "68541254571126034231099418945482557982712076075406131276451082132895559576583", "price": "0.74", "size": "200", "side": "SELL", "hash": "766ca488978742803bd978a95e0f855adbb8ed15", "best_bid": "0.55", "best_ask": "0.74"}, {"asset_id": "46884253392173402465701401820876631654969031310836096822983048728973810177680", "price": "0.26", "size": "200", "side": "BUY", "hash": "3ac29a916185d3c9ee40335b33ec549c248ea9ab", "best_bid": "0.26", "best_ask": "0.45"}], "timestamp": "1769384446904", "event_type": "price_change"}}
{"_local_timestamp": "2026-01-25T23:40:47.012270+00:00", "data": {"market": "0xf64c965eaf8df4c86c6a68890775d9bec89883d6cc92819bcc43c6ed1345fc17", "price_changes": [{"asset_id": "25838985531608774164943587290460733187750633014676611095243918492654698265049", "price": "0.15", "size": "2758", "side": "BUY", "hash": "ca7bd7de502be15b0c73c8f3260221832c249e7a", "best_bid": "0.97", "best_ask": "0.999"}, {"asset_id": "109934929397912042129507355506311386527106251108747253379544246512909258587653", "price": "0.85", "size": "2758", "side": "SELL", "hash": "fc69b2e04c01cd66ef652e5540b6427127385b33", "best_bid": "0.001", "best_ask": "0.03"}], "timestamp": "1769384446947", "event_type": "price_change"}}
{"_local_timestamp": "2026-01-25T23:40:47.028240+00:00", "data": {"market": "0xd5c51bb818c662efc2c284104e13898fe7fefd80cf491b910addd7ac234ed435", "price_changes": [{"asset_id": "68541254571126034231099418945482557982712076075406131276451082132895559576583", "price": "0.55", "size": "0", "side": "BUY", "hash": "e87f4a8a4fd21e201bf2c99323805134b910df31", "best_bid": "0.54", "best_ask": "0.74"}, {"asset_id": "46884253392173402465701401820876631654969031310836096822983048728973810177680", "price": "0.45", "size": "0", "side": "SELL", "hash": "c558f88fd7070dd4b8c2023495f0fb416450bfac", "best_bid": "0.26", "best_ask": "0.46"}], "timestamp": "1769384446961", "event_type": "price_change"}}
{"_local_timestamp": "2026-01-25T23:40:47.038495+00:00", "data": {"market": "0xd5c51bb818c662efc2c284104e13898fe7fefd80cf491b910addd7ac234ed435", "price_changes": [{"asset_id": "68541254571126034231099418945482557982712076075406131276451082132895559576583", "price": "0.54", "size": "200", "side": "BUY", "hash": "20d61cbe8ffd46f2f26c54489bc99e40341392d2", "best_bid": "0.54", "best_ask": "0.74"}, {"asset_id": "46884253392173402465701401820876631654969031310836096822983048728973810177680", "price": "0.46", "size": "200", "side": "SELL", "hash": "884bed317b7c565c27e68c031edc29dd5a5854c2", "best_bid": "0.26", "best_ask": "0.46"}], "timestamp": "1769384446966", "event_type": "price_change"}}
{"_local_timestamp": "2026-01-25T23:40:47.105359+00:00", "data": {"market": "0xbde2403b9b99ad0e1b43dd38ec1b8caf8ca544009f2d009ed49b45b30bc678db", "asset_id": "1259859893886860282466579415441484590540567376664081972995158095970809462972", "price": "0.02", "size": "176", "fee_rate_bps": "0", "side": "BUY", "timestamp": "1769384447033", "event_type": "last_trade_price", "transaction_hash": "0x9e773910070453d1551087362d8759037442b424f4de99455dd9e7bee4b3d15d"}}
{"_local_timestamp": "2026-01-25T23:40:47.106030+00:00", "data": {"market": "0xbde2403b9b99ad0e1b43dd38ec1b8caf8ca544009f2d009ed49b45b30bc678db", "price_changes": [{"asset_id": "71737079048815723210717480126437824449167459094801182110745259181522805432867", "price": "0.98", "size": "4389.46", "side": "BUY", "hash": "4939da15077f2187c269c025be3ac9cda3f4c49c", "best_bid": "0.98", "best_ask": "0.99"}, {"asset_id": "1259859893886860282466579415441484590540567376664081972995158095970809462972", "price": "0.02", "size": "4389.46", "side": "SELL", "hash": "c801d163b352533fecc704d63696ba2cdfc8e009", "best_bid": "0.01", "best_ask": "0.02"}], "timestamp": "1769384447007", "event_type": "price_change"}}
{"_local_timestamp": "2026-01-25T23:40:47.109502+00:00", "data": {"market": "0xbde2403b9b99ad0e1b43dd38ec1b8caf8ca544009f2d009ed49b45b30bc678db", "asset_id": "1259859893886860282466579415441484590540567376664081972995158095970809462972", "bids": [{"price": "0.01", "size": "2424.25"}], "asks": [{"price": "0.99", "size": "3636.59"}, {"price": "0.98", "size": "400"}, {"price": "0.97", "size": "2161"}, {"price": "0.96", "size": "156.25"}, {"price": "0.95", "size": "350"}, {"price": "0.94", "size": "150"}, {"price": "0.93", "size": "150"}, {"price": "0.92", "size": "100"}, {"price": "0.91", "size": "150"}, {"price": "0.85", "size": "150"}, {"price": "0.84", "size": "625"}, {"price": "0.83", "size": "2758"}, {"price": "0.75", "size": "200"}, {"price": "0.73", "size": "200"}, {"price": "0.71", "size": "25"}, {"price": "0.69", "size": "5"}, {"price": "0.66", "size": "250"}, {"price": "0.63", "size": "205"}, {"price": "0.47", "size": "100"}, {"price": "0.4", "size": "150"}, {"price": "0.37", "size": "139.99"}, {"price": "0.24", "size": "50"}, {"price": "0.21", "size": "26"}, {"price": "0.2", "size": "5"}, {"price": "0.18", "size": "5.55"}, {"price": "0.17", "size": "105"}, {"price": "0.12", "size": "328"}, {"price": "0.11", "size": "123"}, {"price": "0.1", "size": "141.49"}, {"price": "0.06", "size": "381.38"}, {"price": "0.05", "size": "1052.47"}, {"price": "0.04", "size": "128.57"}, {"price": "0.03", "size": "6009.95"}, {"price": "0.02", "size": "4389.46"}], "hash": "c801d163b352533fecc704d63696ba2cdfc8e009", "timestamp": "1769384447007", "event_type": "book"}}
{"_local_timestamp": "2026-01-25T23:40:47.116093+00:00", "data": {"market": "0xbde2403b9b99ad0e1b43dd38ec1b8caf8ca544009f2d009ed49b45b30bc678db", "asset_id": "71737079048815723210717480126437824449167459094801182110745259181522805432867", "bids": [{"price": "0.01", "size": "3636.59"}, {"price": "0.02", "size": "400"}, {"price": "0.03", "size": "2161"}, {"price": "0.04", "size": "156.25"}, {"price": "0.05", "size": "350"}, {"price": "0.06", "size": "150"}, {"price": "0.07", "size": "150"}, {"price": "0.08", "size": "100"}, {"price": "0.09", "size": "150"}, {"price": "0.15", "size": "150"}, {"price": "0.16", "size": "625"}, {"price": "0.17", "size": "2758"}, {"price": "0.25", "size": "200"}, {"price": "0.27", "size": "200"}, {"price": "0.29", "size": "25"}, {"price": "0.31", "size": "5"}, {"price": "0.34", "size": "250"}, {"price": "0.37", "size": "205"}, {"price": "0.53", "size": "100"}, {"price": "0.6", "size": "150"}, {"price": "0.63", "size": "139.99"}, {"price": "0.76", "size": "50"}, {"price": "0.79", "size": "26"}, {"price": "0.8", "size": "5"}, {"price": "0.82", "size": "5.55"}, {"price": "0.83", "size": "105"}, {"price": "0.88", "size": "328"}, {"price": "0.89", "size": "123"}, {"price": "0.9", "size": "141.49"}, {"price": "0.94", "size": "381.38"}, {"price": "0.95", "size": "1052.47"}, {"price": "0.96", "size": "128.57"}, {"price": "0.97", "size": "6009.95"}, {"price": "0.98", "size": "4389.46"}], "asks": [{"price": "0.99", "size": "2424.25"}], "hash": "4939da15077f2187c269c025be3ac9cda3f4c49c", "timestamp": "1769384447007", "event_type": "book"}}
{"_local_timestamp": "2026-01-25T23:40:47.124208+00:00", "data": {"market": "0xd5c51bb818c662efc2c284104e13898fe7fefd80cf491b910addd7ac234ed435", "price_changes": [{"asset_id": "68541254571126034231099418945482557982712076075406131276451082132895559576583", "price": "0.74", "size": "50", "side": "SELL", "hash": "46775a87ad876dd64b831764d031ad9c4914c6b7", "best_bid": "0.54", "best_ask": "0.74"}, {"asset_id": "46884253392173402465701401820876631654969031310836096822983048728973810177680", "price": "0.26", "size": "50", "side": "BUY", "hash": "57f8c11af92878623066438b3f25cf1356ac0b45", "best_bid": "0.26", "best_ask": "0.46"}], "timestamp": "1769384447033", "event_type": "price_change"}}
{"_local_timestamp": "2026-01-25T23:40:47.125595+00:00", "data": {"market": "0xd5c51bb818c662efc2c284104e13898fe7fefd80cf491b910addd7ac234ed435", "price_changes": [{"asset_id": "68541254571126034231099418945482557982712076075406131276451082132895559576583", "price": "0.73", "size": "150", "side": "SELL", "hash": "4b0f262fe926ded382d0707bf877a52081afb8a4", "best_bid": "0.54", "best_ask": "0.73"}, {"asset_id": "46884253392173402465701401820876631654969031310836096822983048728973810177680", "price": "0.27", "size": "150", "side": "BUY", "hash": "fe5acf1f5c52dc65e2f3f3665607032a110d624c", "best_bid": "0.27", "best_ask": "0.46"}], "timestamp": "1769384447038", "event_type": "price_change"}}
{"_local_timestamp": "2026-01-25T23:40:47.219951+00:00", "data": {"market": "0xd5c51bb818c662efc2c284104e13898fe7fefd80cf491b910addd7ac234ed435", "price_changes": [{"asset_id": "68541254571126034231099418945482557982712076075406131276451082132895559576583", "price": "0.54", "size": "50", "side": "BUY", "hash": "fdfe31d942f33cf3707343cda9383e74573f1ac6", "best_bid": "0.54", "best_ask": "0.73"}, {"asset_id": "46884253392173402465701401820876631654969031310836096822983048728973810177680", "price": "0.46", "size": "50", "side": "SELL", "hash": "b994fc7df57d5ffb95f0daa53c53633f9972d213", "best_bid": "0.27", "best_ask": "0.46"}], "timestamp": "1769384447152", "event_type": "price_change"}}
{"_local_timestamp": "2026-01-25T23:40:47.236328+00:00", "data": {"market": "0xd5c51bb818c662efc2c284104e13898fe7fefd80cf491b910addd7ac234ed435", "price_changes": [{"asset_id": "68541254571126034231099418945482557982712076075406131276451082132895559576583", "price": "0.55", "size": "150", "side": "BUY", "hash": "94c1290e97e3d73ffae805d3baed3ef3ce3340ea", "best_bid": "0.55", "best_ask": "0.73"}, {"asset_id": "46884253392173402465701401820876631654969031310836096822983048728973810177680", "price": "0.45", "size": "150", "side": "SELL", "hash": "fa512cfccb761c8d535851101031994caa53fa4f", "best_bid": "0.27", "best_ask": "0.45"}], "timestamp": "1769384447170", "event_type": "price_change"}}
{"_local_timestamp": "2026-01-25T23:40:47.253301+00:00", "data": {"market": "0xd5c51bb818c662efc2c284104e13898fe7fefd80cf491b910addd7ac234ed435", "price_changes": [{"asset_id": "68541254571126034231099418945482557982712076075406131276451082132895559576583", "price": "0.73", "size": "0", "side": "SELL", "hash": "ea881edabfb29686ff68f6d695fc516ca0a1fdbb", "best_bid": "0.55", "best_ask": "0.74"}, {"asset_id": "46884253392173402465701401820876631654969031310836096822983048728973810177680", "price": "0.27", "size": "0", "side": "BUY", "hash": "b567009dd570c0ba8fbd5674f2c6621f19da60ac", "best_bid": "0.26", "best_ask": "0.45"}], "timestamp": "1769384447173", "event_type": "price_change"}}
{"_local_timestamp": "2026-01-25T23:40:47.255824+00:00", "data": {"market": "0xd5c51bb818c662efc2c284104e13898fe7fefd80cf491b910addd7ac234ed435", "price_changes": [{"asset_id": "68541254571126034231099418945482557982712076075406131276451082132895559576583", "price": "0.75", "size": "300", "side": "SELL", "hash": "89950f55b29941e9f08af549f79db23a3de16d63", "best_bid": "0.55", "best_ask": "0.74"}, {"asset_id": "46884253392173402465701401820876631654969031310836096822983048728973810177680", "price": "0.25", "size": "300", "side": "BUY", "hash": "bb531b3e9d22cf3f21bf860089cb47d2efeeacac", "best_bid": "0.26", "best_ask": "0.45"}], "timestamp": "1769384447176", "event_type": "price_change"}}
{"_local_timestamp": "2026-01-25T23:40:47.304868+00:00", "data": {"market": "0xd5c51bb818c662efc2c284104e13898fe7fefd80cf491b910addd7ac234ed435", "price_changes": [{"asset_id": "68541254571126034231099418945482557982712076075406131276451082132895559576583", "price": "0.54", "size": "0", "side": "BUY", "hash": "b69941c387a667b127c325e29c2a564f1c2d20af", "best_bid": "0.55", "best_ask": "0.74"}, {"asset_id": "46884253392173402465701401820876631654969031310836096822983048728973810177680", "price": "0.46", "size": "0", "side": "SELL", "hash": "8459dbb53a81ee0f5b99286941a0b74ad2cbbea2", "best_bid": "0.26", "best_ask": "0.45"}], "timestamp": "1769384447237", "event_type": "price_change"}}
{"_local_timestamp": "2026-01-25T23:40:47.305555+00:00", "data": {"market": "0xd5c51bb818c662efc2c284104e13898fe7fefd80cf491b910addd7ac234ed435", "price_changes": [{"asset_id": "68541254571126034231099418945482557982712076075406131276451082132895559576583", "price": "0.12", "size": "399.64", "side": "BUY", "hash": "b69941c387a667b127c325e29c2a564f1c2d20af", "best_bid": "0.55", "best_ask": "0.74"}, {"asset_id": "46884253392173402465701401820876631654969031310836096822983048728973810177680", "price": "0.88", "size": "399.64", "side": "SELL", "hash": "8459dbb53a81ee0f5b99286941a0b74ad2cbbea2", "best_bid": "0.26", "best_ask": "0.45"}], "timestamp": "1769384447237", "event_type": "price_change"}}
{"_local_timestamp": "2026-01-25T23:40:47.306075+00:00", "data": {"market": "0xd5c51bb818c662efc2c284104e13898fe7fefd80cf491b910addd7ac234ed435", "price_changes": [{"asset_id": "68541254571126034231099418945482557982712076075406131276451082132895559576583", "price": "0.1", "size": "7.39", "side": "BUY", "hash": "b69941c387a667b127c325e29c2a564f1c2d20af", "best_bid": "0.55", "best_ask": "0.74"}, {"asset_id": "46884253392173402465701401820876631654969031310836096822983048728973810177680", "price": "0.9", "size": "7.39", "side": "SELL", "hash": "8459dbb53a81ee0f5b99286941a0b74ad2cbbea2", "best_bid": "0.26", "best_ask": "0.45"}], "timestamp": "1769384447237", "event_type": "price_change"}}
{"_local_timestamp": "2026-01-25T23:40:47.306583+00:00", "data": {"market": "0xd5c51bb818c662efc2c284104e13898fe7fefd80cf491b910addd7ac234ed435", "price_changes": [{"asset_id": "46884253392173402465701401820876631654969031310836096822983048728973810177680", "price": "0.1", "size": "0", "side": "BUY", "hash": "7a6490d2b26728540f6b194258f0db54d932d9ff", "best_bid": "0.26", "best_ask": "0.45"}, {"asset_id": "68541254571126034231099418945482557982712076075406131276451082132895559576583", "price": "0.9", "size": "0", "side": "SELL", "hash": "fb8eeefba0de86289afef10101cc1d29a2676c0f", "best_bid": "0.55", "best_ask": "0.74"}], "timestamp": "1769384447237", "event_type": "price_change"}}
{"_local_timestamp": "2026-01-25T23:40:47.307222+00:00", "data": {"market": "0xd5c51bb818c662efc2c284104e13898fe7fefd80cf491b910addd7ac234ed435", "price_changes": [{"asset_id": "46884253392173402465701401820876631654969031310836096822983048728973810177680", "price": "0.02", "size": "5.09", "side": "BUY", "hash": "7a6490d2b26728540f6b194258f0db54d932d9ff", "best_bid": "0.26", "best_ask": "0.45"}, {"asset_id": "68541254571126034231099418945482557982712076075406131276451082132895559576583", "price": "0.98", "size": "5.09", "side": "SELL", "hash": "fb8eeefba0de86289afef10101cc1d29a2676c0f", "best_bid": "0.55", "best_ask": "0.74"}], "timestamp": "1769384447237", "event_type": "price_change"}}
{"_local_timestamp": "2026-01-25T23:40:47.307721+00:00", "data": {"market": "0xd5c51bb818c662efc2c284104e13898fe7fefd80cf491b910addd7ac234ed435", "price_changes": [{"asset_id": "46884253392173402465701401820876631654969031310836096822983048728973810177680", "price": "0.05", "size": "0", "side": "BUY", "hash": "7a6490d2b26728540f6b194258f0db54d932d9ff", "best_bid": "0.26", "best_ask": "0.45"}, {"asset_id": "68541254571126034231099418945482557982712076075406131276451082132895559576583", "price": "0.95", "size": "0", "side": "SELL", "hash": "fb8eeefba0de86289afef10101cc1d29a2676c0f", "best_bid": "0.55", "best_ask": "0.74"}], "timestamp": "1769384447237", "event_type": "price_change"}}
{"_local_timestamp": "2026-01-25T23:40:47.320555+00:00", "data": {"market": "0xd5c51bb818c662efc2c284104e13898fe7fefd80cf491b910addd7ac234ed435", "price_changes": [{"asset_id": "68541254571126034231099418945482557982712076075406131276451082132895559576583", "price": "0.03", "size": "55.3", "side": "BUY", "hash": "cae28ff45cde8905d9b03530feaedb2ea8bd2e18", "best_bid": "0.55", "best_ask": "0.74"}, {"asset_id": "46884253392173402465701401820876631654969031310836096822983048728973810177680", "price": "0.97", "size": "55.3", "side": "SELL", "hash": "1ecbcf81a51022bb4fcfd21b6dd5f5b4b1cc9526", "best_bid": "0.26", "best_ask": "0.45"}], "timestamp": "1769384447247", "event_type": "price_change"}}
{"_local_timestamp": "2026-01-25T23:40:47.321386+00:00", "data": {"market": "0xd5c51bb818c662efc2c284104e13898fe7fefd80cf491b910addd7ac234ed435", "price_changes": [{"asset_id": "46884253392173402465701401820876631654969031310836096822983048728973810177680", "price": "0.07", "size": "50", "side": "BUY", "hash": "6f48e57018c8f5cf89a66e2978a310780a1efd9c", "best_bid": "0.26", "best_ask": "0.45"}, {"asset_id": "68541254571126034231099418945482557982712076075406131276451082132895559576583", "price": "0.93", "size": "50", "side": "SELL", "hash": "a692727a67fa515d98be009ae5a91acf464a90bd", "best_bid": "0.55", "best_ask": "0.74"}], "timestamp": "1769384447247", "event_type": "price_change"}}
{"_local_timestamp": "2026-01-25T23:40:47.362006+00:00", "data": {"market": "0xd5c51bb818c662efc2c284104e13898fe7fefd80cf491b910addd7ac234ed435", "price_changes": [{"asset_id": "68541254571126034231099418945482557982712076075406131276451082132895559576583", "price": "0.55", "size": "0", "side": "BUY", "hash": "1fa540c4c14b117feaa0aa4fb8bd1c7e9c98b0c6", "best_bid": "0.35", "best_ask": "0.74"}, {"asset_id": "46884253392173402465701401820876631654969031310836096822983048728973810177680", "price": "0.45", "size": "0", "side": "SELL", "hash": "fdc308afbf8f19628a0dcfcab3b8d79f4289b1f5", "best_bid": "0.26", "best_ask": "0.65"}], "timestamp": "1769384447288", "event_type": "price_change"}}
{"_local_timestamp": "2026-01-25T23:40:47.370379+00:00", "data": {"market": "0xd5c51bb818c662efc2c284104e13898fe7fefd80cf491b910addd7ac234ed435", "price_changes": [{"asset_id": "68541254571126034231099418945482557982712076075406131276451082132895559576583", "price": "0.54", "size": "150", "side": "BUY", "hash": "da7e32ac4685085add7a1dfb7af188c2ab2c6c0c", "best_bid": "0.54", "best_ask": "0.74"}, {"asset_id": "46884253392173402465701401820876631654969031310836096822983048728973810177680", "price": "0.46", "size": "150", "side": "SELL", "hash": "7bc2961f7409a41680de7026f720fe7b548df660", "best_bid": "0.26", "best_ask": "0.46"}], "timestamp": "1769384447299", "event_type": "price_change"}}
{"_local_timestamp": "2026-01-25T23:40:47.371482+00:00", "data": {"market": "0xd5c51bb818c662efc2c284104e13898fe7fefd80cf491b910addd7ac234ed435", "price_changes": [{"asset_id": "68541254571126034231099418945482557982712076075406131276451082132895559576583", "price": "0.75", "size": "150", "side": "SELL", "hash": "a08fa5c73886f861b6bf2b25b1a9d012771700be", "best_bid": "0.54", "best_ask": "0.74"}, {"asset_id": "46884253392173402465701401820876631654969031310836096822983048728973810177680", "price": "0.25", "size": "150", "side": "BUY", "hash": "9d030a9495a3ed116e333659cde8d534a4dbfd90", "best_bid": "0.26", "best_ask": "0.46"}], "timestamp": "1769384447301", "event_type": "price_change"}}
{"_local_timestamp": "2026-01-25T23:40:47.383737+00:00", "data": {"market": "0xd5c51bb818c662efc2c284104e13898fe7fefd80cf491b910addd7ac234ed435", "price_changes": [{"asset_id": "68541254571126034231099418945482557982712076075406131276451082132895559576583", "price": "0.74", "size": "200", "side": "SELL", "hash": "96d0d1be5224265bb762200d4577d41423c6ffd9", "best_bid": "0.54", "best_ask": "0.74"}, {"asset_id": "46884253392173402465701401820876631654969031310836096822983048728973810177680", "price": "0.26", "size": "200", "side": "BUY", "hash": "a7dbb8667784fef09a0f6bbb46bf4e70653f7cd8", "best_bid": "0.26", "best_ask": "0.46"}], "timestamp": "1769384447318", "event_type": "price_change"}}
{"_local_timestamp": "2026-01-25T23:40:47.529841+00:00", "data": {"market": "0xd5c51bb818c662efc2c284104e13898fe7fefd80cf491b910addd7ac234ed435", "price_changes": [{"asset_id": "68541254571126034231099418945482557982712076075406131276451082132895559576583", "price": "0.74", "size": "50", "side": "SELL", "hash": "06e42619890339910a4d5de8e37740ae27631c77", "best_bid": "0.54", "best_ask": "0.74"}, {"asset_id": "46884253392173402465701401820876631654969031310836096822983048728973810177680", "price": "0.26", "size": "50", "side": "BUY", "hash": "22a0c78042dc4a25d4f440e3fc29af3301518b58", "best_bid": "0.26", "best_ask": "0.46"}], "timestamp": "1769384447459", "event_type": "price_change"}}
{"_local_timestamp": "2026-01-25T23:40:47.530799+00:00", "data": {"market": "0xd5c51bb818c662efc2c284104e13898fe7fefd80cf491b910addd7ac234ed435", "price_changes": [{"asset_id": "68541254571126034231099418945482557982712076075406131276451082132895559576583", "price": "0.73", "size": "150", "side": "SELL", "hash": "6e59e27e577da14768dd78be628bfa4eb835bb35", "best_bid": "0.54", "best_ask": "0.73"}, {"asset_id": "46884253392173402465701401820876631654969031310836096822983048728973810177680", "price": "0.27", "size": "150", "side": "BUY", "hash": "7b6e344cdf92ac2569199d0642fb74f7583b6aa1", "best_bid": "0.27", "best_ask": "0.46"}], "timestamp": "1769384447461", "event_type": "price_change"}}
{"_local_timestamp": "2026-01-25T23:40:47.661286+00:00", "data": {"market": "0xd5c51bb818c662efc2c284104e13898fe7fefd80cf491b910addd7ac234ed435", "price_changes": [{"asset_id": "68541254571126034231099418945482557982712076075406131276451082132895559576583", "price": "0.73", "size": "0", "side": "SELL", "hash": "a39d5cb0c7900165f4a0a1e5e581f114c2c48af8", "best_bid": "0.54", "best_ask": "0.74"}, {"asset_id": "46884253392173402465701401820876631654969031310836096822983048728973810177680", "price": "0.27", "size": "0", "side": "BUY", "hash": "3152008820104996cee756936e8763e826119144", "best_bid": "0.26", "best_ask": "0.46"}], "timestamp": "1769384447589", "event_type": "price_change"}}
{"_local_timestamp": "2026-01-25T23:40:47.664346+00:00", "data": {"market": "0xd5c51bb818c662efc2c284104e13898fe7fefd80cf491b910addd7ac234ed435", "price_changes": [{"asset_id": "68541254571126034231099418945482557982712076075406131276451082132895559576583", "price": "0.75", "size": "300", "side": "SELL", "hash": "53bc099842add474537e99d628f7daeaf9a9916b", "best_bid": "0.54", "best_ask": "0.74"}, {"asset_id": "46884253392173402465701401820876631654969031310836096822983048728973810177680", "price": "0.25", "size": "300", "side": "BUY", "hash": "5a1bdea98fd6f0c0e6d84b913b1e06df72ab6bc2", "best_bid": "0.26", "best_ask": "0.46"}], "timestamp": "1769384447591", "event_type": "price_change"}}
{"_local_timestamp": "2026-01-25T23:40:47.825439+00:00", "data": {"market": "0xd5c51bb818c662efc2c284104e13898fe7fefd80cf491b910addd7ac234ed435", "price_changes": [{"asset_id": "46884253392173402465701401820876631654969031310836096822983048728973810177680", "price": "0.06", "size": "0", "side": "BUY", "hash": "06b391db22a9ef6cc400a81479cdf64dc1f20323", "best_bid": "0.26", "best_ask": "0.46"}, {"asset_id": "68541254571126034231099418945482557982712076075406131276451082132895559576583", "price": "0.94", "size": "0", "side": "SELL", "hash": "c922ecc3cf4c92c15c392b285aa66337395f7d5e", "best_bid": "0.54", "best_ask": "0.74"}], "timestamp": "1769384447710", "event_type": "price_change"}}
{"_local_timestamp": "2026-01-25T23:40:47.827317+00:00", "data": {"market": "0xd5c51bb818c662efc2c284104e13898fe7fefd80cf491b910addd7ac234ed435", "price_changes": [{"asset_id": "68541254571126034231099418945482557982712076075406131276451082132895559576583", "price": "0.75", "size": "150", "side": "SELL", "hash": "c5f7f24e54af5eadce8e4508cfb0df5d9435b397", "best_bid": "0.54", "best_ask": "0.74"}, {"asset_id": "46884253392173402465701401820876631654969031310836096822983048728973810177680", "price": "0.25", "size": "150", "side": "BUY", "hash": "cf8236e23d733508ac9d098476d157176e345d56", "best_bid": "0.26", "best_ask": "0.46"}], "timestamp": "1769384447717", "event_type": "price_change"}}
{"_local_timestamp": "2026-01-25T23:40:47.828824+00:00", "data": {"market": "0xd5c51bb818c662efc2c284104e13898fe7fefd80cf491b910addd7ac234ed435", "price_changes": [{"asset_id": "68541254571126034231099418945482557982712076075406131276451082132895559576583", "price": "0.74", "size": "200", "side": "SELL", "hash": "6c1312bda3df9b1659f6ca41d1f2bbb3bd3f664e", "best_bid": "0.54", "best_ask": "0.74"}, {"asset_id": "46884253392173402465701401820876631654969031310836096822983048728973810177680", "price": "0.26", "size": "200", "side": "BUY", "hash": "68f0b394a42f1ec356ea32767243d1d45ab3ed44", "best_bid": "0.26", "best_ask": "0.46"}], "timestamp": "1769384447730", "event_type": "price_change"}}
{"_local_timestamp": "2026-01-25T23:40:47.832089+00:00", "data": {"market": "0xd5c51bb818c662efc2c284104e13898fe7fefd80cf491b910addd7ac234ed435", "price_changes": [{"asset_id": "68541254571126034231099418945482557982712076075406131276451082132895559576583", "price": "0.36", "size": "180.04", "side": "BUY", "hash": "baa4a81e00068ddad879047dd44f173b5e366814", "best_bid": "0.54", "best_ask": "0.74"}, {"asset_id": "46884253392173402465701401820876631654969031310836096822983048728973810177680", "price": "0.64", "size": "180.04", "side": "SELL", "hash": "35bc39be49dfb0e11897c9da9a6e5aca3f361f1c", "best_bid": "0.26", "best_ask": "0.46"}], "timestamp": "1769384447768", "event_type": "price_change"}}
{"_local_timestamp": "2026-01-25T23:40:47.840156+00:00", "data": {"market": "0xd5c51bb818c662efc2c284104e13898fe7fefd80cf491b910addd7ac234ed435", "price_changes": [{"asset_id": "68541254571126034231099418945482557982712076075406131276451082132895559576583", "price": "0.35", "size": "280.04", "side": "BUY", "hash": "39857fa54d677d09be58d1c40c340334506cef8a", "best_bid": "0.54", "best_ask": "0.74"}, {"asset_id": "46884253392173402465701401820876631654969031310836096822983048728973810177680", "price": "0.65", "size": "280.04", "side": "SELL", "hash": "8fcee836a254d48f3afac8283c8dd435f1ed67cb", "best_bid": "0.26", "best_ask": "0.46"}], "timestamp": "1769384447769", "event_type": "price_change"}}
{"_local_timestamp": "2026-01-25T23:40:47.925206+00:00", "data": {"market": "0xd5c51bb818c662efc2c284104e13898fe7fefd80cf491b910addd7ac234ed435", "price_changes": [{"asset_id": "68541254571126034231099418945482557982712076075406131276451082132895559576583", "price": "0.75", "size": "300", "side": "SELL", "hash": "c0e962daa34ece93f7fc0ae57eeb836fcf57feb0", "best_bid": "0.54", "best_ask": "0.74"}, {"asset_id": "46884253392173402465701401820876631654969031310836096822983048728973810177680", "price": "0.25", "size": "300", "side": "BUY", "hash": "ac86aea26aff2fee3fbb51af3f726bb49e0628c0", "best_bid": "0.26", "best_ask": "0.46"}], "timestamp": "1769384447858", "event_type": "price_change"}}
{"_local_timestamp": "2026-01-25T23:40:47.929943+00:00", "data": {"market": "0xd5c51bb818c662efc2c284104e13898fe7fefd80cf491b910addd7ac234ed435", "price_changes": [{"asset_id": "68541254571126034231099418945482557982712076075406131276451082132895559576583", "price": "0.74", "size": "50", "side": "SELL", "hash": "6d06e51f14cdaf9b8b41d1b2fa03a710d4bedc99", "best_bid": "0.54", "best_ask": "0.74"}, {"asset_id": "46884253392173402465701401820876631654969031310836096822983048728973810177680", "price": "0.26", "size": "50", "side": "BUY", "hash": "99d4f1e8844fbd26e599af9314e807d376c33aab", "best_bid": "0.26", "best_ask": "0.46"}], "timestamp": "1769384447860", "event_type": "price_change"}}
{"_local_timestamp": "2026-01-25T23:40:48.052133+00:00", "data": {"market": "0xd5c51bb818c662efc2c284104e13898fe7fefd80cf491b910addd7ac234ed435", "price_changes": [{"asset_id": "68541254571126034231099418945482557982712076075406131276451082132895559576583", "price": "0.75", "size": "150", "side": "SELL", "hash": "00a8a35239c89f089ef1283940fb6c71546684b5", "best_bid": "0.54", "best_ask": "0.74"}, {"asset_id": "46884253392173402465701401820876631654969031310836096822983048728973810177680", "price": "0.25", "size": "150", "side": "BUY", "hash": "4e277ea1423f8137f9449cfbf1ddc6a58718dc47", "best_bid": "0.26", "best_ask": "0.46"}], "timestamp": "1769384447982", "event_type": "price_change"}}
{"_local_timestamp": "2026-01-25T23:40:48.061674+00:00", "data": {"market": "0xd5c51bb818c662efc2c284104e13898fe7fefd80cf491b910addd7ac234ed435", "price_changes": [{"asset_id": "68541254571126034231099418945482557982712076075406131276451082132895559576583", "price": "0.73", "size": "150", "side": "SELL", "hash": "82c9de231a9ca2078809708c7648e9f7f492718f", "best_bid": "0.54", "best_ask": "0.73"}, {"asset_id": "46884253392173402465701401820876631654969031310836096822983048728973810177680", "price": "0.27", "size": "150", "side": "BUY", "hash": "c7aa166609f1fb5f219a29b292d329a5f6ce5579", "best_bid": "0.27", "best_ask": "0.46"}], "timestamp": "1769384447986", "event_type": "price_change"}}
{"_local_timestamp": "2026-01-25T23:40:48.072193+00:00", "data": {"market": "0xd5c51bb818c662efc2c284104e13898fe7fefd80cf491b910addd7ac234ed435", "price_changes": [{"asset_id": "46884253392173402465701401820876631654969031310836096822983048728973810177680", "price": "0.04", "size": "21.06", "side": "BUY", "hash": "b332f7ce3897e7fc7f03febecee1975bbb5abdd4", "best_bid": "0.27", "best_ask": "0.46"}, {"asset_id": "68541254571126034231099418945482557982712076075406131276451082132895559576583", "price": "0.96", "size": "21.06", "side": "SELL", "hash": "96bba5886032888e92ad51ea78977c54f30956ee", "best_bid": "0.54", "best_ask": "0.73"}], "timestamp": "1769384448000", "event_type": "price_change"}}
{"_local_timestamp": "2026-01-25T23:40:48.075990+00:00", "data": {"market": "0xbde2403b9b99ad0e1b43dd38ec1b8caf8ca544009f2d009ed49b45b30bc678db", "price_changes": [{"asset_id": "71737079048815723210717480126437824449167459094801182110745259181522805432867", "price": "0.16", "size": "0", "side": "BUY", "hash": "6ef0e9ed0a36e6b4f772d7a0c021a08e62bb1004", "best_bid": "0.98", "best_ask": "0.99"}, {"asset_id": "1259859893886860282466579415441484590540567376664081972995158095970809462972", "price": "0.84", "size": "0", "side": "SELL", "hash": "e845ee3fffffeee211df23d241688053a0f6a7d9", "best_bid": "0.01", "best_ask": "0.02"}], "timestamp": "1769384448001", "event_type": "price_change"}}
{"_local_timestamp": "2026-01-25T23:40:48.079587+00:00", "data": {"market": "0xd5c51bb818c662efc2c284104e13898fe7fefd80cf491b910addd7ac234ed435", "price_changes": [{"asset_id": "68541254571126034231099418945482557982712076075406131276451082132895559576583", "price": "0.11", "size": "0", "side": "BUY", "hash": "a4596f252e2e62c704acbcb5fe27d960cd4f3ca9", "best_bid": "0.54", "best_ask": "0.73"}, {"asset_id": "46884253392173402465701401820876631654969031310836096822983048728973810177680", "price": "0.89", "size": "0", "side": "SELL", "hash": "f6ab9fb2c38d39758b87ac5dbd579cc8ef37bd4c", "best_bid": "0.27", "best_ask": "0.46"}], "timestamp": "1769384448000", "event_type": "price_change"}}
{"_local_timestamp": "2026-01-25T23:40:48.080598+00:00", "data": {"market": "0xf64c965eaf8df4c86c6a68890775d9bec89883d6cc92819bcc43c6ed1345fc17", "price_changes": [{"asset_id": "25838985531608774164943587290460733187750633014676611095243918492654698265049", "price": "0.08", "size": "100", "side": "BUY", "hash": "2c856b62a2674fd7caa03c79f25fe6ecffbcdb1f", "best_bid": "0.97", "best_ask": "0.999"}, {"asset_id": "109934929397912042129507355506311386527106251108747253379544246512909258587653", "price": "0.92", "size": "100", "side": "SELL", "hash": "c9e754fe5496abb6fa694ad47fefa6fead75e4e4", "best_bid": "0.001", "best_ask": "0.03"}], "timestamp": "1769384448001", "event_type": "price_change"}}
{"_local_timestamp": "2026-01-25T23:40:48.179389+00:00", "data": {"market": "0xd5c51bb818c662efc2c284104e13898fe7fefd80cf491b910addd7ac234ed435", "price_changes": [{"asset_id": "68541254571126034231099418945482557982712076075406131276451082132895559576583", "price": "0.75", "size": "300", "side": "SELL", "hash": "2f44c07b5c45ddb3eb7c7b91ab2205ca24c7d1e7", "best_bid": "0.54", "best_ask": "0.73"}, {"asset_id": "46884253392173402465701401820876631654969031310836096822983048728973810177680", "price": "0.25", "size": "300", "side": "BUY", "hash": "a9600ff47e80c12400ade46b9b8c1f6e2c830279", "best_bid": "0.27", "best_ask": "0.46"}], "timestamp": "1769384448107", "event_type": "price_change"}}
{"_local_timestamp": "2026-01-25T23:40:48.184936+00:00", "data": {"market": "0xd5c51bb818c662efc2c284104e13898fe7fefd80cf491b910addd7ac234ed435", "price_changes": [{"asset_id": "68541254571126034231099418945482557982712076075406131276451082132895559576583", "price": "0.01", "size": "150.2", "side": "BUY", "hash": "e00889f237dc14a95ab534881df66bad4e43cc6f", "best_bid": "0.54", "best_ask": "0.73"}, {"asset_id": "46884253392173402465701401820876631654969031310836096822983048728973810177680", "price": "0.99", "size": "150.2", "side": "SELL", "hash": "5001ce677b6d8f48a967983013437b598e627df9", "best_bid": "0.27", "best_ask": "0.46"}], "timestamp": "1769384448110", "event_type": "price_change"}}
{"_local_timestamp": "2026-01-25T23:40:48.186118+00:00", "data": {"market": "0xd5c51bb818c662efc2c284104e13898fe7fefd80cf491b910addd7ac234ed435", "price_changes": [{"asset_id": "68541254571126034231099418945482557982712076075406131276451082132895559576583", "price": "0.12", "size": "0", "side": "BUY", "hash": "e00889f237dc14a95ab534881df66bad4e43cc6f", "best_bid": "0.54", "best_ask": "0.73"}, {"asset_id": "46884253392173402465701401820876631654969031310836096822983048728973810177680", "price": "0.88", "size": "0", "side": "SELL", "hash": "5001ce677b6d8f48a967983013437b598e627df9", "best_bid": "0.27", "best_ask": "0.46"}], "timestamp": "1769384448110", "event_type": "price_change"}}
{"_local_timestamp": "2026-01-25T23:40:48.186755+00:00", "data": {"market": "0xd5c51bb818c662efc2c284104e13898fe7fefd80cf491b910addd7ac234ed435", "price_changes": [{"asset_id": "68541254571126034231099418945482557982712076075406131276451082132895559576583", "price": "0.36", "size": "0", "side": "BUY", "hash": "e00889f237dc14a95ab534881df66bad4e43cc6f", "best_bid": "0.54", "best_ask": "0.73"}, {"asset_id": "46884253392173402465701401820876631654969031310836096822983048728973810177680", "price": "0.64", "size": "0", "side": "SELL", "hash": "5001ce677b6d8f48a967983013437b598e627df9", "best_bid": "0.27", "best_ask": "0.46"}], "timestamp": "1769384448110", "event_type": "price_change"}}
{"_local_timestamp": "2026-01-25T23:40:48.191553+00:00", "data": {"market": "0xd5c51bb818c662efc2c284104e13898fe7fefd80cf491b910addd7ac234ed435", "price_changes": [{"asset_id": "68541254571126034231099418945482557982712076075406131276451082132895559576583", "price": "0.35", "size": "100", "side": "BUY", "hash": "e00889f237dc14a95ab534881df66bad4e43cc6f", "best_bid": "0.54", "best_ask": "0.73"}, {"asset_id": "46884253392173402465701401820876631654969031310836096822983048728973810177680", "price": "0.65", "size": "100", "side": "SELL", "hash": "5001ce677b6d8f48a967983013437b598e627df9", "best_bid": "0.27", "best_ask": "0.46"}], "timestamp": "1769384448110", "event_type": "price_change"}}
{"_local_timestamp": "2026-01-25T23:40:48.192455+00:00", "data": {"market": "0xd5c51bb818c662efc2c284104e13898fe7fefd80cf491b910addd7ac234ed435", "price_changes": [{"asset_id": "68541254571126034231099418945482557982712076075406131276451082132895559576583", "price": "0.73", "size": "0", "side": "SELL", "hash": "87ad91857456b158f2c86e3339cf3b2418cd202b", "best_bid": "0.54", "best_ask": "0.74"}, {"asset_id": "46884253392173402465701401820876631654969031310836096822983048728973810177680", "price": "0.27", "size": "0", "side": "BUY", "hash": "d847129a8405b99006ca9659f433439b53faa101", "best_bid": "0.26", "best_ask": "0.46"}], "timestamp": "1769384448114", "event_type": "price_change"}}
{"_local_timestamp": "2026-01-25T23:40:48.193107+00:00", "data": {"market": "0xd5c51bb818c662efc2c284104e13898fe7fefd80cf491b910addd7ac234ed435", "price_changes": [{"asset_id": "46884253392173402465701401820876631654969031310836096822983048728973810177680", "price": "0.08", "size": "2758", "side": "BUY", "hash": "9fea2bed1ee28f8882c1ea79cb83d979f8830240", "best_bid": "0.26", "best_ask": "0.46"}, {"asset_id": "68541254571126034231099418945482557982712076075406131276451082132895559576583", "price": "0.92", "size": "2758", "side": "SELL", "hash": "68cbd709f187dfb55c5e1b0c887f5555a22961aa", "best_bid": "0.54", "best_ask": "0.74"}], "timestamp": "1769384448118", "event_type": "price_change"}}
{"_local_timestamp": "2026-01-25T23:40:48.366406+00:00", "data": {"market": "0xd5c51bb818c662efc2c284104e13898fe7fefd80cf491b910addd7ac234ed435", "price_changes": [{"asset_id": "68541254571126034231099418945482557982712076075406131276451082132895559576583", "price": "0.75", "size": "150", "side": "SELL", "hash": "13b7d0a091c54895fe2fadaaeef25d61b807bb9f", "best_bid": "0.54", "best_ask": "0.74"}, {"asset_id": "46884253392173402465701401820876631654969031310836096822983048728973810177680", "price": "0.25", "size": "150", "side": "BUY", "hash": "912a73db718a82cb2da4d9b7a92b00d393b985fe", "best_bid": "0.26", "best_ask": "0.46"}], "timestamp": "1769384448299", "event_type": "price_change"}}
{"_local_timestamp": "2026-01-25T23:40:48.476225+00:00", "data": {"market": "0xbde2403b9b99ad0e1b43dd38ec1b8caf8ca544009f2d009ed49b45b30bc678db", "price_changes": [{"asset_id": "71737079048815723210717480126437824449167459094801182110745259181522805432867", "price": "0.17", "size": "0", "side": "BUY", "hash": "27f356b7732bc643821c0cc47144f3006ac6326e", "best_bid": "0.98", "best_ask": "0.99"}, {"asset_id": "1259859893886860282466579415441484590540567376664081972995158095970809462972", "price": "0.83", "size": "0", "side": "SELL", "hash": "b8ebd22cfcc61467d2f0115d10bf172d6e664901", "best_bid": "0.01", "best_ask": "0.02"}], "timestamp": "1769384448402", "event_type": "price_change"}}
{"_local_timestamp": "2026-01-25T23:40:48.507304+00:00", "data": {"market": "0xd5c51bb818c662efc2c284104e13898fe7fefd80cf491b910addd7ac234ed435", "price_changes": [{"asset_id": "68541254571126034231099418945482557982712076075406131276451082132895559576583", "price": "0.75", "size": "300", "side": "SELL", "hash": "247c8e621029e2529f00475caf81d701bc9a2bcb", "best_bid": "0.54", "best_ask": "0.74"}, {"asset_id": "46884253392173402465701401820876631654969031310836096822983048728973810177680", "price": "0.25", "size": "300", "side": "BUY", "hash": "4a4f3e65d88886ae360c01bf404d1f2fad6ffe20", "best_bid": "0.26", "best_ask": "0.46"}], "timestamp": "1769384448436", "event_type": "price_change"}}
