{"_local_timestamp": "2026-01-25T23:33:38.702643+00:00", "data": [{"market": "0x05d200200b3351194c93f9c84a0c4f778981a6381665f22eb84b89ccc35ce00f", "asset_id": "106138435631434028043761081345991597465347501098067494181596679863422588606178", "timestamp": "1769383272731", "hash": "575fd70ecddc3fa53fc9478bb4c4faa8fd9c09d7", "bids": [{"price": "0.01", "size": "555.09"}, {"price": "0.02", "size": "1150"}, {"price": "0.03", "size": "100"}, {"price": "0.04", "size": "6.87"}, {"price": "0.05", "size": "700"}, {"price": "0.1", "size": "30400"}, {"price": "0.11", "size": "255.22"}, {"price": "0.14", "size": "50"}, {"price": "0.2", "size": "200"}, {"price": "0.28", "size": "300"}, {"price": "0.31", "size": "200"}, {"price": "0.34", "size": "125"}, {"price": "0.36", "size": "75"}, {"price": "0.39", "size": "33.33"}, {"price": "0.4", "size": "27.5"}, {"price": "0.5", "size": "20"}, {"price": "0.51", "size": "1000"}, {"price": "0.52", "size": "564.52"}], "asks": [{"price": "0.99", "size": "545.38"}, {"price": "0.98", "size": "1155.18"}, {"price": "0.97", "size": "100"}, {"price": "0.95", "size": "700"}, {"price": "0.94", "size": "14.04"}, {"price": "0.9", "size": "30400"}, {"price": "0.89", "size": "250"}, {"price": "0.8", "size": "300"}, {"price": "0.77", "size": "200"}, {"price": "0.75", "size": "125"}, {"price": "0.74", "size": "75"}, {"price": "0.71", "size": "44.82"}, {"price": "0.7", "size": "36.66"}, {"price": "0.65", "size": "1000"}, {"price": "0.64", "size": "500"}, {"price": "0.59", "size": "134.52"}], "event_type": "book", "last_trade_price": ""}, {"market": "0x05d200200b3351194c93f9c84a0c4f778981a6381665f22eb84b89ccc35ce00f", "asset_id": "51450840394653186846214273663253541976161457894009401739280347517125628501475", "timestamp": "1769383272731", "hash": "58ae5a474f705da9b3a63f91fc8246ccaedbc7ab", "bids": [{"price": "0.01", "size": "545.38"}, {"price": "0.02", "size": "1155.18"}, {"price": "0.03", "size": "100"}, {"price": "0.05", "size": "700"}, {"price": "0.06", "size": "14.04"}, {"price": "0.1", "size": "30400"}, {"price": "0.11", "size": "250"}, {"price": "0.2", "size": "300"}, {"price": "0.23", "size": "200"}, {"price": "0.25", "size": "125"}, {"price": "0.26", "size": "75"}, {"price": "0.29", "size": "44.82"}, {"price": "0.3", "size": "36.66"}, {"price": "0.35", "size": "1000"}, {"price": "0.36", "size": "500"}, {"price": "0.41", "size": "134.52"}], "asks": [{"price": "0.99", "size": "555.09"}, {"price": "0.98", "size": "1150"}, {"price": "0.97", "size": "100"}, {"price": "0.96", "size": "6.87"}, {"price": "0.95", "size": "700"}, {"price": "0.9", "size": "30400"}, {"price": "0.89", "size": "255.22"}, {"price": "0.86", "size": "50"}, {"price": "0.8", "size": "200"}, {"price": "0.72", "size": "300"}, {"price": "0.69", "size": "200"}, {"price": "0.66", "size": "125"}, {"price": "0.64", "size": "75"}, {"price": "0.61", "size": "33.33"}, {"price": "0.6", "size": "27.5"}, {"price": "0.5", "size": "20"}, {"price": "0.49", "size": "1000"}, {"price": "0.48", "size": "564.52"}], "event_type": "book", "last_trade_price": ""}]}
{"_local_timestamp": "2026-01-25T23:33:57.926504+00:00", "data": {"market": "0x05d200200b3351194c93f9c84a0c4f778981a6381665f22eb84b89ccc35ce00f", "price_changes": [{"asset_id": "51450840394653186846214273663253541976161457894009401739280347517125628501475", "price": "0.06", "size": "0", "side": "BUY", "hash": "7d06e9c07238b54ca4ead44b2dc0241d8f4fa6d8", "best_bid": "0.41", "best_ask": "0.48"}, {"asset_id": "106138435631434028043761081345991597465347501098067494181596679863422588606178", "price": "0.94", "size": "0", "side": "SELL", "hash": "8783b7969ecfd8f7ddc0568686fa07096cf3c154", "best_bid": "0.52", "best_ask": "0.59"}], "timestamp": "1769384037853", "event_type": "price_change"}}
{"_local_timestamp": "2026-01-25T23:33:58.787066+00:00", "data": {"market": "0x05d200200b3351194c93f9c84a0c4f778981a6381665f22eb84b89ccc35ce00f", "price_changes": [{"asset_id": "51450840394653186846214273663253541976161457894009401739280347517125628501475", "price": "0.03", "size": "105.94", "side": "BUY", "hash": "12a034be3ca36b138e1dad07eddd337afbba7e85", "best_bid": "0.41", "best_ask": "0.48"}, {"asset_id": "106138435631434028043761081345991597465347501098067494181596679863422588606178", "price": "0.97", "size": "105.94", "side": "SELL", "hash": "56b9ec13a129038873ff073a5f0796fc3baae4e7", "best_bid": "0.52", "best_ask": "0.59"}], "timestamp": "1769384038712", "event_type": "price_change"}}
{"_local_timestamp": "2026-01-25T23:33:58.789726+00:00", "data": {"market": "0x05d200200b3351194c93f9c84a0c4f778981a6381665f22eb84b89ccc35ce00f", "price_changes": [{"asset_id": "51450840394653186846214273663253541976161457894009401739280347517125628501475", "price": "0.07", "size": "9.49", "side": "BUY", "hash": "95bff1a6d179c98b721e4f4992374fe648ae8c92", "best_bid": "0.41", "best_ask": "0.48"}, {"asset_id": "106138435631434028043761081345991597465347501098067494181596679863422588606178", "price": "0.93", "size": "9.49", "side": "SELL", "hash": "fa07522f5a34a666d32a423eac1186fea0cc9c54", "best_bid": "0.52", "best_ask": "0.59"}], "timestamp": "1769384038713", "event_type": "price_change"}}
{"_local_timestamp": "2026-01-25T23:35:54.372180+00:00", "data": {"market": "0x05d200200b3351194c93f9c84a0c4f778981a6381665f22eb84b89ccc35ce00f", "price_changes": [{"asset_id": "51450840394653186846214273663253541976161457894009401739280347517125628501475", "price": "0.03", "size": "100", "side": "BUY", "hash": "85e43826b1fdd7338e33b98c657277c0f40c7d3c", "best_bid": "0.41", "best_ask": "0.48"}, {"asset_id": "106138435631434028043761081345991597465347501098067494181596679863422588606178", "price": "0.97", "size": "100", "side": "SELL", "hash": "09bf6b7a4b93fe45b6197d8f9f33606351988da1", "best_bid": "0.52", "best_ask": "0.59"}], "timestamp": "1769384154301", "event_type": "price_change"}}
{"_local_timestamp": "2026-01-25T23:35:54.373184+00:00", "data": {"market": "0x05d200200b3351194c93f9c84a0c4f778981a6381665f22eb84b89ccc35ce00f", "price_changes": [{"asset_id": "51450840394653186846214273663253541976161457894009401739280347517125628501475", "price": "0.07", "size": "0", "side": "BUY", "hash": "85e43826b1fdd7338e33b98c657277c0f40c7d3c", "best_bid": "0.41", "best_ask": "0.48"}, {"asset_id": "106138435631434028043761081345991597465347501098067494181596679863422588606178", "price": "0.93", "size": "0", "side": "SELL", "hash": "09bf6b7a4b93fe45b6197d8f9f33606351988da1", "best_bid": "0.52", "best_ask": "0.59"}], "timestamp": "1769384154301", "event_type": "price_change"}}
{"_local_timestamp": "2026-01-25T23:35:56.260894+00:00", "data": {"market": "0x05d200200b3351194c93f9c84a0c4f778981a6381665f22eb84b89ccc35ce00f", "price_changes": [{"asset_id": "51450840394653186846214273663253541976161457894009401739280347517125628501475", "price": "0.06", "size": "14.04", "side": "BUY", "hash": "318945814c3ed69fd5296df677f41609ebfb4b8d", "best_bid": "0.41", "best_ask": "0.48"}, {"asset_id": "106138435631434028043761081345991597465347501098067494181596679863422588606178", "price": "0.94", "size": "14.04", "side": "SELL", "hash": "a014bcd63f6c3918cd2e57365f6c669d031f61ee", "best_bid": "0.52", "best_ask": "0.59"}], "timestamp": "1769384156190", "event_type": "price_change"}}
