{"_local_timestamp": "2026-01-25T23:33:24.496258+00:00", "data": [{"market": "0x20dcffd05fef80ce9dae25faa2f108787962b03e04ec7f24e876d405dd2357c7", "asset_id": "31545917906686873913768595299654529077191931577578018246333116366442556331224", "timestamp": "1769384004280", "hash": "af8654ff566aab8517fac2f185dd587c116ef450", "bids": [{"price": "0.001", "size": "22008"}, {"price": "0.002", "size": "4191.01"}, {"price": "0.003", "size": "2524.7"}, {"price": "0.004", "size": "1012.38"}, {"price": "0.005", "size": "1009.85"}, {"price": "0.006", "size": "58.17"}, {"price": "0.007", "size": "27.69"}, {"price": "0.01", "size": "1569.39"}, {"price": "0.011", "size": "5657.34"}, {"price": "0.012", "size": "451.09"}, {"price": "0.013", "size": "10.88"}, {"price": "0.015", "size": "166.73"}, {"price": "0.016", "size": "8.7"}, {"price": "0.017", "size": "31.13"}, {"price": "0.018", "size": "278.95"}, {"price": "0.019", "size": "9.6"}, {"price": "0.02", "size": "213.47"}, {"price": "0.021", "size": "896.41"}], "asks": [{"price": "0.999", "size": "3457.08"}, {"price": "0.998", "size": "1255.04"}, {"price": "0.997", "size": "1166"}, {"price": "0.996", "size": "8.62"}, {"price": "0.994", "size": "83"}, {"price": "0.99", "size": "7800"}, {"price": "0.989", "size": "8.38"}, {"price": "0.985", "size": "500"}, {"price": "0.98", "size": "3000"}, {"price": "0.97", "size": "500"}, {"price": "0.969", "size": "8.35"}, {"price": "0.95", "size": "30"}, {"price": "0.949", "size": "39"}, {"price": "0.94", "size": "1100"}, {"price": "0.9", "size": "360"}, {"price": "0.899", "size": "5.93"}, {"price": "0.88", "size": "250"}, {"price": "0.879", "size": "550"}, {"price": "0.878", "size": "250"}, {"price": "0.85", "size": "226.66"}, {"price": "0.8", "size": "660"}, {"price": "0.797", "size": "838"}, {"price": "0.76", "size": "216.66"}, {"price": "0.71", "size": "89.65"}, {"price": "0.709", "size": "250"}, {"price": "0.66", "size": "120.58"}, {"price": "0.61", "size": "51.28"}, {"price": "0.512", "size": "3881"}, {"price": "0.511", "size": "1291"}, {"price": "0.5", "size": "15.59"}, {"price": "0.35", "size": "62.5"}, {"price": "0.3", "size": "25.83"}, {"price": "0.2", "size": "0.77"}, {"price": "0.1", "size": "200"}, {"price": "0.09", "size": "300"}, {"price": "0.05", "size": "1750.76"}, {"price": "0.045", "size": "500"}, {"price": "0.043", "size": "70.66"}, {"price": "0.042", "size": "196.6"}, {"price": "0.04", "size": "500"}, {"price": "0.038", "size": "200"}, {"price": "0.031", "size": "200"}, {"price": "0.028", "size": "130"}, {"price": "0.027", "size": "550"}, {"price": "0.026", "size": "106.7"}, {"price": "0.025", "size": "61.2"}], "event_type": "book", "last_trade_price": ""}, {"market": "0x20dcffd05fef80ce9dae25faa2f108787962b03e04ec7f24e876d405dd2357c7", "asset_id": "24939353363515854020031150894011161340697628956354156578980299107865033990526", "timestamp": "1769384004280", "hash": "3b59e9cbd56b0607e0b4b9ce2c3d294c96f4c530", "bids": [{"price": "0.001", "size": "3457.08"}, {"price": "0.002", "size": "1255.04"}, {"price": "0.003", "size": "1166"}, {"price": "0.004", "size": "8.62"}, {"price": "0.006", "size": "83"}, {"price": "0.01", "size": "7800"}, {"price": "0.011", "size": "8.38"}, {"price": "0.015", "size": "500"}, {"price": "0.02", "size": "3000"}, {"price": "0.03", "size": "500"}, {"price": "0.031", "size": "8.35"}, {"price": "0.05", "size": "30"}, {"price": "0.051", "size": "39"}, {"price": "0.06", "size": "1100"}, {"price": "0.1", "size": "360"}, {"price": "0.101", "size": "5.93"}, {"price": "0.12", "size": "250"}, {"price": "0.121", "size": "550"}, {"price": "0.122", "size": "250"}, {"price": "0.15", "size": "226.66"}, {"price": "0.2", "size": "660"}, {"price": "0.203", "size": "838"}, {"price": "0.24", "size": "216.66"}, {"price": "0.29", "size": "89.65"}, {"price": "0.291", "size": "250"}, {"price": "0.34", "size": "120.58"}, {"price": "0.39", "size": "51.28"}, {"price": "0.488", "size": "3881"}, {"price": "0.489", "size": "1291"}, {"price": "0.5", "size": "15.59"}, {"price": "0.65", "size": "62.5"}, {"price": "0.7", "size": "25.83"}, {"price": "0.8", "size": "0.77"}, {"price": "0.9", "size": "200"}, {"price": "0.91", "size": "300"}, {"price": "0.95", "size": "1750.76"}, {"price": "0.955", "size": "500"}, {"price": "0.957", "size": "70.66"}, {"price": "0.958", "size": "196.6"}, {"price": "0.96", "size": "500"}, {"price": "0.962", "size": "200"}, {"price": "0.969", "size": "200"}, {"price": "0.972", "size": "130"}, {"price": "0.973", "size": "550"}, {"price": "0.974", "size": "106.7"}, {"price": "0.975", "size": "61.2"}], "asks": [{"price": "0.999", "size": "22008"}, {"price": "0.998", "size": "4191.01"}, {"price": "0.997", "size": "2524.7"}, {"price": "0.996", "size": "1012.38"}, {"price": "0.995", "size": "1009.85"}, {"price": "0.994", "size": "58.17"}, {"price": "0.993", "size": "27.69"}, {"price": "0.99", "size": "1569.39"}, {"price": "0.989", "size": "5657.34"}, {"price": "0.988", "size": "451.09"}, {"price": "0.987", "size": "10.88"}, {"price": "0.985", "size": "166.73"}, {"price": "0.984", "size": "8.7"}, {"price": "0.983", "size": "31.13"}, {"price": "0.982", "size": "278.95"}, {"price": "0.981", "size": "9.6"}, {"price": "0.98", "size": "213.47"}, {"price": "0.979", "size": "896.41"}], "event_type": "book", "last_trade_price": ""}]}
{"_local_timestamp": "2026-01-25T23:33:33.260061+00:00", "data": {"market": "0x20dcffd05fef80ce9dae25faa2f108787962b03e04ec7f24e876d405dd2357c7", "price_changes": [{"asset_id": "24939353363515854020031150894011161340697628956354156578980299107865033990526", "price": "0.292", "size": "1438", "side": "BUY", "hash": "e228a4a646c1ce246009735829b2af99f6c612b8", "best_bid": "0.975", "best_ask": "0.979"}, {"asset_id": "31545917906686873913768595299654529077191931577578018246333116366442556331224", "price": "0.708", "size": "1438", "side": "SELL", "hash": "7a1fbee2f7ec9a9d394da8e4f9632c2113ea9e23", "best_bid": "0.021", "best_ask": "0.025"}], "timestamp": "1769384013116", "event_type": "price_change"}}
{"_local_timestamp": "2026-01-25T23:33:40.361399+00:00", "data": {"market": "0x20dcffd05fef80ce9dae25faa2f108787962b03e04ec7f24e876d405dd2357c7", "price_changes": [{"asset_id": "24939353363515854020031150894011161340697628956354156578980299107865033990526", "price": "0.291", "size": "200", "side": "BUY", "hash": "32c36f669cf5e6286c0476bc56ab24fbf675b510", "best_bid": "0.975", "best_ask": "0.979"}, {"asset_id": "31545917906686873913768595299654529077191931577578018246333116366442556331224", "price": "0.709", "size": "200", "side": "SELL", "hash": "c90fffe085d4c97e417cdc334c8dbd4f85c2f82f", "best_bid": "0.021", "best_ask": "0.025"}], "timestamp": "1769384020108", "event_type": "price_change"}}
{"_local_timestamp": "2026-01-25T23:33:40.762808+00:00", "data": {"market": "0x20dcffd05fef80ce9dae25faa2f108787962b03e04ec7f24e876d405dd2357c7", "price_changes": [{"asset_id": "24939353363515854020031150894011161340697628956354156578980299107865033990526", "price": "0.241", "size": "50", "side": "BUY", "hash": "7bcaabbb6531a152c5558e7d490c08f884b6c58e", "best_bid": "0.975", "best_ask": "0.979"}, {"asset_id": "31545917906686873913768595299654529077191931577578018246333116366442556331224", "price": "0.759", "size": "50", "side": "SELL", "hash": "95f824a0ba0e12f87298250dca347374f91f368f", "best_bid": "0.021", "best_ask": "0.025"}], "timestamp": "1769384020555", "event_type": "price_change"}}
{"_local_timestamp": "2026-01-25T23:34:27.881672+00:00", "data": {"market": "0x20dcffd05fef80ce9dae25faa2f108787962b03e04ec7f24e876d405dd2357c7", "price_changes": [{"asset_id": "24939353363515854020031150894011161340697628956354156578980299107865033990526", "price": "0.291", "size": "100", "side": "BUY", "hash": "0f603b8f6c8848079eeea1610abc9d42aaaff00f", "best_bid": "0.975", "best_ask": "0.979"}, {"asset_id": "31545917906686873913768595299654529077191931577578018246333116366442556331224", "price": "0.709", "size": "100", "side": "SELL", "hash": "710a40785d3341d6d931aa5db46e4bdf463ec1cb", "best_bid": "0.021", "best_ask": "0.025"}], "timestamp": "1769384067604", "event_type": "price_change"}}
{"_local_timestamp": "2026-01-25T23:34:28.598060+00:00", "data": {"market": "0x20dcffd05fef80ce9dae25faa2f108787962b03e04ec7f24e876d405dd2357c7", "price_changes": [{"asset_id": "24939353363515854020031150894011161340697628956354156578980299107865033990526", "price": "0.241", "size": "150", "side": "BUY", "hash": "814005e6cced94447fd54af76c1ed1c2651dab0f", "best_bid": "0.975", "best_ask": "0.979"}, {"asset_id": "31545917906686873913768595299654529077191931577578018246333116366442556331224", "price": "0.759", "size": "150", "side": "SELL", "hash": "27f02173d45d02d3be64f167a6656c209ea950ca", "best_bid": "0.021", "best_ask": "0.025"}], "timestamp": "1769384068172", "event_type": "price_change"}}
{"_local_timestamp": "2026-01-25T23:34:43.641265+00:00", "data": {"market": "0x20dcffd05fef80ce9dae25faa2f108787962b03e04ec7f24e876d405dd2357c7", "price_changes": [{"asset_id": "24939353363515854020031150894011161340697628956354156578980299107865033990526", "price": "0.291", "size": "50", "side": "BUY", "hash": "fef1baf9dd9434739c390113816b82c44347806a", "best_bid": "0.975", "best_ask": "0.979"}, {"asset_id": "31545917906686873913768595299654529077191931577578018246333116366442556331224", "price": "0.709", "size": "50", "side": "SELL", "hash": "9145030356bd43ae42beba4479dbc21fb8bdfa04", "best_bid": "0.021", "best_ask": "0.025"}], "timestamp": "1769384083548", "event_type": "price_change"}}
{"_local_timestamp": "2026-01-25T23:34:43.866502+00:00", "data": {"market": "0x20dcffd05fef80ce9dae25faa2f108787962b03e04ec7f24e876d405dd2357c7", "price_changes": [{"asset_id": "24939353363515854020031150894011161340697628956354156578980299107865033990526", "price": "0.292", "size": "1488", "side": "BUY", "hash": "f1faae7ba964724281ed3ce94591a67488607377", "best_bid": "0.975", "best_ask": "0.979"}, {"asset_id": "31545917906686873913768595299654529077191931577578018246333116366442556331224", "price": "0.708", "size": "1488", "side": "SELL", "hash": "437c2d6648ea888bc8636060a800573779607e8b", "best_bid": "0.021", "best_ask": "0.025"}], "timestamp": "1769384083797", "event_type": "price_change"}}
{"_local_timestamp": "2026-01-25T23:35:23.930060+00:00", "data": {"market": "0x20dcffd05fef80ce9dae25faa2f108787962b03e04ec7f24e876d405dd2357c7", "price_changes": [{"asset_id": "24939353363515854020031150894011161340697628956354156578980299107865033990526", "price": "0.24", "size": "116.66", "side": "BUY", "hash": "cea6d2b57afa8aecf342b93ab8ebe363b55f09de", "best_bid": "0.975", "best_ask": "0.979"}, {"asset_id": "31545917906686873913768595299654529077191931577578018246333116366442556331224", "price": "0.76", "size": "116.66", "side": "SELL", "hash": "e235c7209372b0fcaf1e54f3a1b9fcb25809d9e1", "best_bid": "0.021", "best_ask": "0.025"}], "timestamp": "1769384123680", "event_type": "price_change"}}
{"_local_timestamp": "2026-01-25T23:35:24.461194+00:00", "data": {"market": "0x20dcffd05fef80ce9dae25faa2f108787962b03e04ec7f24e876d405dd2357c7", "price_changes": [{"asset_id": "24939353363515854020031150894011161340697628956354156578980299107865033990526", "price": "0.241", "size": "250", "side": "BUY", "hash": "a834eddd0fa00dd41b3ce8ce646828f1337c5820", "best_bid": "0.975", "best_ask": "0.979"}, {"asset_id": "31545917906686873913768595299654529077191931577578018246333116366442556331224", "price": "0.759", "size": "250", "side": "SELL", "hash": "1d605dd5044151e12763b130452941476b4a70b7", "best_bid": "0.021", "best_ask": "0.025"}], "timestamp": "1769384124073", "event_type": "price_change"}}
{"_local_timestamp": "2026-01-25T23:35:26.852438+00:00", "data": {"market": "0x20dcffd05fef80ce9dae25faa2f108787962b03e04ec7f24e876d405dd2357c7", "price_changes": [{"asset_id": "24939353363515854020031150894011161340697628956354156578980299107865033990526", "price": "0.241", "size": "200", "side": "BUY", "hash": "6eb73b315ec5b871cd75a3cf9343060b3104ceec", "best_bid": "0.975", "best_ask": "0.979"}, {"asset_id": "31545917906686873913768595299654529077191931577578018246333116366442556331224", "price": "0.759", "size": "200", "side": "SELL", "hash": "3028c1c0dc3c77d626c28e24f2c8eab16c136072", "best_bid": "0.021", "best_ask": "0.025"}], "timestamp": "1769384126565", "event_type": "price_change"}}
{"_local_timestamp": "2026-01-25T23:35:27.164662+00:00", "data": {"market": "0x20dcffd05fef80ce9dae25faa2f108787962b03e04ec7f24e876d405dd2357c7", "price_changes": [{"asset_id": "24939353363515854020031150894011161340697628956354156578980299107865033990526", "price": "0.292", "size": "1538", "side": "BUY", "hash": "d8be28513dc0d0abfbdb1621afafad7bd511ba22", "best_bid": "0.975", "best_ask": "0.979"}, {"asset_id": "31545917906686873913768595299654529077191931577578018246333116366442556331224", "price": "0.708", "size": "1538", "side": "SELL", "hash": "ff1c0f2eafd947b695f030ff28cbc75755f95b1f", "best_bid": "0.021", "best_ask": "0.025"}], "timestamp": "1769384126872", "event_type": "price_change"}}
{"_local_timestamp": "2026-01-25T23:35:56.449494+00:00", "data": {"market": "0x20dcffd05fef80ce9dae25faa2f108787962b03e04ec7f24e876d405dd2357c7", "price_changes": [{"asset_id": "24939353363515854020031150894011161340697628956354156578980299107865033990526", "price": "0.291", "size": "0", "side": "BUY", "hash": "397c8779540ec4adee819942f1ddbca80a0fd1d8", "best_bid": "0.975", "best_ask": "0.979"}, {"asset_id": "31545917906686873913768595299654529077191931577578018246333116366442556331224", "price": "0.709", "size": "0", "side": "SELL", "hash": "cfc508bf8dc1a526065a2ff27c2962558e692a8f", "best_bid": "0.021", "best_ask": "0.025"}], "timestamp": "1769384156294", "event_type": "price_change"}}
{"_local_timestamp": "2026-01-25T23:35:56.859643+00:00", "data": {"market": "0x20dcffd05fef80ce9dae25faa2f108787962b03e04ec7f24e876d405dd2357c7", "price_changes": [{"asset_id": "24939353363515854020031150894011161340697628956354156578980299107865033990526", "price": "0.292", "size": "1588", "side": "BUY", "hash": "6bcc8e4e1475fa209a52d2246d21124eb47042e7", "best_bid": "0.975", "best_ask": "0.979"}, {"asset_id": "31545917906686873913768595299654529077191931577578018246333116366442556331224", "price": "0.708", "size": "1588", "side": "SELL", "hash": "555ecfdb10dd2000b6631caaa85cf192b93bea00", "best_bid": "0.021", "best_ask": "0.025"}], "timestamp": "1769384156733", "event_type": "price_change"}}
{"_local_timestamp": "2026-01-25T23:36:02.375500+00:00", "data": {"market": "0x20dcffd05fef80ce9dae25faa2f108787962b03e04ec7f24e876d405dd2357c7", "price_changes": [{"asset_id": "24939353363515854020031150894011161340697628956354156578980299107865033990526", "price": "0.241", "size": "100", "side": "BUY", "hash": "7f4491d114e0ae08e5e87a5ad5a87900b2b0b1b2", "best_bid": "0.975", "best_ask": "0.979"}, {"asset_id": "31545917906686873913768595299654529077191931577578018246333116366442556331224", "price": "0.759", "size": "100", "side": "SELL", "hash": "d2edd24263181722d5b81ac68ff7e7a2d8aabc8e", "best_bid": "0.021", "best_ask": "0.025"}], "timestamp": "1769384162265", "event_type": "price_change"}}
{"_local_timestamp": "2026-01-25T23:36:02.683663+00:00", "data": {"market": "0x20dcffd05fef80ce9dae25faa2f108787962b03e04ec7f24e876d405dd2357c7", "price_changes": [{"asset_id": "24939353363515854020031150894011161340697628956354156578980299107865033990526", "price": "0.24", "size": "216.66", "side": "BUY", "hash": "669aaccfdadea3edab3f6e7b245f673f8d49daae", "best_bid": "0.975", "best_ask": "0.979"}, {"asset_id": "31545917906686873913768595299654529077191931577578018246333116366442556331224", "price": "0.76", "size": "216.66", "side": "SELL", "hash": "7b3b2dba5b2d14cc4a4d0233568f9715420eff27", "best_bid": "0.021", "best_ask": "0.025"}], "timestamp": "1769384162559", "event_type": "price_change"}}
{"_local_timestamp": "2026-01-25T23:36:55.185212+00:00", "data": {"market": "0x20dcffd05fef80ce9dae25faa2f108787962b03e04ec7f24e876d405dd2357c7", "price_changes": [{"asset_id": "24939353363515854020031150894011161340697628956354156578980299107865033990526", "price": "0.241", "size": "0", "side": "BUY", "hash": "6a654546ac5d91dc1ed1ca1e0a8821ee3c8767b4", "best_bid": "0.975", "best_ask": "0.979"}, {"asset_id": "31545917906686873913768595299654529077191931577578018246333116366442556331224", "price": "0.759", "size": "0", "side": "SELL", "hash": "cc755444c99f0fc94b98bed61131d3e4490dd310", "best_bid": "0.021", "best_ask": "0.025"}], "timestamp": "1769384215036", "event_type": "price_change"}}
{"_local_timestamp": "2026-01-25T23:36:56.082408+00:00", "data": {"market": "0x20dcffd05fef80ce9dae25faa2f108787962b03e04ec7f24e876d405dd2357c7", "price_changes": [{"asset_id": "24939353363515854020031150894011161340697628956354156578980299107865033990526", "price": "0.292", "size": "1688", "side": "BUY", "hash": "83da50f96f4aebba03391538d165db4bb1c92d0b", "best_bid": "0.975", "best_ask": "0.979"}, {"asset_id": "31545917906686873913768595299654529077191931577578018246333116366442556331224", "price": "0.708", "size": "1688", "side": "SELL", "hash": "6861f066f8532651b4dc8757b4a735a43a1ae0e3", "best_bid": "0.021", "best_ask": "0.025"}], "timestamp": "1769384215690", "event_type": "price_change"}}
{"_local_timestamp": "2026-01-25T23:37:35.253631+00:00", "data": {"market": "0x20dcffd05fef80ce9dae25faa2f108787962b03e04ec7f24e876d405dd2357c7", "price_changes": [{"asset_id": "24939353363515854020031150894011161340697628956354156578980299107865033990526", "price": "0.292", "size": "250", "side": "BUY", "hash": "cccbe40bd3ab8344cc96e0ccfa5e41e758ff678c", "best_bid": "0.975", "best_ask": "0.979"}, {"asset_id": "31545917906686873913768595299654529077191931577578018246333116366442556331224", "price": "0.708", "size": "250", "side": "SELL", "hash": "c2200eb237083df3b164cd88ec0628a0f6170cce", "best_bid": "0.021", "best_ask": "0.025"}], "timestamp": "1769384255117", "event_type": "price_change"}}
{"_local_timestamp": "2026-01-25T23:38:19.019390+00:00", "data": {"market": "0x20dcffd05fef80ce9dae25faa2f108787962b03e04ec7f24e876d405dd2357c7", "price_changes": [{"asset_id": "24939353363515854020031150894011161340697628956354156578980299107865033990526", "price": "0.241", "size": "1742", "side": "BUY", "hash": "45ef5802097f91ccc00676011e9af35b49355c5d", "best_bid": "0.975", "best_ask": "0.979"}, {"asset_id": "31545917906686873913768595299654529077191931577578018246333116366442556331224", "price": "0.759", "size": "1742", "side": "SELL", "hash": "b8831629b10e0993928f7047e5820735b211e639", "best_bid": "0.021", "best_ask": "0.025"}], "timestamp": "1769384298948", "event_type": "price_change"}}
