{"_local_timestamp": "2026-01-25T23:40:35.860341+00:00", "data": [{"market": "0x20dcffd05fef80ce9dae25faa2f108787962b03e04ec7f24e876d405dd2357c7", "asset_id": "24939353363515854020031150894011161340697628956354156578980299107865033990526", "timestamp": "1769384428732", "hash": "dc4212c3abe7f0ea01f0a071d180ca0bca84277f", "bids": [{"price": "0.001", "size": "3457.08"}, {"price": "0.002", "size": "1255.04"}, {"price": "0.003", "size": "1166"}, {"price": "0.004", "size": "8.62"}, {"price": "0.006", "size": "83"}, {"price": "0.01", "size": "7800"}, {"price": "0.011", "size": "8.38"}, {"price": "0.015", "size": "500"}, {"price": "0.02", "size": "3000"}, {"price": "0.03", "size": "500"}, {"price": "0.031", "size": "8.35"}, {"price": "0.05", "size": "30"}, {"price": "0.051", "size": "39"}, {"price": "0.06", "size": "1100"}, {"price": "0.1", "size": "360"}, {"price": "0.101", "size": "5.93"}, {"price": "0.12", "size": "250"}, {"price": "0.121", "size": "550"}, {"price": "0.122", "size": "250"}, {"price": "0.15", "size": "226.66"}, {"price": "0.2", "size": "660"}, {"price": "0.203", "size": "788"}, {"price": "0.24", "size": "216.66"}, {"price": "0.241", "size": "50"}, {"price": "0.29", "size": "89.65"}, {"price": "0.292", "size": "250"}, {"price": "0.293", "size": "1432"}, {"price": "0.34", "size": "120.58"}, {"price": "0.39", "size": "51.28"}, {"price": "0.488", "size": "3881"}, {"price": "0.489", "size": "1291"}, {"price": "0.5", "size": "15.59"}, {"price": "0.65", "size": "62.5"}, {"price": "0.7", "size": "25.83"}, {"price": "0.8", "size": "0.77"}, {"price": "0.9", "size": "200"}, {"price": "0.91", "size": "300"}, {"price": "0.95", "size": "1750.76"}, {"price": "0.955", "size": "500"}, {"price": "0.957", "size": "70.66"}, {"price": "0.958", "size": "196.6"}, {"price": "0.96", "size": "500"}, {"price": "0.962", "size": "200"}, {"price": "0.969", "size": "200"}, {"price": "0.972", "size": "130"}, {"price": "0.973", "size": "550"}, {"price": "0.974", "size": "106.7"}, {"price": "0.975", "size": "61.2"}], "asks": [{"price": "0.999", "size": "22008"}, {"price": "0.998", "size": "4191.01"}, {"price": "0.997", "size": "2524.7"}, {"price": "0.996", "size": "1012.38"}, {"price": "0.995", "size": "1009.85"}, {"price": "0.994", "size": "58.17"}, {"price": "0.993", "size": "27.69"}, {"price": "0.99", "size": "1569.39"}, {"price": "0.989", "size": "5657.34"}, {"price": "0.988", "size": "451.09"}, {"price": "0.987", "size": "10.88"}, {"price": "0.985", "size": "166.73"}, {"price": "0.984", "size": "8.7"}, {"price": "0.983", "size": "31.13"}, {"price": "0.982", "size": "278.95"}, {"price": "0.981", "size": "9.6"}, {"price": "0.98", "size": "213.47"}, {"price": "0.979", "size": "896.41"}], "event_type": "book", "last_trade_price": ""}, {"market": "0x20dcffd05fef80ce9dae25faa2f108787962b03e04ec7f24e876d405dd2357c7", "asset_id": "31545917906686873913768595299654529077191931577578018246333116366442556331224", "timestamp": "1769384428732", "hash": "8029dc656808ab11b31b91f124c5607f243d24d9", "bids": [{"price": "0.001", "size": "22008"}, {"price": "0.002", "size": "4191.01"}, {"price": "0.003", "size": "2524.7"}, {"price": "0.004", "size": "1012.38"}, {"price": "0.005", "size": "1009.85"}, {"price": "0.006", "size": "58.17"}, {"price": "0.007", "size": "27.69"}, {"price": "0.01", "size": "1569.39"}, {"price": "0.011", "size": "5657.34"}, {"price": "0.012", "size": "451.09"}, {"price": "0.013", "size": "10.88"}, {"price": "0.015", "size": "166.73"}, {"price": "0.016", "size": "8.7"}, {"price": "0.017", "size": "31.13"}, {"price": "0.018", "size": "278.95"}, {"price": "0.019", "size": "9.6"}, {"price": "0.02", "size": "213.47"}, {"price": "0.021", "size": "896.41"}], "asks": [{"price": "0.999", "size": "3457.08"}, {"price": "0.998", "size": "1255.04"}, {"price": "0.997", "size": "1166"}, {"price": "0.996", "size": "8.62"}, {"price": "0.994", "size": "83"}, {"price": "0.99", "size": "7800"}, {"price": "0.989", "size": "8.38"}, {"price": "0.985", "size": "500"}, {"price": "0.98", "size": "3000"}, {"price": "0.97", "size": "500"}, {"price": "0.969", "size": "8.35"}, {"price": "0.95", "size": "30"}, {"price": "0.949", "size": "39"}, {"price": "0.94", "size": "1100"}, {"price": "0.9", "size": "360"}, {"price": "0.899", "size": "5.93"}, {"price": "0.88", "size": "250"}, {"price": "0.879", "size": "550"}, {"price": "0.878", "size": "250"}, {"price": "0.85", "size": "226.66"}, {"price": "0.8", "size": "660"}, {"price": "0.797", "size": "788"}, {"price": "0.76", "size": "216.66"}, {"price": "0.759", "size": "50"}, {"price": "0.71", "size": "89.65"}, {"price": "0.708", "size": "250"}, {"price": "0.707", "size": "1432"}, {"price": "0.66", "size": "120.58"}, {"price": "0.61", "size": "51.28"}, {"price": "0.512", "size": "3881"}, {"price": "0.511", "size": "1291"}, {"price": "0.5", "size": "15.59"}, {"price": "0.35", "size": "62.5"}, {"price": "0.3", "size": "25.83"}, {"price": "0.2", "size": "0.77"}, {"price": "0.1", "size": "200"}, {"price": "0.09", "size": "300"}, {"price": "0.05", "size": "1750.76"}, {"price": "0.045", "size": "500"}, {"price": "0.043", "size": "70.66"}, {"price": "0.042", "size": "196.6"}, {"price": "0.04", "size": "500"}, {"price": "0.038", "size": "200"}, {"price": "0.031", "size": "200"}, {"price": "0.028", "size": "130"}, {"price": "0.027", "size": "550"}, {"price": "0.026", "size": "106.7"}, {"price": "0.025", "size": "61.2"}], "event_type": "book", "last_trade_price": ""}]}
{"_local_timestamp": "2026-01-25T23:40:40.486285+00:00", "data": {"market": "0x20dcffd05fef80ce9dae25faa2f108787962b03e04ec7f24e876d405dd2357c7", "price_changes": [{"asset_id": "24939353363515854020031150894011161340697628956354156578980299107865033990526", "price": "0.292", "size": "200", "side": "BUY", "hash": "3fd62d4ea1beabab67633fcff277f5748826e518", "best_bid": "0.975", "best_ask": "0.979"}, {"asset_id": "31545917906686873913768595299654529077191931577578018246333116366442556331224", "price": "0.708", "size": "200", "side": "SELL", "hash": "e99e2a7ef273c0795a4ddd62121cdaaffbd55c89", "best_bid": "0.021", "best_ask": "0.025"}], "timestamp": "1769384440280", "event_type": "price_change"}}
{"_local_timestamp": "2026-01-25T23:40:40.788264+00:00", "data": {"market": "0x20dcffd05fef80ce9dae25faa2f108787962b03e04ec7f24e876d405dd2357c7", "price_changes": [{"asset_id": "24939353363515854020031150894011161340697628956354156578980299107865033990526", "price": "0.241", "size": "100", "side": "BUY", "hash": "c087a217b16c81a667b78849fd6472e253490fd3", "best_bid": "0.975", "best_ask": "0.979"}, {"asset_id": "31545917906686873913768595299654529077191931577578018246333116366442556331224", "price": "0.759", "size": "100", "side": "SELL", "hash": "58bfe75cdeb0173c11f396998463dc27c62425a0", "best_bid": "0.021", "best_ask": "0.025"}], "timestamp": "1769384440610", "event_type": "price_change"}}
{"_local_timestamp": "2026-01-25T23:41:09.614061+00:00", "data": {"market": "0x20dcffd05fef80ce9dae25faa2f108787962b03e04ec7f24e876d405dd2357c7", "price_changes": [{"asset_id": "24939353363515854020031150894011161340697628956354156578980299107865033990526", "price": "0.292", "size": "150", "side": "BUY", "hash": "cdef5c4fa89d7ff4ed5b4e131e623a90a7aaa33b", "best_bid": "0.975", "best_ask": "0.979"}, {"asset_id": "31545917906686873913768595299654529077191931577578018246333116366442556331224", "price": "0.708", "size": "150", "side": "SELL", "hash": "f468159bf22066b2f4a74210993f1880bbbc2ef5", "best_bid": "0.021", "best_ask": "0.025"}], "timestamp": "1769384469534", "event_type": "price_change"}}
{"_local_timestamp": "2026-01-25T23:41:09.903549+00:00", "data": {"market": "0x20dcffd05fef80ce9dae25faa2f108787962b03e04ec7f24e876d405dd2357c7", "price_changes": [{"asset_id": "24939353363515854020031150894011161340697628956354156578980299107865033990526", "price": "0.293", "size": "1482", "side": "BUY", "hash": "00dad5510ddc80b534d889b6b9435d104b77e03f", "best_bid": "0.975", "best_ask": "0.979"}, {"asset_id": "31545917906686873913768595299654529077191931577578018246333116366442556331224", "price": "0.707", "size": "1482", "side": "SELL", "hash": "25b9c2309150a2dd4f2b02e82454973265602b9e", "best_bid": "0.021", "best_ask": "0.025"}], "timestamp": "1769384469802", "event_type": "price_change"}}
{"_local_timestamp": "2026-01-25T23:42:24.683558+00:00", "data": {"market": "0x20dcffd05fef80ce9dae25faa2f108787962b03e04ec7f24e876d405dd2357c7", "price_changes": [{"asset_id": "24939353363515854020031150894011161340697628956354156578980299107865033990526", "price": "0.241", "size": "50", "side": "BUY", "hash": "d5f1fa8daf60bcba3dc91df9f0ee8d480c66001c", "best_bid": "0.975", "best_ask": "0.979"}, {"asset_id": "31545917906686873913768595299654529077191931577578018246333116366442556331224", "price": "0.759", "size": "50", "side": "SELL", "hash": "8633b37ce54cefa50c80dfac154883d76ac6f6e7", "best_bid": "0.021", "best_ask": "0.025"}], "timestamp": "1769384544492", "event_type": "price_change"}}
{"_local_timestamp": "2026-01-25T23:42:25.062797+00:00", "data": {"market": "0x20dcffd05fef80ce9dae25faa2f108787962b03e04ec7f24e876d405dd2357c7", "price_changes": [{"asset_id": "24939353363515854020031150894011161340697628956354156578980299107865033990526", "price": "0.293", "size": "1532", "side": "BUY", "hash": "30275ce56e4ef902f8a8b45e5e9f4505ed8a03e5", "best_bid": "0.975", "best_ask": "0.979"}, {"asset_id": "31545917906686873913768595299654529077191931577578018246333116366442556331224", "price": "0.707", "size": "1532", "side": "SELL", "hash": "dc840fb0069adc451eeb4fefe306ab30adbc0ba8", "best_bid": "0.021", "best_ask": "0.025"}], "timestamp": "1769384544930", "event_type": "price_change"}}
{"_local_timestamp": "2026-01-25T23:42:45.468481+00:00", "data": {"market": "0x20dcffd05fef80ce9dae25faa2f108787962b03e04ec7f24e876d405dd2357c7", "price_changes": [{"asset_id": "24939353363515854020031150894011161340697628956354156578980299107865033990526", "price": "0.292", "size": "100", "side": "BUY", "hash": "4fc21905924fda7872a34d4c40f77717c13d591a", "best_bid": "0.975", "best_ask": "0.979"}, {"asset_id": "31545917906686873913768595299654529077191931577578018246333116366442556331224", "price": "0.708", "size": "100", "side": "SELL", "hash": "3bb5c9fd2051f55ba4b308c17cda767d4454bbb9", "best_bid": "0.021", "best_ask": "0.025"}], "timestamp": "1769384565224", "event_type": "price_change"}}
{"_local_timestamp": "2026-01-25T23:42:45.469447+00:00", "data": {"market": "0x20dcffd05fef80ce9dae25faa2f108787962b03e04ec7f24e876d405dd2357c7", "price_changes": [{"asset_id": "24939353363515854020031150894011161340697628956354156578980299107865033990526", "price": "0.241", "size": "0", "side": "BUY", "hash": "4fc21905924fda7872a34d4c40f77717c13d591a", "best_bid": "0.975", "best_ask": "0.979"}, {"asset_id": "31545917906686873913768595299654529077191931577578018246333116366442556331224", "price": "0.759", "size": "0", "side": "SELL", "hash": "3bb5c9fd2051f55ba4b308c17cda767d4454bbb9", "best_bid": "0.021", "best_ask": "0.025"}], "timestamp": "1769384565224", "event_type": "price_change"}}
{"_local_timestamp": "2026-01-25T23:42:45.776224+00:00", "data": {"market": "0x20dcffd05fef80ce9dae25faa2f108787962b03e04ec7f24e876d405dd2357c7", "price_changes": [{"asset_id": "24939353363515854020031150894011161340697628956354156578980299107865033990526", "price": "0.203", "size": "838", "side": "BUY", "hash": "78390be67ae5e628c126f7509b8a0d7d87668710", "best_bid": "0.975", "best_ask": "0.979"}, {"asset_id": "31545917906686873913768595299654529077191931577578018246333116366442556331224", "price": "0.797", "size": "838", "side": "SELL", "hash": "d72213b89e8e6cf994963af814587ec937abe724", "best_bid": "0.021", "best_ask": "0.025"}], "timestamp": "1769384565596", "event_type": "price_change"}}
{"_local_timestamp": "2026-01-25T23:42:45.831385+00:00", "data": {"market": "0x20dcffd05fef80ce9dae25faa2f108787962b03e04ec7f24e876d405dd2357c7", "price_changes": [{"asset_id": "24939353363515854020031150894011161340697628956354156578980299107865033990526", "price": "0.293", "size": "1582", "side": "BUY", "hash": "f85615d59dec85ef10b08c535bb557337eb18167", "best_bid": "0.975", "best_ask": "0.979"}, {"asset_id": "31545917906686873913768595299654529077191931577578018246333116366442556331224", "price": "0.707", "size": "1582", "side": "SELL", "hash": "5a7ee2f72a1d8f232a9191e59d30b81a09f1f80c", "best_bid": "0.021", "best_ask": "0.025"}], "timestamp": "1769384565624", "event_type": "price_change"}}
{"_local_timestamp": "2026-01-25T23:43:38.858314+00:00", "data": {"market": "0x20dcffd05fef80ce9dae25faa2f108787962b03e04ec7f24e876d405dd2357c7", "price_changes": [{"asset_id": "24939353363515854020031150894011161340697628956354156578980299107865033990526", "price": "0.488", "size": "0", "side": "BUY", "hash": "4388911352cbe2331a99ca0fd31113539961cf86", "best_bid": "0.975", "best_ask": "0.979"}, {"asset_id": "31545917906686873913768595299654529077191931577578018246333116366442556331224", "price": "0.512", "size": "0", "side": "SELL", "hash": "fc106aff50c69dca4ea84cf773445c801382049c", "best_bid": "0.021", "best_ask": "0.025"}], "timestamp": "1769384618748", "event_type": "price_change"}}
{"_local_timestamp": "2026-01-25T23:43:39.002999+00:00", "data": {"market": "0x20dcffd05fef80ce9dae25faa2f108787962b03e04ec7f24e876d405dd2357c7", "price_changes": [{"asset_id": "24939353363515854020031150894011161340697628956354156578980299107865033990526", "price": "0.49", "size": "3876", "side": "BUY", "hash": "37802a4d8b71e157b353729383c806a74378caa4", "best_bid": "0.975", "best_ask": "0.979"}, {"asset_id": "31545917906686873913768595299654529077191931577578018246333116366442556331224", "price": "0.51", "size": "3876", "side": "SELL", "hash": "908d3e63212797f4bca8e9180ecd387b56fd77f3", "best_bid": "0.021", "best_ask": "0.025"}], "timestamp": "1769384618918", "event_type": "price_change"}}
