{"_local_timestamp": "2026-01-25T23:40:35.860341+00:00", "data": [{"market": "0x20dcffd05fef80ce9dae25faa2f108787962b03e04ec7f24e876d405dd2357c7", "asset_id": "24939353363515854020031150894011161340697628956354156578980299107865033990526", "timestamp": "1769384428732", "hash": "dc4212c3abe7f0ea01f0a071d180ca0bca84277f", "bids": [{"price": "0.001", "size": "3457.08"}, {"price": "0.002", "size": "1255.04"}, {"price": "0.003", "size": "1166"}, {"price": "0.004", "size": "8.62"}, {"price": "0.006", "size": "83"}, {"price": "0.01", "size": "7800"}, {"price": "0.011", "size": "8.38"}, {"price": "0.015", "size": "500"}, {"price": "0.02", "size": "3000"}, {"price": "0.03", "size": "500"}, {"price": "0.031", "size": "8.35"}, {"price": "0.05", "size": "30"}, {"price": "0.051", "size": "39"}, {"price": "0.06", "size": "1100"}, {"price": "0.1", "size": "360"}, {"price": "0.101", "size": "5.93"}, {"price": "0.12", "size": "250"}, {"price": "0.121", "size": "550"}, {"price": "0.122", "size": "250"}, {"price": "0.15", "size": "226.66"}, {"price": "0.2", "size": "660"}, {"price": "0.203", "size": "788"}, {"price": "0.24", "size": "216.66"}, {"price": "0.241", "size": "50"}, {"price": "0.29", "size": "89.65"}, {"price": "0.292", "size": "250"}, {"price": "0.293", "size": "1432"}, {"price": "0.34", "size": "120.58"}, {"price": "0.39", "size": "51.28"}, {"price": "0.488", "size": "3881"}, {"price": "0.489", "size": "1291"}, {"price": "0.5", "size": "15.59"}, {"price": "0.65", "size": "62.5"}, {"price": "0.7", "size": "25.83"}, {"price": "0.8", "size": "0.77"}, {"price": "0.9", "size": "200"}, {"price": "0.91", "size": "300"}, {"price": "0.95", "size": "1750.76"}, {"price": "0.955", "size": "500"}, {"price": "0.957", "size": "70.66"}, {"price": "0.958", "size": "196.6"}, {"price": "0.96", "size": "500"}, {"price": "0.962", "size": "200"}, {"price": "0.969", "size": "200"}, {"price": "0.972", "size": "130"}, {"price": "0.973", "size": "550"}, {"price": "0.974", "size": "106.7"}, {"price": "0.975", "size": "61.2"}], "asks": [{"price": "0.999", "size": "22008"}, {"price": "0.998", "size": "4191.01"}, {"price": "0.997", "size": "2524.7"}, {"price": "0.996", "size": "1012.38"}, {"price": "0.995", "size": "1009.85"}, {"price": "0.994", "size": "58.17"}, {"price": "0.993", "size": "27.69"}, {"price": "0.99", "size": "1569.39"}, {"price": "0.989", "size": "5657.34"}, {"price": "0.988", "size": "451.09"}, {"price": "0.987", "size": "10.88"}, {"price": "0.985", "size": "166.73"}, {"price": "0.984", "size": "8.7"}, {"price": "0.983", "size": "31.13"}, {"price": "0.982", "size": "278.95"}, {"price": "0.981", "size": "9.6"}, {"price": "0.98", "size": "213.47"}, {"price": "0.979", "size": "896.41"}], "event_type": "book", "last_trade_price": ""}, {"market": "0x20dcffd05fef80ce9dae25faa2f108787962b03e04ec7f24e876d405dd2357c7", "asset_id": "31545917906686873913768595299654529077191931577578018246333116366442556331224", "timestamp": "1769384428732", "hash": "8029dc656808ab11b31b91f124c5607f243d24d9", "bids": [{"price": "0.001", "size": "22008"}, {"price": "0.002", "size": "4191.01"}, {"price": "0.003", "size": "2524.7"}, {"price": "0.004", "size": "1012.38"}, {"price": "0.005", "size": "1009.85"}, {"price": "0.006", "size": "58.17"}, {"price": "0.007", "size": "27.69"}, {"price": "0.01", "size": "1569.39"}, {"price": "0.011", "size": "5657.34"}, {"price": "0.012", "size": "451.09"}, {"price": "0.013", "size": "10.88"}, {"price": "0.015", "size": "166.73"}, {"price": "0.016", "size": "8.7"}, {"price": "0.017", "size": "31.13"}, {"price": "0.018", "size": "278.95"}, {"price": "0.019", "size": "9.6"}, {"price": "0.02", "size": "213.47"}, {"price": "0.021", "size": "896.41"}], "asks": [{"price": "0.999", "size": "3457.08"}, {"price": "0.998", "size": "1255.04"}, {"price": "0.997", "size": "1166"}, {"price": "0.996", "size": "8.62"}, {"price": "0.994", "size": "83"}, {"price": "0.99", "size": "7800"}, {"price": "0.989", "size": "8.38"}, {"price": "0.985", "size": "500"}, {"price": "0.98", "size": "3000"}, {"price": "0.97", "size": "500"}, {"price": "0.969", "size": "8.35"}, {"price": "0.95", "size": "30"}, {"price": "0.949", "size": "39"}, {"price": "0.94", "size": "1100"}, {"price": "0.9", "size": "360"}, {"price": "0.899", "size": "5.93"}, {"price": "0.88", "size": "250"}, {"price": "0.879", "size": "550"}, {"price": "0.878", "size": "250"}, {"price": "0.85", "size": "226.66"}, {"price": "0.8", "size": "660"}, {"price": "0.797", "size": "788"}, {"price": "0.76", "size": "216.66"}, {"price": "0.759", "size": "50"}, {"price": "0.71", "size": "89.65"}, {"price": "0.708", "size": "250"}, {"price": "0.707", "size": "1432"}, {"price": "0.66", "size": "120.58"}, {"price": "0.61", "size": "51.28"}, {"price": "0.512", "size": "3881"}, {"price": "0.511", "size": "1291"}, {"price": "0.5", "size": "15.59"}, {"price": "0.35", "size": "62.5"}, {"price": "0.3", "size": "25.83"}, {"price": "0.2", "size": "0.77"}, {"price": "0.1", "size": "200"}, {"price": "0.09", "size": "300"}, {"price": "0.05", "size": "1750.76"}, {"price": "0.045", "size": "500"}, {"price": "0.043", "size": "70.66"}, {"price": "0.042", "size": "196.6"}, {"price": "0.04", "size": "500"}, {"price": "0.038", "size": "200"}, {"price": "0.031", "size": "200"}, {"price": "0.028", "size": "130"}, {"price": "0.027", "size": "550"}, {"price": "0.026", "size": "106.7"}, {"price": "0.025", "size": "61.2"}], "event_type": "book", "last_trade_price": ""}]}
{"_local_timestamp": "2026-01-25T23:40:40.486285+00:00", "data": {"market": "0x20dcffd05fef80ce9dae25faa2f108787962b03e04ec7f24e876d405dd2357c7", "price_changes": [{"asset_id": "24939353363515854020031150894011161340697628956354156578980299107865033990526", "price": "0.292", "size": "200", "side": "BUY", "hash": "3fd62d4ea1beabab67633fcff277f5748826e518", "best_bid": "0.975", "best_ask": "0.979"}, {"asset_id": "31545917906686873913768595299654529077191931577578018246333116366442556331224", "price": "0.708", "size": "200", "side": "SELL", "hash": "e99e2a7ef273c0795a4ddd62121cdaaffbd55c89", "best_bid": "0.021", "best_ask": "0.025"}], "timestamp": "1769384440280", "event_type": "price_change"}}
{"_local_timestamp": "2026-01-25T23:40:40.788264+00:00", "data": {"market": "0x20dcffd05fef80ce9dae25faa2f108787962b03e04ec7f24e876d405dd2357c7", "price_changes": [{"asset_id": "24939353363515854020031150894011161340697628956354156578980299107865033990526", "price": "0.241", "size": "100", "side": "BUY", "hash": "c087a217b16c81a667b78849fd6472e253490fd3", "best_bid": "0.975", "best_ask": "0.979"}, {"asset_id": "31545917906686873913768595299654529077191931577578018246333116366442556331224", "price": "0.759", "size": "100", "side": "SELL", "hash": "58bfe75cdeb0173c11f396998463dc27c62425a0", "best_bid": "0.021", "best_ask": "0.025"}], "timestamp": "1769384440610", "event_type": "price_change"}}
{"_local_timestamp": "2026-01-25T23:41:09.614061+00:00", "data": {"market": "0x20dcffd05fef80ce9dae25faa2f108787962b03e04ec7f24e876d405dd2357c7", "price_changes": [{"asset_id": "24939353363515854020031150894011161340697628956354156578980299107865033990526", "price": "0.292", "size": "150", "side": "BUY", "hash": "cdef5c4fa89d7ff4ed5b4e131e623a90a7aaa33b", "best_bid": "0.975", "best_ask": "0.979"}, {"asset_id": "31545917906686873913768595299654529077191931577578018246333116366442556331224", "price": "0.708", "size": "150", "side": "SELL", "hash": "f468159bf22066b2f4a74210993f1880bbbc2ef5", "best_bid": "0.021", "best_ask": "0.025"}], "timestamp": "1769384469534", "event_type": "price_change"}}
{"_local_timestamp": "2026-01-25T23:41:09.903549+00:00", "data": {"market": "0x20dcffd05fef80ce9dae25faa2f108787962b03e04ec7f24e876d405dd2357c7", "price_changes": [{"asset_id": "24939353363515854020031150894011161340697628956354156578980299107865033990526", "price": "0.293", "size": "1482", "side": "BUY", "hash": "00dad5510ddc80b534d889b6b9435d104b77e03f", "best_bid": "0.975", "best_ask": "0.979"}, {"asset_id": "31545917906686873913768595299654529077191931577578018246333116366442556331224", "price": "0.707", "size": "1482", "side": "SELL", "hash": "25b9c2309150a2dd4f2b02e82454973265602b9e", "best_bid": "0.021", "best_ask": "0.025"}], "timestamp": "1769384469802", "event_type": "price_change"}}
{"_local_timestamp": "2026-01-25T23:42:24.683558+00:00", "data": {"market": "0x20dcffd05fef80ce9dae25faa2f108787962b03e04ec7f24e876d405dd2357c7", "price_changes": [{"asset_id": "24939353363515854020031150894011161340697628956354156578980299107865033990526", "price": "0.241", "size": "50", "side": "BUY", "hash": "d5f1fa8daf60bcba3dc91df9f0ee8d480c66001c", "best_bid": "0.975", "best_ask": "0.979"}, {"asset_id": "31545917906686873913768595299654529077191931577578018246333116366442556331224", "price": "0.759", "size": "50", "side": "SELL", "hash": "8633b37ce54cefa50c80dfac154883d76ac6f6e7", "best_bid": "0.021", "best_ask": "0.025"}], "timestamp": "1769384544492", "event_type": "price_change"}}
{"_local_timestamp": "2026-01-25T23:42:25.062797+00:00", "data": {"market": "0x20dcffd05fef80ce9dae25faa2f108787962b03e04ec7f24e876d405dd2357c7", "price_changes": [{"asset_id": "24939353363515854020031150894011161340697628956354156578980299107865033990526", "price": "0.293", "size": "1532", "side": "BUY", "hash": "30275ce56e4ef902f8a8b45e5e9f4505ed8a03e5", "best_bid": "0.975", "best_ask": "0.979"}, {"asset_id": "31545917906686873913768595299654529077191931577578018246333116366442556331224", "price": "0.707", "size": "1532", "side": "SELL", "hash": "dc840fb0069adc451eeb4fefe306ab30adbc0ba8", "best_bid": "0.021", "best_ask": "0.025"}], "timestamp": "1769384544930", "event_type": "price_change"}}
{"_local_timestamp": "2026-01-25T23:42:45.468481+00:00", "data": {"market": "0x20dcffd05fef80ce9dae25faa2f108787962b03e04ec7f24e876d405dd2357c7", "price_changes": [{"asset_id": "24939353363515854020031150894011161340697628956354156578980299107865033990526", "price": "0.292", "size": "100", "side": "BUY", "hash": "4fc21905924fda7872a34d4c40f77717c13d591a", "best_bid": "0.975", "best_ask": "0.979"}, {"asset_id": "31545917906686873913768595299654529077191931577578018246333116366442556331224", "price": "0.708", "size": "100", "side": "SELL", "hash": "3bb5c9fd2051f55ba4b308c17cda767d4454bbb9", "best_bid": "0.021", "best_ask": "0.025"}], "timestamp": "1769384565224", "event_type": "price_change"}}
{"_local_timestamp": "2026-01-25T23:42:45.469447+00:00", "data": {"market": "0x20dcffd05fef80ce9dae25faa2f108787962b03e04ec7f24e876d405dd2357c7", "price_changes": [{"asset_id": "24939353363515854020031150894011161340697628956354156578980299107865033990526", "price": "0.241", "size": "0", "side": "BUY", "hash": "4fc21905924fda7872a34d4c40f77717c13d591a", "best_bid": "0.975", "best_ask": "0.979"}, {"asset_id": "31545917906686873913768595299654529077191931577578018246333116366442556331224", "price": "0.759", "size": "0", "side": "SELL", "hash": "3bb5c9fd2051f55ba4b308c17cda767d4454bbb9", "best_bid": "0.021", "best_ask": "0.025"}], "timestamp": "1769384565224", "event_type": "price_change"}}
{"_local_timestamp": "2026-01-25T23:42:45.776224+00:00", "data": {"market": "0x20dcffd05fef80ce9dae25faa2f108787962b03e04ec7f24e876d405dd2357c7", "price_changes": [{"asset_id": "24939353363515854020031150894011161340697628956354156578980299107865033990526", "price": "0.203", "size": "838", "side": "BUY", "hash": "78390be67ae5e628c126f7509b8a0d7d87668710", "best_bid": "0.975", "best_ask": "0.979"}, {"asset_id": "31545917906686873913768595299654529077191931577578018246333116366442556331224", "price": "0.797", "size": "838", "side": "SELL", "hash": "d72213b89e8e6cf994963af814587ec937abe724", "best_bid": "0.021", "best_ask": "0.025"}], "timestamp": "1769384565596", "event_type": "price_change"}}
{"_local_timestamp": "2026-01-25T23:42:45.831385+00:00", "data": {"market": "0x20dcffd05fef80ce9dae25faa2f108787962b03e04ec7f24e876d405dd2357c7", "price_changes": [{"asset_id": "24939353363515854020031150894011161340697628956354156578980299107865033990526", "price": "0.293", "size": "1582", "side": "BUY", "hash": "f85615d59dec85ef10b08c535bb557337eb18167", "best_bid": "0.975", "best_ask": "0.979"}, {"asset_id": "31545917906686873913768595299654529077191931577578018246333116366442556331224", "price": "0.707", "size": "1582", "side": "SELL", "hash": "5a7ee2f72a1d8f232a9191e59d30b81a09f1f80c", "best_bid": "0.021", "best_ask": "0.025"}], "timestamp": "1769384565624", "event_type": "price_change"}}
{"_local_timestamp": "2026-01-25T23:43:38.858314+00:00", "data": {"market": "0x20dcffd05fef80ce9dae25faa2f108787962b03e04ec7f24e876d405dd2357c7", "price_changes": [{"asset_id": "24939353363515854020031150894011161340697628956354156578980299107865033990526", "price": "0.488", "size": "0", "side": "BUY", "hash": "4388911352cbe2331a99ca0fd31113539961cf86", "best_bid": "0.975", "best_ask": "0.979"}, {"asset_id": "31545917906686873913768595299654529077191931577578018246333116366442556331224", "price": "0.512", "size": "0", "side": "SELL", "hash": "fc106aff50c69dca4ea84cf773445c801382049c", "best_bid": "0.021", "best_ask": "0.025"}], "timestamp": "1769384618748", "event_type": "price_change"}}
{"_local_timestamp": "2026-01-25T23:43:39.002999+00:00", "data": {"market": "0x20dcffd05fef80ce9dae25faa2f108787962b03e04ec7f24e876d405dd2357c7", "price_changes": [{"asset_id": "24939353363515854020031150894011161340697628956354156578980299107865033990526", "price": "0.49", "size": "3876", "side": "BUY", "hash": "37802a4d8b71e157b353729383c806a74378caa4", "best_bid": "0.975", "best_ask": "0.979"}, {"asset_id": "31545917906686873913768595299654529077191931577578018246333116366442556331224", "price": "0.51", "size": "3876", "side": "SELL", "hash": "908d3e63212797f4bca8e9180ecd387b56fd77f3", "best_bid": "0.021", "best_ask": "0.025"}], "timestamp": "1769384618918", "event_type": "price_change"}}
{"_local_timestamp": "2026-01-25T23:44:20.916421+00:00", "data": {"market": "0x20dcffd05fef80ce9dae25faa2f108787962b03e04ec7f24e876d405dd2357c7", "price_changes": [{"asset_id": "24939353363515854020031150894011161340697628956354156578980299107865033990526", "price": "0.292", "size": "0", "side": "BUY", "hash": "af29a2e5b1e9bd2020da3f66f2c517f62e172798", "best_bid": "0.975", "best_ask": "0.979"}, {"asset_id": "31545917906686873913768595299654529077191931577578018246333116366442556331224", "price": "0.708", "size": "0", "side": "SELL", "hash": "cac473f52b04feed3595410f16d40779ee3413b6", "best_bid": "0.021", "best_ask": "0.025"}], "timestamp": "1769384660492", "event_type": "price_change"}}
{"_local_timestamp": "2026-01-25T23:44:21.253367+00:00", "data": {"market": "0x20dcffd05fef80ce9dae25faa2f108787962b03e04ec7f24e876d405dd2357c7", "price_changes": [{"asset_id": "24939353363515854020031150894011161340697628956354156578980299107865033990526", "price": "0.293", "size": "1682", "side": "BUY", "hash": "0cafecef75ce7e4e6b34f505daa5c3733cff1dbd", "best_bid": "0.975", "best_ask": "0.979"}, {"asset_id": "31545917906686873913768595299654529077191931577578018246333116366442556331224", "price": "0.707", "size": "1682", "side": "SELL", "hash": "da0861c902df86c770cbb164e91a5ab2f3bb22db", "best_bid": "0.021", "best_ask": "0.025"}], "timestamp": "1769384660870", "event_type": "price_change"}}
{"_local_timestamp": "2026-01-25T23:46:10.669405+00:00", "data": {"market": "0x20dcffd05fef80ce9dae25faa2f108787962b03e04ec7f24e876d405dd2357c7", "price_changes": [{"asset_id": "24939353363515854020031150894011161340697628956354156578980299107865033990526", "price": "0.293", "size": "250", "side": "BUY", "hash": "858f1c0fa9f282b7bccc169bbd4f01a8f3707a3c", "best_bid": "0.975", "best_ask": "0.979"}, {"asset_id": "31545917906686873913768595299654529077191931577578018246333116366442556331224", "price": "0.707", "size": "250", "side": "SELL", "hash": "e6f41daddea43d826f275483d164ab3da34f9346", "best_bid": "0.021", "best_ask": "0.025"}], "timestamp": "1769384770462", "event_type": "price_change"}}
{"_local_timestamp": "2026-01-25T23:46:32.753422+00:00", "data": {"market": "0x20dcffd05fef80ce9dae25faa2f108787962b03e04ec7f24e876d405dd2357c7", "price_changes": [{"asset_id": "24939353363515854020031150894011161340697628956354156578980299107865033990526", "price": "0.241", "size": "1742", "side": "BUY", "hash": "9cbf9049ae8c2b831a5bace048066a3df5ba28eb", "best_bid": "0.975", "best_ask": "0.979"}, {"asset_id": "31545917906686873913768595299654529077191931577578018246333116366442556331224", "price": "0.759", "size": "1742", "side": "SELL", "hash": "1f5d3b8ea4c220f729c0bafdc1492dacc6f0a5f2", "best_bid": "0.021", "best_ask": "0.025"}], "timestamp": "1769384792477", "event_type": "price_change"}}
{"_local_timestamp": "2026-01-25T23:46:42.044358+00:00", "data": {"market": "0x20dcffd05fef80ce9dae25faa2f108787962b03e04ec7f24e876d405dd2357c7", "price_changes": [{"asset_id": "24939353363515854020031150894011161340697628956354156578980299107865033990526", "price": "0.96", "size": "450", "side": "BUY", "hash": "e52889532370f40352fd5c3a1a6b6a31faca2536", "best_bid": "0.975", "best_ask": "0.979"}, {"asset_id": "31545917906686873913768595299654529077191931577578018246333116366442556331224", "price": "0.04", "size": "450", "side": "SELL", "hash": "ec90427fb3918e7411882b94367378c4c4a4a99f", "best_bid": "0.021", "best_ask": "0.025"}], "timestamp": "1769384801762", "event_type": "price_change"}}
{"_local_timestamp": "2026-01-25T23:46:42.067852+00:00", "data": {"market": "0x20dcffd05fef80ce9dae25faa2f108787962b03e04ec7f24e876d405dd2357c7", "price_changes": [{"asset_id": "31545917906686873913768595299654529077191931577578018246333116366442556331224", "price": "0.015", "size": "116.73", "side": "BUY", "hash": "72a4efe5ed2f632c3765166f816ae9ba9e84b5f9", "best_bid": "0.021", "best_ask": "0.025"}, {"asset_id": "24939353363515854020031150894011161340697628956354156578980299107865033990526", "price": "0.985", "size": "116.73", "side": "SELL", "hash": "ce158b23253584048b1ae81faf46180942e65bb2", "best_bid": "0.975", "best_ask": "0.979"}], "timestamp": "1769384801764", "event_type": "price_change"}}
{"_local_timestamp": "2026-01-25T23:46:47.808625+00:00", "data": {"market": "0x20dcffd05fef80ce9dae25faa2f108787962b03e04ec7f24e876d405dd2357c7", "price_changes": [{"asset_id": "24939353363515854020031150894011161340697628956354156578980299107865033990526", "price": "0.96", "size": "500", "side": "BUY", "hash": "e6d7686ffd91a3391c5e2c42ae0f7db194f44138", "best_bid": "0.975", "best_ask": "0.979"}, {"asset_id": "31545917906686873913768595299654529077191931577578018246333116366442556331224", "price": "0.04", "size": "500", "side": "SELL", "hash": "b077e03dd0d72dea6e086346f2ca43b1c8f0a364", "best_bid": "0.021", "best_ask": "0.025"}], "timestamp": "1769384807592", "event_type": "price_change"}}
{"_local_timestamp": "2026-01-25T23:46:49.269398+00:00", "data": {"market": "0x20dcffd05fef80ce9dae25faa2f108787962b03e04ec7f24e876d405dd2357c7", "price_changes": [{"asset_id": "31545917906686873913768595299654529077191931577578018246333116366442556331224", "price": "0.015", "size": "166.73", "side": "BUY", "hash": "690a40d41d5786336ff572a7ff8f66111070252f", "best_bid": "0.021", "best_ask": "0.025"}, {"asset_id": "24939353363515854020031150894011161340697628956354156578980299107865033990526", "price": "0.985", "size": "166.73", "side": "SELL", "hash": "9e8e681b5d72115610472f40e2ed734ecfb25743", "best_bid": "0.975", "best_ask": "0.979"}], "timestamp": "1769384809091", "event_type": "price_change"}}
{"_local_timestamp": "2026-01-25T23:46:50.951930+00:00", "data": {"market": "0x20dcffd05fef80ce9dae25faa2f108787962b03e04ec7f24e876d405dd2357c7", "price_changes": [{"asset_id": "24939353363515854020031150894011161340697628956354156578980299107865033990526", "price": "0.489", "size": "1231", "side": "BUY", "hash": "4cceb09f1aee85e0f6e015f2dad12f476b0ee74d", "best_bid": "0.975", "best_ask": "0.979"}, {"asset_id": "31545917906686873913768595299654529077191931577578018246333116366442556331224", "price": "0.511", "size": "1231", "side": "SELL", "hash": "cf09d7a2581803f13d48fda1252a5ac1391e65ed", "best_bid": "0.021", "best_ask": "0.025"}], "timestamp": "1769384810661", "event_type": "price_change"}}
{"_local_timestamp": "2026-01-25T23:46:51.537906+00:00", "data": {"market": "0x20dcffd05fef80ce9dae25faa2f108787962b03e04ec7f24e876d405dd2357c7", "price_changes": [{"asset_id": "24939353363515854020031150894011161340697628956354156578980299107865033990526", "price": "0.49", "size": "3936", "side": "BUY", "hash": "0c71bb8464432342ae57f4002a602d0e466f4e6e", "best_bid": "0.975", "best_ask": "0.979"}, {"asset_id": "31545917906686873913768595299654529077191931577578018246333116366442556331224", "price": "0.51", "size": "3936", "side": "SELL", "hash": "e80cb6ddf453c30f0fbb1c4760b2658167456529", "best_bid": "0.021", "best_ask": "0.025"}], "timestamp": "1769384811191", "event_type": "price_change"}}
{"_local_timestamp": "2026-01-25T23:47:37.576252+00:00", "data": {"market": "0x20dcffd05fef80ce9dae25faa2f108787962b03e04ec7f24e876d405dd2357c7", "price_changes": [{"asset_id": "24939353363515854020031150894011161340697628956354156578980299107865033990526", "price": "0.24", "size": "116.66", "side": "BUY", "hash": "abcdc3cbabb883f19148c3aa4e621e7fe449c228", "best_bid": "0.975", "best_ask": "0.979"}, {"asset_id": "31545917906686873913768595299654529077191931577578018246333116366442556331224", "price": "0.76", "size": "116.66", "side": "SELL", "hash": "3aaf46e4cb235e3261b4b47b84b933f96a2917aa", "best_bid": "0.021", "best_ask": "0.025"}], "timestamp": "1769384857298", "event_type": "price_change"}}
{"_local_timestamp": "2026-01-25T23:47:38.095702+00:00", "data": {"market": "0x20dcffd05fef80ce9dae25faa2f108787962b03e04ec7f24e876d405dd2357c7", "price_changes": [{"asset_id": "24939353363515854020031150894011161340697628956354156578980299107865033990526", "price": "0.241", "size": "1842", "side": "BUY", "hash": "f803ca12a35d6413a43c21d251598e092656dbb4", "best_bid": "0.975", "best_ask": "0.979"}, {"asset_id": "31545917906686873913768595299654529077191931577578018246333116366442556331224", "price": "0.759", "size": "1842", "side": "SELL", "hash": "c180af3e2fdfc08265f12c49d2a37706a9af4c22", "best_bid": "0.021", "best_ask": "0.025"}], "timestamp": "1769384857605", "event_type": "price_change"}}
{"_local_timestamp": "2026-01-25T23:47:55.573321+00:00", "data": {"market": "0x20dcffd05fef80ce9dae25faa2f108787962b03e04ec7f24e876d405dd2357c7", "price_changes": [{"asset_id": "24939353363515854020031150894011161340697628956354156578980299107865033990526", "price": "0.241", "size": "100", "side": "BUY", "hash": "87a21fa39d35a0eda14af45cb19f6a8bc99586eb", "best_bid": "0.975", "best_ask": "0.979"}, {"asset_id": "31545917906686873913768595299654529077191931577578018246333116366442556331224", "price": "0.759", "size": "100", "side": "SELL", "hash": "abba58ef393bbc3b00bba18ecf823a305efd22a2", "best_bid": "0.021", "best_ask": "0.025"}], "timestamp": "1769384875410", "event_type": "price_change"}}
{"_local_timestamp": "2026-01-25T23:48:40.108569+00:00", "data": {"market": "0x20dcffd05fef80ce9dae25faa2f108787962b03e04ec7f24e876d405dd2357c7", "price_changes": [{"asset_id": "24939353363515854020031150894011161340697628956354156578980299107865033990526", "price": "0.294", "size": "1428", "side": "BUY", "hash": "8694237ce7cf4929696fd5ae64f682fd75e0544e", "best_bid": "0.975", "best_ask": "0.979"}, {"asset_id": "31545917906686873913768595299654529077191931577578018246333116366442556331224", "price": "0.706", "size": "1428", "side": "SELL", "hash": "c37f853fda2297f9b192e61983b7469cb0ca1ac3", "best_bid": "0.021", "best_ask": "0.025"}], "timestamp": "1769384920014", "event_type": "price_change"}}
{"_local_timestamp": "2026-01-25T23:48:48.669321+00:00", "data": {"market": "0x20dcffd05fef80ce9dae25faa2f108787962b03e04ec7f24e876d405dd2357c7", "price_changes": [{"asset_id": "24939353363515854020031150894011161340697628956354156578980299107865033990526", "price": "0.241", "size": "0", "side": "BUY", "hash": "98b254ee04972146a182651db42a71348fe7e74f", "best_bid": "0.975", "best_ask": "0.979"}, {"asset_id": "31545917906686873913768595299654529077191931577578018246333116366442556331224", "price": "0.759", "size": "0", "side": "SELL", "hash": "55cead5bcdf4d677f0924817fa6515a8eaa0cde1", "best_bid": "0.021", "best_ask": "0.025"}], "timestamp": "1769384928579", "event_type": "price_change"}}
{"_local_timestamp": "2026-01-25T23:48:48.901466+00:00", "data": {"market": "0x20dcffd05fef80ce9dae25faa2f108787962b03e04ec7f24e876d405dd2357c7", "price_changes": [{"asset_id": "24939353363515854020031150894011161340697628956354156578980299107865033990526", "price": "0.24", "size": "216.66", "side": "BUY", "hash": "56c0485b1af4bd78bc762443f29d63ffdc5ea604", "best_bid": "0.975", "best_ask": "0.979"}, {"asset_id": "31545917906686873913768595299654529077191931577578018246333116366442556331224", "price": "0.76", "size": "216.66", "side": "SELL", "hash": "907d0c9b1868fd616d2befad689f8b42b95de726", "best_bid": "0.021", "best_ask": "0.025"}], "timestamp": "1769384928835", "event_type": "price_change"}}
{"_local_timestamp": "2026-01-25T23:49:02.101429+00:00", "data": {"market": "0x20dcffd05fef80ce9dae25faa2f108787962b03e04ec7f24e876d405dd2357c7", "price_changes": [{"asset_id": "31545917906686873913768595299654529077191931577578018246333116366442556331224", "price": "0.003", "size": "2454.04", "side": "BUY", "hash": "14e686e4e2b7c5a2d41516fac57e7d21dc645f08", "best_bid": "0.021", "best_ask": "0.025"}, {"asset_id": "24939353363515854020031150894011161340697628956354156578980299107865033990526", "price": "0.997", "size": "2454.04", "side": "SELL", "hash": "0eff756196f1f7490874b20dfc3f8c3f5a87a47d", "best_bid": "0.975", "best_ask": "0.979"}], "timestamp": "1769384942000", "event_type": "price_change"}}
{"_local_timestamp": "2026-01-25T23:49:02.121080+00:00", "data": {"market": "0x20dcffd05fef80ce9dae25faa2f108787962b03e04ec7f24e876d405dd2357c7", "price_changes": [{"asset_id": "31545917906686873913768595299654529077191931577578018246333116366442556331224", "price": "0.043", "size": "0", "side": "SELL", "hash": "6213101a779ec6eab347de29774dd41999aa9e80", "best_bid": "0.021", "best_ask": "0.025"}, {"asset_id": "24939353363515854020031150894011161340697628956354156578980299107865033990526", "price": "0.957", "size": "0", "side": "BUY", "hash": "6d38505aad901519fa84def7e1d3af5a4991379a", "best_bid": "0.975", "best_ask": "0.979"}], "timestamp": "1769384942002", "event_type": "price_change"}}
{"_local_timestamp": "2026-01-25T23:49:12.045519+00:00", "data": {"market": "0x20dcffd05fef80ce9dae25faa2f108787962b03e04ec7f24e876d405dd2357c7", "price_changes": [{"asset_id": "31545917906686873913768595299654529077191931577578018246333116366442556331224", "price": "0.003", "size": "2524.7", "side": "BUY", "hash": "669b22f497e9db414306922b9fb64bf4d09d2c10", "best_bid": "0.021", "best_ask": "0.025"}, {"asset_id": "24939353363515854020031150894011161340697628956354156578980299107865033990526", "price": "0.997", "size": "2524.7", "side": "SELL", "hash": "721f1cd253084ba27aa859724ec270e1218a37b6", "best_bid": "0.975", "best_ask": "0.979"}], "timestamp": "1769384951969", "event_type": "price_change"}}
{"_local_timestamp": "2026-01-25T23:49:12.050825+00:00", "data": {"market": "0x20dcffd05fef80ce9dae25faa2f108787962b03e04ec7f24e876d405dd2357c7", "price_changes": [{"asset_id": "31545917906686873913768595299654529077191931577578018246333116366442556331224", "price": "0.043", "size": "70.66", "side": "SELL", "hash": "67f3a8a64207fab91df8f98f4c76262b526d25d6", "best_bid": "0.021", "best_ask": "0.025"}, {"asset_id": "24939353363515854020031150894011161340697628956354156578980299107865033990526", "price": "0.957", "size": "70.66", "side": "BUY", "hash": "a68b0a13524d8d9f4dba2aa8393fa765657d021f", "best_bid": "0.975", "best_ask": "0.979"}], "timestamp": "1769384951970", "event_type": "price_change"}}
{"_local_timestamp": "2026-01-25T23:49:24.491441+00:00", "data": {"market": "0x20dcffd05fef80ce9dae25faa2f108787962b03e04ec7f24e876d405dd2357c7", "price_changes": [{"asset_id": "24939353363515854020031150894011161340697628956354156578980299107865033990526", "price": "0.293", "size": "200", "side": "BUY", "hash": "899bef3d9660872394e36ec4628306e4cffa4d1f", "best_bid": "0.975", "best_ask": "0.979"}, {"asset_id": "31545917906686873913768595299654529077191931577578018246333116366442556331224", "price": "0.707", "size": "200", "side": "SELL", "hash": "17a310d822ffcfd2f8b04bcf84701c16516fe330", "best_bid": "0.021", "best_ask": "0.025"}], "timestamp": "1769384964412", "event_type": "price_change"}}
{"_local_timestamp": "2026-01-25T23:49:24.748343+00:00", "data": {"market": "0x20dcffd05fef80ce9dae25faa2f108787962b03e04ec7f24e876d405dd2357c7", "price_changes": [{"asset_id": "24939353363515854020031150894011161340697628956354156578980299107865033990526", "price": "0.294", "size": "1478", "side": "BUY", "hash": "696d2e1fdc2dfc4c7bbc1c66909241ebd5d0ffab", "best_bid": "0.975", "best_ask": "0.979"}, {"asset_id": "31545917906686873913768595299654529077191931577578018246333116366442556331224", "price": "0.706", "size": "1478", "side": "SELL", "hash": "2a3f7e610f818d70e08079c69a720dd3df963d84", "best_bid": "0.021", "best_ask": "0.025"}], "timestamp": "1769384964675", "event_type": "price_change"}}
{"_local_timestamp": "2026-01-25T23:49:25.571339+00:00", "data": {"market": "0x20dcffd05fef80ce9dae25faa2f108787962b03e04ec7f24e876d405dd2357c7", "price_changes": [{"asset_id": "24939353363515854020031150894011161340697628956354156578980299107865033990526", "price": "0.293", "size": "150", "side": "BUY", "hash": "3039d957e5aeed15ded1f288c5873ddd35d07509", "best_bid": "0.975", "best_ask": "0.979"}, {"asset_id": "31545917906686873913768595299654529077191931577578018246333116366442556331224", "price": "0.707", "size": "150", "side": "SELL", "hash": "2ff61d49e0b88c1f9a93991c84ef810723a6cbcd", "best_bid": "0.021", "best_ask": "0.025"}], "timestamp": "1769384965487", "event_type": "price_change"}}
{"_local_timestamp": "2026-01-25T23:49:26.038592+00:00", "data": {"market": "0x20dcffd05fef80ce9dae25faa2f108787962b03e04ec7f24e876d405dd2357c7", "price_changes": [{"asset_id": "24939353363515854020031150894011161340697628956354156578980299107865033990526", "price": "0.241", "size": "50", "side": "BUY", "hash": "a4c53262a3f06927dd390c220c579f71635ba2bf", "best_bid": "0.975", "best_ask": "0.979"}, {"asset_id": "31545917906686873913768595299654529077191931577578018246333116366442556331224", "price": "0.759", "size": "50", "side": "SELL", "hash": "1ca6fbd01942b7052554dd3aa139a88f19608dde", "best_bid": "0.021", "best_ask": "0.025"}], "timestamp": "1769384965799", "event_type": "price_change"}}
{"_local_timestamp": "2026-01-25T23:49:30.374828+00:00", "data": {"market": "0x20dcffd05fef80ce9dae25faa2f108787962b03e04ec7f24e876d405dd2357c7", "price_changes": [{"asset_id": "24939353363515854020031150894011161340697628956354156578980299107865033990526", "price": "0.293", "size": "50", "side": "BUY", "hash": "587c00efbe4008c82d4e534d5da6994021f52367", "best_bid": "0.975", "best_ask": "0.979"}, {"asset_id": "31545917906686873913768595299654529077191931577578018246333116366442556331224", "price": "0.707", "size": "50", "side": "SELL", "hash": "0499e014e733e3b87bc51292cedcd072a80c3818", "best_bid": "0.021", "best_ask": "0.025"}], "timestamp": "1769384970072", "event_type": "price_change"}}
{"_local_timestamp": "2026-01-25T23:49:31.018222+00:00", "data": {"market": "0x20dcffd05fef80ce9dae25faa2f108787962b03e04ec7f24e876d405dd2357c7", "price_changes": [{"asset_id": "24939353363515854020031150894011161340697628956354156578980299107865033990526", "price": "0.241", "size": "150", "side": "BUY", "hash": "243c372a4f5337f07aa429aa073577d135b894fd", "best_bid": "0.975", "best_ask": "0.979"}, {"asset_id": "31545917906686873913768595299654529077191931577578018246333116366442556331224", "price": "0.759", "size": "150", "side": "SELL", "hash": "079a3795e848a12faff2ac5b3784cdd239fe2327", "best_bid": "0.021", "best_ask": "0.025"}], "timestamp": "1769384970633", "event_type": "price_change"}}
{"_local_timestamp": "2026-01-25T23:49:36.084697+00:00", "data": {"market": "0x20dcffd05fef80ce9dae25faa2f108787962b03e04ec7f24e876d405dd2357c7", "price_changes": [{"asset_id": "31545917906686873913768595299654529077191931577578018246333116366442556331224", "price": "0.003", "size": "2084.25", "side": "BUY", "hash": "06f9660aa8ce5797f5ffd977fdabaae2e000a821", "best_bid": "0.021", "best_ask": "0.025"}, {"asset_id": "24939353363515854020031150894011161340697628956354156578980299107865033990526", "price": "0.997", "size": "2084.25", "side": "SELL", "hash": "b859b19f57356bbecacfb83714c3f5bab5e7734d", "best_bid": "0.975", "best_ask": "0.979"}], "timestamp": "1769384976002", "event_type": "price_change"}}
{"_local_timestamp": "2026-01-25T23:49:41.789619+00:00", "data": {"market": "0x20dcffd05fef80ce9dae25faa2f108787962b03e04ec7f24e876d405dd2357c7", "price_changes": [{"asset_id": "24939353363515854020031150894011161340697628956354156578980299107865033990526", "price": "0.203", "size": "788", "side": "BUY", "hash": "815fb6d44c6f8911ce1cb9fa2c1b02362053e506", "best_bid": "0.975", "best_ask": "0.979"}, {"asset_id": "31545917906686873913768595299654529077191931577578018246333116366442556331224", "price": "0.797", "size": "788", "side": "SELL", "hash": "52d6753c272a2afbf9bc46c674e78b294afb3822", "best_bid": "0.021", "best_ask": "0.025"}], "timestamp": "1769384981657", "event_type": "price_change"}}
{"_local_timestamp": "2026-01-25T23:49:42.394952+00:00", "data": {"market": "0x20dcffd05fef80ce9dae25faa2f108787962b03e04ec7f24e876d405dd2357c7", "price_changes": [{"asset_id": "24939353363515854020031150894011161340697628956354156578980299107865033990526", "price": "0.241", "size": "200", "side": "BUY", "hash": "5465227eebbe9c09d73d77db249cfdc3ac43d4bf", "best_bid": "0.975", "best_ask": "0.979"}, {"asset_id": "31545917906686873913768595299654529077191931577578018246333116366442556331224", "price": "0.759", "size": "200", "side": "SELL", "hash": "86cec1e2e6a73dcee67079896b68245bbae0b2f0", "best_bid": "0.021", "best_ask": "0.025"}], "timestamp": "1769384982223", "event_type": "price_change"}}
{"_local_timestamp": "2026-01-25T23:50:02.841371+00:00", "data": {"market": "0x20dcffd05fef80ce9dae25faa2f108787962b03e04ec7f24e876d405dd2357c7", "price_changes": [{"asset_id": "24939353363515854020031150894011161340697628956354156578980299107865033990526", "price": "0.203", "size": "0", "side": "BUY", "hash": "fb0cefc7d33a07fa603c68581a0a78b93fc41e50", "best_bid": "0.975", "best_ask": "0.979"}, {"asset_id": "31545917906686873913768595299654529077191931577578018246333116366442556331224", "price": "0.797", "size": "0", "side": "SELL", "hash": "39fd0216532bad5cce64f38d724b448a5f8246a5", "best_bid": "0.021", "best_ask": "0.025"}], "timestamp": "1769385002300", "event_type": "price_change"}}
{"_local_timestamp": "2026-01-25T23:50:02.979057+00:00", "data": {"market": "0x20dcffd05fef80ce9dae25faa2f108787962b03e04ec7f24e876d405dd2357c7", "price_changes": [{"asset_id": "24939353363515854020031150894011161340697628956354156578980299107865033990526", "price": "0.489", "size": "5", "side": "BUY", "hash": "bff955f9c8ffac1eeddb382bf5b7a78387777080", "best_bid": "0.975", "best_ask": "0.979"}, {"asset_id": "31545917906686873913768595299654529077191931577578018246333116366442556331224", "price": "0.511", "size": "5", "side": "SELL", "hash": "f531dbcd5b66e5b276dbc5798e6104916abfc844", "best_bid": "0.021", "best_ask": "0.025"}], "timestamp": "1769385002370", "event_type": "price_change"}}
