{"_local_timestamp": "2026-01-25T23:41:15.727058+00:00", "data": [{"market": "0x3890107037bb2ace780887ed0ef87121657c4630647f8d1ec674e48b4e18ccf9", "asset_id": "105562922267637000137994713941974179389438851774309271919281703385812810616961", "timestamp": "1769384459402", "hash": "db218ba5e76dd550e33d2abe426099d0330bc580", "bids": [{"price": "0.01", "size": "499.45"}, {"price": "0.02", "size": "136.69"}, {"price": "0.03", "size": "618.61"}, {"price": "0.04", "size": "64.19"}, {"price": "0.05", "size": "41.9"}, {"price": "0.06", "size": "13.93"}, {"price": "0.08", "size": "25"}, {"price": "0.09", "size": "5.42"}], "asks": [{"price": "0.99", "size": "10458.87"}, {"price": "0.98", "size": "4114.01"}, {"price": "0.97", "size": "4009.06"}, {"price": "0.96", "size": "56.03"}, {"price": "0.95", "size": "110.63"}, {"price": "0.94", "size": "2033"}, {"price": "0.93", "size": "5.65"}, {"price": "0.92", "size": "25"}, {"price": "0.91", "size": "10.37"}, {"price": "0.9", "size": "8.23"}, {"price": "0.89", "size": "7.66"}, {"price": "0.83", "size": "76.47"}, {"price": "0.82", "size": "61.11"}, {"price": "0.81", "size": "23.93"}, {"price": "0.75", "size": "100"}], "event_type": "book", "last_trade_price": "0.570"}, {"market": "0x3890107037bb2ace780887ed0ef87121657c4630647f8d1ec674e48b4e18ccf9", "asset_id": "63975553709796236764905122190415419623663018835255776304490744044993255440202", "timestamp": "1769384459402", "hash": "e4b1586b9ad02d39da28f83fa00e7d9ac8ca7925", "bids": [{"price": "0.01", "size": "10458.87"}, {"price": "0.02", "size": "4114.01"}, {"price": "0.03", "size": "4009.06"}, {"price": "0.04", "size": "56.03"}, {"price": "0.05", "size": "110.63"}, {"price": "0.06", "size": "2033"}, {"price": "0.07", "size": "5.65"}, {"price": "0.08", "size": "25"}, {"price": "0.09", "size": "10.37"}, {"price": "0.1", "size": "8.23"}, {"price": "0.11", "size": "7.66"}, {"price": "0.17", "size": "76.47"}, {"price": "0.18", "size": "61.11"}, {"price": "0.19", "size": "23.93"}, {"price": "0.25", "size": "100"}], "asks": [{"price": "0.99", "size": "499.45"}, {"price": "0.98", "size": "136.69"}, {"price": "0.97", "size": "618.61"}, {"price": "0.96", "size": "64.19"}, {"price": "0.95", "size": "41.9"}, {"price": "0.94", "size": "13.93"}, {"price": "0.92", "size": "25"}, {"price": "0.91", "size": "5.42"}], "event_type": "book", "last_trade_price": "0.570"}]}
{"_local_timestamp": "2026-01-25T23:41:16.129980+00:00", "data": {"market": "0x3890107037bb2ace780887ed0ef87121657c4630647f8d1ec674e48b4e18ccf9", "price_changes": [{"asset_id": "63975553709796236764905122190415419623663018835255776304490744044993255440202", "price": "0.05", "size": "100", "side": "BUY", "hash": "0e81da50df7ffb0261ab594720a80c6ca0139a9c", "best_bid": "0.25", "best_ask": "0.91"}, {"asset_id": "105562922267637000137994713941974179389438851774309271919281703385812810616961", "price": "0.95", "size": "100", "side": "SELL", "hash": "10e4c8ac49af1042bf2d35b7b2ccccd9fe1404ea", "best_bid": "0.09", "best_ask": "0.75"}], "timestamp": "1769384476001", "event_type": "price_change"}}
{"_local_timestamp": "2026-01-25T23:41:23.362274+00:00", "data": {"market": "0x3890107037bb2ace780887ed0ef87121657c4630647f8d1ec674e48b4e18ccf9", "price_changes": [{"asset_id": "105562922267637000137994713941974179389438851774309271919281703385812810616961", "price": "0.01", "size": "448.89", "side": "BUY", "hash": "00091ddd1f3f16a709a0f5299c15fb92716bf0d1", "best_bid": "0.09", "best_ask": "0.75"}, {"asset_id": "63975553709796236764905122190415419623663018835255776304490744044993255440202", "price": "0.99", "size": "448.89", "side": "SELL", "hash": "d0d9bb1f0ac0bf529404e0ca8c86b63e7ff035f9", "best_bid": "0.25", "best_ask": "0.91"}], "timestamp": "1769384483256", "event_type": "price_change"}}
{"_local_timestamp": "2026-01-25T23:41:23.363647+00:00", "data": {"market": "0x3890107037bb2ace780887ed0ef87121657c4630647f8d1ec674e48b4e18ccf9", "price_changes": [{"asset_id": "105562922267637000137994713941974179389438851774309271919281703385812810616961", "price": "0.02", "size": "100", "side": "BUY", "hash": "00091ddd1f3f16a709a0f5299c15fb92716bf0d1", "best_bid": "0.09", "best_ask": "0.75"}, {"asset_id": "63975553709796236764905122190415419623663018835255776304490744044993255440202", "price": "0.98", "size": "100", "side": "SELL", "hash": "d0d9bb1f0ac0bf529404e0ca8c86b63e7ff035f9", "best_bid": "0.25", "best_ask": "0.91"}], "timestamp": "1769384483256", "event_type": "price_change"}}
{"_local_timestamp": "2026-01-25T23:41:23.365403+00:00", "data": {"market": "0x3890107037bb2ace780887ed0ef87121657c4630647f8d1ec674e48b4e18ccf9", "price_changes": [{"asset_id": "105562922267637000137994713941974179389438851774309271919281703385812810616961", "price": "0.05", "size": "28.85", "side": "BUY", "hash": "00091ddd1f3f16a709a0f5299c15fb92716bf0d1", "best_bid": "0.09", "best_ask": "0.75"}, {"asset_id": "63975553709796236764905122190415419623663018835255776304490744044993255440202", "price": "0.95", "size": "28.85", "side": "SELL", "hash": "d0d9bb1f0ac0bf529404e0ca8c86b63e7ff035f9", "best_bid": "0.25", "best_ask": "0.91"}], "timestamp": "1769384483256", "event_type": "price_change"}}
{"_local_timestamp": "2026-01-25T23:41:23.820349+00:00", "data": {"market": "0x3890107037bb2ace780887ed0ef87121657c4630647f8d1ec674e48b4e18ccf9", "price_changes": [{"asset_id": "105562922267637000137994713941974179389438851774309271919281703385812810616961", "price": "0.01", "size": "496.11", "side": "BUY", "hash": "14adec44e8a9d9d2eca8250155ae8118d39c60da", "best_bid": "0.09", "best_ask": "0.75"}, {"asset_id": "63975553709796236764905122190415419623663018835255776304490744044993255440202", "price": "0.99", "size": "496.11", "side": "SELL", "hash": "4d2a73ff3d04cf39d20089b34c789ae8adc2ef97", "best_bid": "0.25", "best_ask": "0.91"}], "timestamp": "1769384483698", "event_type": "price_change"}}
{"_local_timestamp": "2026-01-25T23:41:23.820849+00:00", "data": {"market": "0x3890107037bb2ace780887ed0ef87121657c4630647f8d1ec674e48b4e18ccf9", "price_changes": [{"asset_id": "105562922267637000137994713941974179389438851774309271919281703385812810616961", "price": "0.06", "size": "26.17", "side": "BUY", "hash": "c716e300631663fe20d97cfee8330961fa82c4fa", "best_bid": "0.09", "best_ask": "0.75"}, {"asset_id": "63975553709796236764905122190415419623663018835255776304490744044993255440202", "price": "0.94", "size": "26.17", "side": "SELL", "hash": "43937c432acb646443a9398af7bbbc4d21406831", "best_bid": "0.25", "best_ask": "0.91"}], "timestamp": "1769384483699", "event_type": "price_change"}}
{"_local_timestamp": "2026-01-25T23:41:23.821464+00:00", "data": {"market": "0x3890107037bb2ace780887ed0ef87121657c4630647f8d1ec674e48b4e18ccf9", "price_changes": [{"asset_id": "105562922267637000137994713941974179389438851774309271919281703385812810616961", "price": "0.02", "size": "134.26", "side": "BUY", "hash": "93251d895cff07ccbf858260f0c80bdff8d6f367", "best_bid": "0.09", "best_ask": "0.75"}, {"asset_id": "63975553709796236764905122190415419623663018835255776304490744044993255440202", "price": "0.98", "size": "134.26", "side": "SELL", "hash": "b2a2eee5f8c4d47967cb87d0d594741980bd9221", "best_bid": "0.25", "best_ask": "0.91"}], "timestamp": "1769384483700", "event_type": "price_change"}}
{"_local_timestamp": "2026-01-25T23:41:29.979274+00:00", "data": {"market": "0x3890107037bb2ace780887ed0ef87121657c4630647f8d1ec674e48b4e18ccf9", "price_changes": [{"asset_id": "63975553709796236764905122190415419623663018835255776304490744044993255440202", "price": "0.05", "size": "110.65", "side": "BUY", "hash": "af6711835737ba98f175c87b5453bf2420e663ac", "best_bid": "0.25", "best_ask": "0.91"}, {"asset_id": "105562922267637000137994713941974179389438851774309271919281703385812810616961", "price": "0.95", "size": "110.65", "side": "SELL", "hash": "d3f1e3d207ad25134a9a77df46c4f7d5eb39e6b1", "best_bid": "0.09", "best_ask": "0.75"}], "timestamp": "1769384489846", "event_type": "price_change"}}
{"_local_timestamp": "2026-01-25T23:41:44.222234+00:00", "data": {"market": "0x3890107037bb2ace780887ed0ef87121657c4630647f8d1ec674e48b4e18ccf9", "price_changes": [{"asset_id": "105562922267637000137994713941974179389438851774309271919281703385812810616961", "price": "0.01", "size": "448.89", "side": "BUY", "hash": "d9a935850eb33ff552c035d410a4cd38e3c37767", "best_bid": "0.09", "best_ask": "0.75"}, {"asset_id": "63975553709796236764905122190415419623663018835255776304490744044993255440202", "price": "0.99", "size": "448.89", "side": "SELL", "hash": "73d1bd8ce9d6b713a3827ba0a32212cbcfd4707a", "best_bid": "0.25", "best_ask": "0.91"}], "timestamp": "1769384504154", "event_type": "price_change"}}
{"_local_timestamp": "2026-01-25T23:41:44.223160+00:00", "data": {"market": "0x3890107037bb2ace780887ed0ef87121657c4630647f8d1ec674e48b4e18ccf9", "price_changes": [{"asset_id": "105562922267637000137994713941974179389438851774309271919281703385812810616961", "price": "0.02", "size": "100", "side": "BUY", "hash": "d9a935850eb33ff552c035d410a4cd38e3c37767", "best_bid": "0.09", "best_ask": "0.75"}, {"asset_id": "63975553709796236764905122190415419623663018835255776304490744044993255440202", "price": "0.98", "size": "100", "side": "SELL", "hash": "73d1bd8ce9d6b713a3827ba0a32212cbcfd4707a", "best_bid": "0.25", "best_ask": "0.91"}], "timestamp": "1769384504154", "event_type": "price_change"}}
{"_local_timestamp": "2026-01-25T23:41:44.223478+00:00", "data": {"market": "0x3890107037bb2ace780887ed0ef87121657c4630647f8d1ec674e48b4e18ccf9", "price_changes": [{"asset_id": "105562922267637000137994713941974179389438851774309271919281703385812810616961", "price": "0.06", "size": "13.93", "side": "BUY", "hash": "d9a935850eb33ff552c035d410a4cd38e3c37767", "best_bid": "0.09", "best_ask": "0.75"}, {"asset_id": "63975553709796236764905122190415419623663018835255776304490744044993255440202", "price": "0.94", "size": "13.93", "side": "SELL", "hash": "73d1bd8ce9d6b713a3827ba0a32212cbcfd4707a", "best_bid": "0.25", "best_ask": "0.91"}], "timestamp": "1769384504154", "event_type": "price_change"}}
{"_local_timestamp": "2026-01-25T23:41:44.775782+00:00", "data": {"market": "0x3890107037bb2ace780887ed0ef87121657c4630647f8d1ec674e48b4e18ccf9", "price_changes": [{"asset_id": "105562922267637000137994713941974179389438851774309271919281703385812810616961", "price": "0.01", "size": "496.11", "side": "BUY", "hash": "fa0b261822ace0269e171cf532a28989553ece12", "best_bid": "0.09", "best_ask": "0.75"}, {"asset_id": "63975553709796236764905122190415419623663018835255776304490744044993255440202", "price": "0.99", "size": "496.11", "side": "SELL", "hash": "f07ed6e09611eb4dd4bb3e13f61c37373750277d", "best_bid": "0.25", "best_ask": "0.91"}], "timestamp": "1769384504700", "event_type": "price_change"}}
{"_local_timestamp": "2026-01-25T23:41:44.776165+00:00", "data": {"market": "0x3890107037bb2ace780887ed0ef87121657c4630647f8d1ec674e48b4e18ccf9", "price_changes": [{"asset_id": "105562922267637000137994713941974179389438851774309271919281703385812810616961", "price": "0.02", "size": "134.26", "side": "BUY", "hash": "847414c9198337d6653f5cbb3b5f0d6d55da4e51", "best_bid": "0.09", "best_ask": "0.75"}, {"asset_id": "63975553709796236764905122190415419623663018835255776304490744044993255440202", "price": "0.98", "size": "134.26", "side": "SELL", "hash": "9d7cbee076c0ead2811837e83ca2a1aaffc723bc", "best_bid": "0.25", "best_ask": "0.91"}], "timestamp": "1769384504701", "event_type": "price_change"}}
{"_local_timestamp": "2026-01-25T23:41:44.776496+00:00", "data": {"market": "0x3890107037bb2ace780887ed0ef87121657c4630647f8d1ec674e48b4e18ccf9", "price_changes": [{"asset_id": "105562922267637000137994713941974179389438851774309271919281703385812810616961", "price": "0.06", "size": "26.17", "side": "BUY", "hash": "f675aee632264bd1ec6e8ba4fc659a4de0182b3f", "best_bid": "0.09", "best_ask": "0.75"}, {"asset_id": "63975553709796236764905122190415419623663018835255776304490744044993255440202", "price": "0.94", "size": "26.17", "side": "SELL", "hash": "08ba735fbfd554b81e1359773173f90c5b7b145c", "best_bid": "0.25", "best_ask": "0.91"}], "timestamp": "1769384504702", "event_type": "price_change"}}
{"_local_timestamp": "2026-01-25T23:42:01.437658+00:00", "data": {"market": "0x3890107037bb2ace780887ed0ef87121657c4630647f8d1ec674e48b4e18ccf9", "price_changes": [{"asset_id": "105562922267637000137994713941974179389438851774309271919281703385812810616961", "price": "0.01", "size": "448.89", "side": "BUY", "hash": "dff98c8eafb186281e5e01f99139e62d5e0236f5", "best_bid": "0.09", "best_ask": "0.75"}, {"asset_id": "63975553709796236764905122190415419623663018835255776304490744044993255440202", "price": "0.99", "size": "448.89", "side": "SELL", "hash": "4becb4d2cc0de444b5688adcca64f989029a0eea", "best_bid": "0.25", "best_ask": "0.91"}], "timestamp": "1769384521358", "event_type": "price_change"}}
{"_local_timestamp": "2026-01-25T23:42:01.438692+00:00", "data": {"market": "0x3890107037bb2ace780887ed0ef87121657c4630647f8d1ec674e48b4e18ccf9", "price_changes": [{"asset_id": "105562922267637000137994713941974179389438851774309271919281703385812810616961", "price": "0.02", "size": "100", "side": "BUY", "hash": "dff98c8eafb186281e5e01f99139e62d5e0236f5", "best_bid": "0.09", "best_ask": "0.75"}, {"asset_id": "63975553709796236764905122190415419623663018835255776304490744044993255440202", "price": "0.98", "size": "100", "side": "SELL", "hash": "4becb4d2cc0de444b5688adcca64f989029a0eea", "best_bid": "0.25", "best_ask": "0.91"}], "timestamp": "1769384521358", "event_type": "price_change"}}
{"_local_timestamp": "2026-01-25T23:42:01.439155+00:00", "data": {"market": "0x3890107037bb2ace780887ed0ef87121657c4630647f8d1ec674e48b4e18ccf9", "price_changes": [{"asset_id": "105562922267637000137994713941974179389438851774309271919281703385812810616961", "price": "0.06", "size": "13.93", "side": "BUY", "hash": "dff98c8eafb186281e5e01f99139e62d5e0236f5", "best_bid": "0.09", "best_ask": "0.75"}, {"asset_id": "63975553709796236764905122190415419623663018835255776304490744044993255440202", "price": "0.94", "size": "13.93", "side": "SELL", "hash": "4becb4d2cc0de444b5688adcca64f989029a0eea", "best_bid": "0.25", "best_ask": "0.91"}], "timestamp": "1769384521358", "event_type": "price_change"}}
{"_local_timestamp": "2026-01-25T23:42:01.916287+00:00", "data": {"market": "0x3890107037bb2ace780887ed0ef87121657c4630647f8d1ec674e48b4e18ccf9", "price_changes": [{"asset_id": "105562922267637000137994713941974179389438851774309271919281703385812810616961", "price": "0.01", "size": "492.11", "side": "BUY", "hash": "ff9066b4b4b6b60ac04b88d73c9fa146422e40c9", "best_bid": "0.09", "best_ask": "0.75"}, {"asset_id": "63975553709796236764905122190415419623663018835255776304490744044993255440202", "price": "0.99", "size": "492.11", "side": "SELL", "hash": "aea350ce3b033bf67da43e2b1101367eeffcce37", "best_bid": "0.25", "best_ask": "0.91"}], "timestamp": "1769384521846", "event_type": "price_change"}}
{"_local_timestamp": "2026-01-25T23:42:01.916672+00:00", "data": {"market": "0x3890107037bb2ace780887ed0ef87121657c4630647f8d1ec674e48b4e18ccf9", "price_changes": [{"asset_id": "105562922267637000137994713941974179389438851774309271919281703385812810616961", "price": "0.02", "size": "131.36", "side": "BUY", "hash": "0f867bdb6df48396952e6cd3445db539c7af7e28", "best_bid": "0.09", "best_ask": "0.75"}, {"asset_id": "63975553709796236764905122190415419623663018835255776304490744044993255440202", "price": "0.98", "size": "131.36", "side": "SELL", "hash": "7d5553b542ec65698c6a180c56f8bbcfd3850c7b", "best_bid": "0.25", "best_ask": "0.91"}], "timestamp": "1769384521846", "event_type": "price_change"}}
{"_local_timestamp": "2026-01-25T23:42:01.917050+00:00", "data": {"market": "0x3890107037bb2ace780887ed0ef87121657c4630647f8d1ec674e48b4e18ccf9", "price_changes": [{"asset_id": "105562922267637000137994713941974179389438851774309271919281703385812810616961", "price": "0.07", "size": "11.89", "side": "BUY", "hash": "b9fbc5b913dd118a987ddeabbc416d6c786637a9", "best_bid": "0.09", "best_ask": "0.75"}, {"asset_id": "63975553709796236764905122190415419623663018835255776304490744044993255440202", "price": "0.93", "size": "11.89", "side": "SELL", "hash": "7ccb023b3781391f16621edd5d9e6f172b84bf10", "best_bid": "0.25", "best_ask": "0.91"}], "timestamp": "1769384521847", "event_type": "price_change"}}
{"_local_timestamp": "2026-01-25T23:42:19.825665+00:00", "data": {"market": "0x3890107037bb2ace780887ed0ef87121657c4630647f8d1ec674e48b4e18ccf9", "price_changes": [{"asset_id": "105562922267637000137994713941974179389438851774309271919281703385812810616961", "price": "0.01", "size": "448.89", "side": "BUY", "hash": "84152ceeb1193e496be7572eedda6b5b2b968030", "best_bid": "0.09", "best_ask": "0.75"}, {"asset_id": "63975553709796236764905122190415419623663018835255776304490744044993255440202", "price": "0.99", "size": "448.89", "side": "SELL", "hash": "bf3a7e3286cc4f1dc790ea1f0127436034a7e551", "best_bid": "0.25", "best_ask": "0.91"}], "timestamp": "1769384539757", "event_type": "price_change"}}
{"_local_timestamp": "2026-01-25T23:42:19.826591+00:00", "data": {"market": "0x3890107037bb2ace780887ed0ef87121657c4630647f8d1ec674e48b4e18ccf9", "price_changes": [{"asset_id": "105562922267637000137994713941974179389438851774309271919281703385812810616961", "price": "0.02", "size": "100", "side": "BUY", "hash": "84152ceeb1193e496be7572eedda6b5b2b968030", "best_bid": "0.09", "best_ask": "0.75"}, {"asset_id": "63975553709796236764905122190415419623663018835255776304490744044993255440202", "price": "0.98", "size": "100", "side": "SELL", "hash": "bf3a7e3286cc4f1dc790ea1f0127436034a7e551", "best_bid": "0.25", "best_ask": "0.91"}], "timestamp": "1769384539757", "event_type": "price_change"}}
{"_local_timestamp": "2026-01-25T23:42:19.827029+00:00", "data": {"market": "0x3890107037bb2ace780887ed0ef87121657c4630647f8d1ec674e48b4e18ccf9", "price_changes": [{"asset_id": "105562922267637000137994713941974179389438851774309271919281703385812810616961", "price": "0.06", "size": "6.36", "side": "BUY", "hash": "84152ceeb1193e496be7572eedda6b5b2b968030", "best_bid": "0.09", "best_ask": "0.75"}, {"asset_id": "63975553709796236764905122190415419623663018835255776304490744044993255440202", "price": "0.94", "size": "6.36", "side": "SELL", "hash": "bf3a7e3286cc4f1dc790ea1f0127436034a7e551", "best_bid": "0.25", "best_ask": "0.91"}], "timestamp": "1769384539757", "event_type": "price_change"}}
{"_local_timestamp": "2026-01-25T23:42:19.827458+00:00", "data": {"market": "0x3890107037bb2ace780887ed0ef87121657c4630647f8d1ec674e48b4e18ccf9", "price_changes": [{"asset_id": "105562922267637000137994713941974179389438851774309271919281703385812810616961", "price": "0.07", "size": "0", "side": "BUY", "hash": "84152ceeb1193e496be7572eedda6b5b2b968030", "best_bid": "0.09", "best_ask": "0.75"}, {"asset_id": "63975553709796236764905122190415419623663018835255776304490744044993255440202", "price": "0.93", "size": "0", "side": "SELL", "hash": "bf3a7e3286cc4f1dc790ea1f0127436034a7e551", "best_bid": "0.25", "best_ask": "0.91"}], "timestamp": "1769384539757", "event_type": "price_change"}}
{"_local_timestamp": "2026-01-25T23:42:20.171974+00:00", "data": {"market": "0x3890107037bb2ace780887ed0ef87121657c4630647f8d1ec674e48b4e18ccf9", "price_changes": [{"asset_id": "105562922267637000137994713941974179389438851774309271919281703385812810616961", "price": "0.02", "size": "134.66", "side": "BUY", "hash": "b3f85078348c2e1f84e358ed95ee084d64656769", "best_bid": "0.09", "best_ask": "0.75"}, {"asset_id": "63975553709796236764905122190415419623663018835255776304490744044993255440202", "price": "0.98", "size": "134.66", "side": "SELL", "hash": "1741e8f087a61d0d0c7273b33a9174238eab3846", "best_bid": "0.25", "best_ask": "0.91"}], "timestamp": "1769384540105", "event_type": "price_change"}}
{"_local_timestamp": "2026-01-25T23:42:20.172480+00:00", "data": {"market": "0x3890107037bb2ace780887ed0ef87121657c4630647f8d1ec674e48b4e18ccf9", "price_changes": [{"asset_id": "105562922267637000137994713941974179389438851774309271919281703385812810616961", "price": "0.07", "size": "16.79", "side": "BUY", "hash": "e7158ea194415b83e0204a6cf5afd6a1f8b47ae8", "best_bid": "0.09", "best_ask": "0.75"}, {"asset_id": "63975553709796236764905122190415419623663018835255776304490744044993255440202", "price": "0.93", "size": "16.79", "side": "SELL", "hash": "c027c49383585d5abbf87e3c784641f5e4f9e393", "best_bid": "0.25", "best_ask": "0.91"}], "timestamp": "1769384540106", "event_type": "price_change"}}
{"_local_timestamp": "2026-01-25T23:42:20.180685+00:00", "data": {"market": "0x3890107037bb2ace780887ed0ef87121657c4630647f8d1ec674e48b4e18ccf9", "price_changes": [{"asset_id": "105562922267637000137994713941974179389438851774309271919281703385812810616961", "price": "0.01", "size": "496.65", "side": "BUY", "hash": "1c2ccfa87a6c44aa43c417c0b5acea0e985aef92", "best_bid": "0.09", "best_ask": "0.75"}, {"asset_id": "63975553709796236764905122190415419623663018835255776304490744044993255440202", "price": "0.99", "size": "496.65", "side": "SELL", "hash": "75ed43e8a03f5125d094f18ad4c43fe2ccf28792", "best_bid": "0.25", "best_ask": "0.91"}], "timestamp": "1769384540107", "event_type": "price_change"}}
{"_local_timestamp": "2026-01-25T23:42:30.069287+00:00", "data": {"market": "0x3890107037bb2ace780887ed0ef87121657c4630647f8d1ec674e48b4e18ccf9", "price_changes": [{"asset_id": "63975553709796236764905122190415419623663018835255776304490744044993255440202", "price": "0.04", "size": "50", "side": "BUY", "hash": "5fb588c8d89259c5f664661fca2029c092e87bd8", "best_bid": "0.25", "best_ask": "0.91"}, {"asset_id": "105562922267637000137994713941974179389438851774309271919281703385812810616961", "price": "0.96", "size": "50", "side": "SELL", "hash": "af21fdf2d82af08799f8b1ec19225569c2646ab5", "best_bid": "0.09", "best_ask": "0.75"}], "timestamp": "1769384550000", "event_type": "price_change"}}
{"_local_timestamp": "2026-01-25T23:42:39.050091+00:00", "data": {"market": "0x3890107037bb2ace780887ed0ef87121657c4630647f8d1ec674e48b4e18ccf9", "price_changes": [{"asset_id": "105562922267637000137994713941974179389438851774309271919281703385812810616961", "price": "0.01", "size": "448.89", "side": "BUY", "hash": "906bf4811fb710af27e42149b13cba445c055355", "best_bid": "0.09", "best_ask": "0.75"}, {"asset_id": "63975553709796236764905122190415419623663018835255776304490744044993255440202", "price": "0.99", "size": "448.89", "side": "SELL", "hash": "3894d3cd1d2249e1868ac884c69ec4d28cd8e584", "best_bid": "0.25", "best_ask": "0.91"}], "timestamp": "1769384558975", "event_type": "price_change"}}
{"_local_timestamp": "2026-01-25T23:42:39.050771+00:00", "data": {"market": "0x3890107037bb2ace780887ed0ef87121657c4630647f8d1ec674e48b4e18ccf9", "price_changes": [{"asset_id": "105562922267637000137994713941974179389438851774309271919281703385812810616961", "price": "0.02", "size": "100", "side": "BUY", "hash": "906bf4811fb710af27e42149b13cba445c055355", "best_bid": "0.09", "best_ask": "0.75"}, {"asset_id": "63975553709796236764905122190415419623663018835255776304490744044993255440202", "price": "0.98", "size": "100", "side": "SELL", "hash": "3894d3cd1d2249e1868ac884c69ec4d28cd8e584", "best_bid": "0.25", "best_ask": "0.91"}], "timestamp": "1769384558975", "event_type": "price_change"}}
{"_local_timestamp": "2026-01-25T23:42:39.051123+00:00", "data": {"market": "0x3890107037bb2ace780887ed0ef87121657c4630647f8d1ec674e48b4e18ccf9", "price_changes": [{"asset_id": "105562922267637000137994713941974179389438851774309271919281703385812810616961", "price": "0.07", "size": "0", "side": "BUY", "hash": "906bf4811fb710af27e42149b13cba445c055355", "best_bid": "0.09", "best_ask": "0.75"}, {"asset_id": "63975553709796236764905122190415419623663018835255776304490744044993255440202", "price": "0.93", "size": "0", "side": "SELL", "hash": "3894d3cd1d2249e1868ac884c69ec4d28cd8e584", "best_bid": "0.25", "best_ask": "0.91"}], "timestamp": "1769384558975", "event_type": "price_change"}}
{"_local_timestamp": "2026-01-25T23:42:39.230816+00:00", "data": {"market": "0x3890107037bb2ace780887ed0ef87121657c4630647f8d1ec674e48b4e18ccf9", "price_changes": [{"asset_id": "105562922267637000137994713941974179389438851774309271919281703385812810616961", "price": "0.01", "size": "496.65", "side": "BUY", "hash": "694ae6561f1d2a87293346bab2b73e57bdd92837", "best_bid": "0.09", "best_ask": "0.75"}, {"asset_id": "63975553709796236764905122190415419623663018835255776304490744044993255440202", "price": "0.99", "size": "496.65", "side": "SELL", "hash": "c6570757feb181b66a7250006943afec6688f189", "best_bid": "0.25", "best_ask": "0.91"}], "timestamp": "1769384559157", "event_type": "price_change"}}
{"_local_timestamp": "2026-01-25T23:42:39.231346+00:00", "data": {"market": "0x3890107037bb2ace780887ed0ef87121657c4630647f8d1ec674e48b4e18ccf9", "price_changes": [{"asset_id": "105562922267637000137994713941974179389438851774309271919281703385812810616961", "price": "0.07", "size": "16.79", "side": "BUY", "hash": "424e458f88d089b1a1d0d25c629ca2e2936bbf7e", "best_bid": "0.09", "best_ask": "0.75"}, {"asset_id": "63975553709796236764905122190415419623663018835255776304490744044993255440202", "price": "0.93", "size": "16.79", "side": "SELL", "hash": "5344fa3431fea799c64b2a7244514194470b2c3b", "best_bid": "0.25", "best_ask": "0.91"}], "timestamp": "1769384559158", "event_type": "price_change"}}
{"_local_timestamp": "2026-01-25T23:42:39.232207+00:00", "data": {"market": "0x3890107037bb2ace780887ed0ef87121657c4630647f8d1ec674e48b4e18ccf9", "price_changes": [{"asset_id": "105562922267637000137994713941974179389438851774309271919281703385812810616961", "price": "0.02", "size": "134.66", "side": "BUY", "hash": "714146b922b604ee00cef167f54ea240a5a83d4a", "best_bid": "0.09", "best_ask": "0.75"}, {"asset_id": "63975553709796236764905122190415419623663018835255776304490744044993255440202", "price": "0.98", "size": "134.66", "side": "SELL", "hash": "b401352f644970fc32f2fa1c187203bc4718a1ab", "best_bid": "0.25", "best_ask": "0.91"}], "timestamp": "1769384559159", "event_type": "price_change"}}
{"_local_timestamp": "2026-01-25T23:42:47.419978+00:00", "data": {"market": "0x3890107037bb2ace780887ed0ef87121657c4630647f8d1ec674e48b4e18ccf9", "price_changes": [{"asset_id": "63975553709796236764905122190415419623663018835255776304490744044993255440202", "price": "0.04", "size": "56.03", "side": "BUY", "hash": "40c0ecf7e847051799d120afb3cc2d8051eef3a1", "best_bid": "0.25", "best_ask": "0.91"}, {"asset_id": "105562922267637000137994713941974179389438851774309271919281703385812810616961", "price": "0.96", "size": "56.03", "side": "SELL", "hash": "e4822f5457fc7c3cd9972f61648d02427a1c6d72", "best_bid": "0.09", "best_ask": "0.75"}], "timestamp": "1769384567173", "event_type": "price_change"}}
{"_local_timestamp": "2026-01-25T23:43:02.006135+00:00", "data": {"market": "0x3890107037bb2ace780887ed0ef87121657c4630647f8d1ec674e48b4e18ccf9", "price_changes": [{"asset_id": "105562922267637000137994713941974179389438851774309271919281703385812810616961", "price": "0.01", "size": "448.89", "side": "BUY", "hash": "edb0a6c90c1794520f13546660cda45eefab0f93", "best_bid": "0.09", "best_ask": "0.75"}, {"asset_id": "63975553709796236764905122190415419623663018835255776304490744044993255440202", "price": "0.99", "size": "448.89", "side": "SELL", "hash": "73d6b718c8ab7ceda01cf6d05c533fb8f78744c4", "best_bid": "0.25", "best_ask": "0.91"}], "timestamp": "1769384581819", "event_type": "price_change"}}
{"_local_timestamp": "2026-01-25T23:43:02.006750+00:00", "data": {"market": "0x3890107037bb2ace780887ed0ef87121657c4630647f8d1ec674e48b4e18ccf9", "price_changes": [{"asset_id": "105562922267637000137994713941974179389438851774309271919281703385812810616961", "price": "0.02", "size": "100", "side": "BUY", "hash": "edb0a6c90c1794520f13546660cda45eefab0f93", "best_bid": "0.09", "best_ask": "0.75"}, {"asset_id": "63975553709796236764905122190415419623663018835255776304490744044993255440202", "price": "0.98", "size": "100", "side": "SELL", "hash": "73d6b718c8ab7ceda01cf6d05c533fb8f78744c4", "best_bid": "0.25", "best_ask": "0.91"}], "timestamp": "1769384581819", "event_type": "price_change"}}
{"_local_timestamp": "2026-01-25T23:43:02.007115+00:00", "data": {"market": "0x3890107037bb2ace780887ed0ef87121657c4630647f8d1ec674e48b4e18ccf9", "price_changes": [{"asset_id": "105562922267637000137994713941974179389438851774309271919281703385812810616961", "price": "0.07", "size": "0", "side": "BUY", "hash": "edb0a6c90c1794520f13546660cda45eefab0f93", "best_bid": "0.09", "best_ask": "0.75"}, {"asset_id": "63975553709796236764905122190415419623663018835255776304490744044993255440202", "price": "0.93", "size": "0", "side": "SELL", "hash": "73d6b718c8ab7ceda01cf6d05c533fb8f78744c4", "best_bid": "0.25", "best_ask": "0.91"}], "timestamp": "1769384581819", "event_type": "price_change"}}
{"_local_timestamp": "2026-01-25T23:43:02.389236+00:00", "data": {"market": "0x3890107037bb2ace780887ed0ef87121657c4630647f8d1ec674e48b4e18ccf9", "price_changes": [{"asset_id": "105562922267637000137994713941974179389438851774309271919281703385812810616961", "price": "0.08", "size": "32.32", "side": "BUY", "hash": "bb5b4799707396955a360d001a2eb03f00b76895", "best_bid": "0.09", "best_ask": "0.75"}, {"asset_id": "63975553709796236764905122190415419623663018835255776304490744044993255440202", "price": "0.92", "size": "32.32", "side": "SELL", "hash": "cad953cbac0e2f26312263e287f9a08d272f82b6", "best_bid": "0.25", "best_ask": "0.91"}], "timestamp": "1769384582188", "event_type": "price_change"}}
{"_local_timestamp": "2026-01-25T23:43:02.393070+00:00", "data": {"market": "0x3890107037bb2ace780887ed0ef87121657c4630647f8d1ec674e48b4e18ccf9", "price_changes": [{"asset_id": "105562922267637000137994713941974179389438851774309271919281703385812810616961", "price": "0.01", "size": "497.22", "side": "BUY", "hash": "755763fb8f9c87af174610adc6231610ce8c4e37", "best_bid": "0.09", "best_ask": "0.75"}, {"asset_id": "63975553709796236764905122190415419623663018835255776304490744044993255440202", "price": "0.99", "size": "497.22", "side": "SELL", "hash": "ffe3faba629c9fe2d5dde74e2f9823229ff94c38", "best_bid": "0.25", "best_ask": "0.91"}], "timestamp": "1769384582190", "event_type": "price_change"}}
{"_local_timestamp": "2026-01-25T23:43:02.398564+00:00", "data": {"market": "0x3890107037bb2ace780887ed0ef87121657c4630647f8d1ec674e48b4e18ccf9", "price_changes": [{"asset_id": "105562922267637000137994713941974179389438851774309271919281703385812810616961", "price": "0.02", "size": "135.07", "side": "BUY", "hash": "607a4bc7ff860549c6f6ff9b7659bfcbc8c45878", "best_bid": "0.09", "best_ask": "0.75"}, {"asset_id": "63975553709796236764905122190415419623663018835255776304490744044993255440202", "price": "0.98", "size": "135.07", "side": "SELL", "hash": "8d106cd8ea71663aa3d1d1b6fe72fa4bade82faf", "best_bid": "0.25", "best_ask": "0.91"}], "timestamp": "1769384582190", "event_type": "price_change"}}
{"_local_timestamp": "2026-01-25T23:43:02.399098+00:00", "data": {"market": "0x3890107037bb2ace780887ed0ef87121657c4630647f8d1ec674e48b4e18ccf9", "price_changes": [{"asset_id": "105562922267637000137994713941974179389438851774309271919281703385812810616961", "price": "0.07", "size": "8.22", "side": "BUY", "hash": "e4d0936ecbaaab2cec97f446e4d1bea60ae8d77f", "best_bid": "0.09", "best_ask": "0.75"}, {"asset_id": "63975553709796236764905122190415419623663018835255776304490744044993255440202", "price": "0.93", "size": "8.22", "side": "SELL", "hash": "b92db6933dfa4b26157fc45ef160a75c7fb61a80", "best_bid": "0.25", "best_ask": "0.91"}], "timestamp": "1769384582191", "event_type": "price_change"}}
{"_local_timestamp": "2026-01-25T23:43:19.096621+00:00", "data": {"market": "0x3890107037bb2ace780887ed0ef87121657c4630647f8d1ec674e48b4e18ccf9", "price_changes": [{"asset_id": "63975553709796236764905122190415419623663018835255776304490744044993255440202", "price": "0.07", "size": "0", "side": "BUY", "hash": "9bea8e9fc5a3916cd4867f4fb0a4a6905f17340d", "best_bid": "0.25", "best_ask": "0.91"}, {"asset_id": "105562922267637000137994713941974179389438851774309271919281703385812810616961", "price": "0.93", "size": "0", "side": "SELL", "hash": "b27b893f1c2f50df0231e6de19bc5d8a6fcbba02", "best_bid": "0.09", "best_ask": "0.75"}], "timestamp": "1769384599000", "event_type": "price_change"}}
{"_local_timestamp": "2026-01-25T23:43:19.120093+00:00", "data": {"market": "0x3890107037bb2ace780887ed0ef87121657c4630647f8d1ec674e48b4e18ccf9", "price_changes": [{"asset_id": "63975553709796236764905122190415419623663018835255776304490744044993255440202", "price": "0.09", "size": "0", "side": "BUY", "hash": "43d8d60d2c7056d31f2b5a756354a05c07179513", "best_bid": "0.25", "best_ask": "0.91"}, {"asset_id": "105562922267637000137994713941974179389438851774309271919281703385812810616961", "price": "0.91", "size": "0", "side": "SELL", "hash": "508c9eb42cfeef81000e45d417885698caf0b77e", "best_bid": "0.09", "best_ask": "0.75"}], "timestamp": "1769384599003", "event_type": "price_change"}}
{"_local_timestamp": "2026-01-25T23:43:20.648839+00:00", "data": {"market": "0x3890107037bb2ace780887ed0ef87121657c4630647f8d1ec674e48b4e18ccf9", "price_changes": [{"asset_id": "105562922267637000137994713941974179389438851774309271919281703385812810616961", "price": "0.01", "size": "448.89", "side": "BUY", "hash": "cd4b9bbfea8a5844b3bb00fd58b09d64b19b29f9", "best_bid": "0.09", "best_ask": "0.75"}, {"asset_id": "63975553709796236764905122190415419623663018835255776304490744044993255440202", "price": "0.99", "size": "448.89", "side": "SELL", "hash": "a7d9036720cfd4bd40beec332d59c2857bddf2fe", "best_bid": "0.25", "best_ask": "0.91"}], "timestamp": "1769384600581", "event_type": "price_change"}}
{"_local_timestamp": "2026-01-25T23:43:20.649377+00:00", "data": {"market": "0x3890107037bb2ace780887ed0ef87121657c4630647f8d1ec674e48b4e18ccf9", "price_changes": [{"asset_id": "105562922267637000137994713941974179389438851774309271919281703385812810616961", "price": "0.02", "size": "100", "side": "BUY", "hash": "cd4b9bbfea8a5844b3bb00fd58b09d64b19b29f9", "best_bid": "0.09", "best_ask": "0.75"}, {"asset_id": "63975553709796236764905122190415419623663018835255776304490744044993255440202", "price": "0.98", "size": "100", "side": "SELL", "hash": "a7d9036720cfd4bd40beec332d59c2857bddf2fe", "best_bid": "0.25", "best_ask": "0.91"}], "timestamp": "1769384600581", "event_type": "price_change"}}
{"_local_timestamp": "2026-01-25T23:43:20.649865+00:00", "data": {"market": "0x3890107037bb2ace780887ed0ef87121657c4630647f8d1ec674e48b4e18ccf9", "price_changes": [{"asset_id": "105562922267637000137994713941974179389438851774309271919281703385812810616961", "price": "0.07", "size": "0", "side": "BUY", "hash": "cd4b9bbfea8a5844b3bb00fd58b09d64b19b29f9", "best_bid": "0.09", "best_ask": "0.75"}, {"asset_id": "63975553709796236764905122190415419623663018835255776304490744044993255440202", "price": "0.93", "size": "0", "side": "SELL", "hash": "a7d9036720cfd4bd40beec332d59c2857bddf2fe", "best_bid": "0.25", "best_ask": "0.91"}], "timestamp": "1769384600581", "event_type": "price_change"}}
{"_local_timestamp": "2026-01-25T23:43:20.650386+00:00", "data": {"market": "0x3890107037bb2ace780887ed0ef87121657c4630647f8d1ec674e48b4e18ccf9", "price_changes": [{"asset_id": "105562922267637000137994713941974179389438851774309271919281703385812810616961", "price": "0.08", "size": "25", "side": "BUY", "hash": "cd4b9bbfea8a5844b3bb00fd58b09d64b19b29f9", "best_bid": "0.09", "best_ask": "0.75"}, {"asset_id": "63975553709796236764905122190415419623663018835255776304490744044993255440202", "price": "0.92", "size": "25", "side": "SELL", "hash": "a7d9036720cfd4bd40beec332d59c2857bddf2fe", "best_bid": "0.25", "best_ask": "0.91"}], "timestamp": "1769384600581", "event_type": "price_change"}}
{"_local_timestamp": "2026-01-25T23:43:21.235652+00:00", "data": {"market": "0x3890107037bb2ace780887ed0ef87121657c4630647f8d1ec674e48b4e18ccf9", "price_changes": [{"asset_id": "105562922267637000137994713941974179389438851774309271919281703385812810616961", "price": "0.01", "size": "494.02", "side": "BUY", "hash": "733154ca1ac306de6e462a4976dc0ae728b64760", "best_bid": "0.09", "best_ask": "0.75"}, {"asset_id": "63975553709796236764905122190415419623663018835255776304490744044993255440202", "price": "0.99", "size": "494.02", "side": "SELL", "hash": "c1db6dfe8af963cb6f0d7f459d8bda82c585dd27", "best_bid": "0.25", "best_ask": "0.91"}], "timestamp": "1769384601158", "event_type": "price_change"}}
{"_local_timestamp": "2026-01-25T23:43:21.236359+00:00", "data": {"market": "0x3890107037bb2ace780887ed0ef87121657c4630647f8d1ec674e48b4e18ccf9", "price_changes": [{"asset_id": "105562922267637000137994713941974179389438851774309271919281703385812810616961", "price": "0.02", "size": "132.75", "side": "BUY", "hash": "b43f99863507f1f07aa95c63c4e9963f31d7493d", "best_bid": "0.09", "best_ask": "0.75"}, {"asset_id": "63975553709796236764905122190415419623663018835255776304490744044993255440202", "price": "0.98", "size": "132.75", "side": "SELL", "hash": "a88b21545c49345a9174cd3e6c92caa0e0c6406e", "best_bid": "0.25", "best_ask": "0.91"}], "timestamp": "1769384601159", "event_type": "price_change"}}
{"_local_timestamp": "2026-01-25T23:43:21.236787+00:00", "data": {"market": "0x3890107037bb2ace780887ed0ef87121657c4630647f8d1ec674e48b4e18ccf9", "price_changes": [{"asset_id": "105562922267637000137994713941974179389438851774309271919281703385812810616961", "price": "0.06", "size": "17.91", "side": "BUY", "hash": "319671fc2ff8cdfe7877b40c3ee0153846285823", "best_bid": "0.09", "best_ask": "0.75"}, {"asset_id": "63975553709796236764905122190415419623663018835255776304490744044993255440202", "price": "0.94", "size": "17.91", "side": "SELL", "hash": "a242b69c63985b054f1a271d8e9bda772a081f69", "best_bid": "0.25", "best_ask": "0.91"}], "timestamp": "1769384601160", "event_type": "price_change"}}
{"_local_timestamp": "2026-01-25T23:43:21.237207+00:00", "data": {"market": "0x3890107037bb2ace780887ed0ef87121657c4630647f8d1ec674e48b4e18ccf9", "price_changes": [{"asset_id": "105562922267637000137994713941974179389438851774309271919281703385812810616961", "price": "0.08", "size": "31.83", "side": "BUY", "hash": "b1556e0b488a751ba6ab18ae0070a748b52090aa", "best_bid": "0.09", "best_ask": "0.75"}, {"asset_id": "63975553709796236764905122190415419623663018835255776304490744044993255440202", "price": "0.92", "size": "31.83", "side": "SELL", "hash": "8b8eb0f7b53e9c58bfbb5a2de84f294d54c81c13", "best_bid": "0.25", "best_ask": "0.91"}], "timestamp": "1769384601161", "event_type": "price_change"}}
{"_local_timestamp": "2026-01-25T23:43:43.493978+00:00", "data": {"market": "0x3890107037bb2ace780887ed0ef87121657c4630647f8d1ec674e48b4e18ccf9", "price_changes": [{"asset_id": "105562922267637000137994713941974179389438851774309271919281703385812810616961", "price": "0.01", "size": "448.89", "side": "BUY", "hash": "c9d63fc2077349bd382f80c6686da538d7b358c6", "best_bid": "0.09", "best_ask": "0.75"}, {"asset_id": "63975553709796236764905122190415419623663018835255776304490744044993255440202", "price": "0.99", "size": "448.89", "side": "SELL", "hash": "77b8da1982bd6085369ce91b96d629cefb3def9c", "best_bid": "0.25", "best_ask": "0.91"}], "timestamp": "1769384623278", "event_type": "price_change"}}
{"_local_timestamp": "2026-01-25T23:43:43.494458+00:00", "data": {"market": "0x3890107037bb2ace780887ed0ef87121657c4630647f8d1ec674e48b4e18ccf9", "price_changes": [{"asset_id": "105562922267637000137994713941974179389438851774309271919281703385812810616961", "price": "0.02", "size": "100", "side": "BUY", "hash": "c9d63fc2077349bd382f80c6686da538d7b358c6", "best_bid": "0.09", "best_ask": "0.75"}, {"asset_id": "63975553709796236764905122190415419623663018835255776304490744044993255440202", "price": "0.98", "size": "100", "side": "SELL", "hash": "77b8da1982bd6085369ce91b96d629cefb3def9c", "best_bid": "0.25", "best_ask": "0.91"}], "timestamp": "1769384623278", "event_type": "price_change"}}
{"_local_timestamp": "2026-01-25T23:43:43.494853+00:00", "data": {"market": "0x3890107037bb2ace780887ed0ef87121657c4630647f8d1ec674e48b4e18ccf9", "price_changes": [{"asset_id": "105562922267637000137994713941974179389438851774309271919281703385812810616961", "price": "0.06", "size": "6.36", "side": "BUY", "hash": "c9d63fc2077349bd382f80c6686da538d7b358c6", "best_bid": "0.09", "best_ask": "0.75"}, {"asset_id": "63975553709796236764905122190415419623663018835255776304490744044993255440202", "price": "0.94", "size": "6.36", "side": "SELL", "hash": "77b8da1982bd6085369ce91b96d629cefb3def9c", "best_bid": "0.25", "best_ask": "0.91"}], "timestamp": "1769384623278", "event_type": "price_change"}}
{"_local_timestamp": "2026-01-25T23:43:43.495360+00:00", "data": {"market": "0x3890107037bb2ace780887ed0ef87121657c4630647f8d1ec674e48b4e18ccf9", "price_changes": [{"asset_id": "105562922267637000137994713941974179389438851774309271919281703385812810616961", "price": "0.08", "size": "25", "side": "BUY", "hash": "c9d63fc2077349bd382f80c6686da538d7b358c6", "best_bid": "0.09", "best_ask": "0.75"}, {"asset_id": "63975553709796236764905122190415419623663018835255776304490744044993255440202", "price": "0.92", "size": "25", "side": "SELL", "hash": "77b8da1982bd6085369ce91b96d629cefb3def9c", "best_bid": "0.25", "best_ask": "0.91"}], "timestamp": "1769384623278", "event_type": "price_change"}}
{"_local_timestamp": "2026-01-25T23:43:43.965126+00:00", "data": {"market": "0x3890107037bb2ace780887ed0ef87121657c4630647f8d1ec674e48b4e18ccf9", "price_changes": [{"asset_id": "105562922267637000137994713941974179389438851774309271919281703385812810616961", "price": "0.01", "size": "494.02", "side": "BUY", "hash": "5fd6a83854a762d5cfb745ee76d238d5b50c658c", "best_bid": "0.09", "best_ask": "0.75"}, {"asset_id": "63975553709796236764905122190415419623663018835255776304490744044993255440202", "price": "0.99", "size": "494.02", "side": "SELL", "hash": "751cea8d67af3b2c366f0d6641923e18f761d690", "best_bid": "0.25", "best_ask": "0.91"}], "timestamp": "1769384623879", "event_type": "price_change"}}
{"_local_timestamp": "2026-01-25T23:43:43.965697+00:00", "data": {"market": "0x3890107037bb2ace780887ed0ef87121657c4630647f8d1ec674e48b4e18ccf9", "price_changes": [{"asset_id": "105562922267637000137994713941974179389438851774309271919281703385812810616961", "price": "0.06", "size": "17.91", "side": "BUY", "hash": "0001d8662f3f8c3314d15506cb4127003e66779f", "best_bid": "0.09", "best_ask": "0.75"}, {"asset_id": "63975553709796236764905122190415419623663018835255776304490744044993255440202", "price": "0.94", "size": "17.91", "side": "SELL", "hash": "98d2f84f584db1dfceb6e86e6f2362a387f0525c", "best_bid": "0.25", "best_ask": "0.91"}], "timestamp": "1769384623880", "event_type": "price_change"}}
{"_local_timestamp": "2026-01-25T23:43:43.966110+00:00", "data": {"market": "0x3890107037bb2ace780887ed0ef87121657c4630647f8d1ec674e48b4e18ccf9", "price_changes": [{"asset_id": "105562922267637000137994713941974179389438851774309271919281703385812810616961", "price": "0.02", "size": "132.75", "side": "BUY", "hash": "345a3cc5e1f5bd7d826a01bc04424bab23d7a8cf", "best_bid": "0.09", "best_ask": "0.75"}, {"asset_id": "63975553709796236764905122190415419623663018835255776304490744044993255440202", "price": "0.98", "size": "132.75", "side": "SELL", "hash": "c4c54fa5b9e0ed55a0c341db8793da075be048ac", "best_bid": "0.25", "best_ask": "0.91"}], "timestamp": "1769384623881", "event_type": "price_change"}}
{"_local_timestamp": "2026-01-25T23:43:43.966501+00:00", "data": {"market": "0x3890107037bb2ace780887ed0ef87121657c4630647f8d1ec674e48b4e18ccf9", "price_changes": [{"asset_id": "105562922267637000137994713941974179389438851774309271919281703385812810616961", "price": "0.08", "size": "31.83", "side": "BUY", "hash": "f4d66ff6c59c8618463031f82b5acdf600a3553a", "best_bid": "0.09", "best_ask": "0.75"}, {"asset_id": "63975553709796236764905122190415419623663018835255776304490744044993255440202", "price": "0.92", "size": "31.83", "side": "SELL", "hash": "8810fa93d8ed11ea20bf21e0dbf1e17b93dcd043", "best_bid": "0.25", "best_ask": "0.91"}], "timestamp": "1769384623882", "event_type": "price_change"}}
{"_local_timestamp": "2026-01-25T23:43:46.731563+00:00", "data": {"market": "0x3890107037bb2ace780887ed0ef87121657c4630647f8d1ec674e48b4e18ccf9", "price_changes": [{"asset_id": "63975553709796236764905122190415419623663018835255776304490744044993255440202", "price": "0.07", "size": "8.35", "side": "BUY", "hash": "80bf87d23344bb3ee0f15a5d19891c235981ae6f", "best_bid": "0.25", "best_ask": "0.91"}, {"asset_id": "105562922267637000137994713941974179389438851774309271919281703385812810616961", "price": "0.93", "size": "8.35", "side": "SELL", "hash": "9adf8ab9b8a79bf5ee557dba0d28f41e4f455807", "best_bid": "0.09", "best_ask": "0.75"}], "timestamp": "1769384626663", "event_type": "price_change"}}
{"_local_timestamp": "2026-01-25T23:43:46.732220+00:00", "data": {"market": "0x3890107037bb2ace780887ed0ef87121657c4630647f8d1ec674e48b4e18ccf9", "price_changes": [{"asset_id": "63975553709796236764905122190415419623663018835255776304490744044993255440202", "price": "0.1", "size": "15.67", "side": "BUY", "hash": "06f8153b778488ffc1292b6904fc045528fc8857", "best_bid": "0.25", "best_ask": "0.91"}, {"asset_id": "105562922267637000137994713941974179389438851774309271919281703385812810616961", "price": "0.9", "size": "15.67", "side": "SELL", "hash": "280aba93e6a4cf9c0d0aef6db4a67557d74358bc", "best_bid": "0.09", "best_ask": "0.75"}], "timestamp": "1769384626664", "event_type": "price_change"}}
