{"_local_timestamp": "2026-01-25T23:41:15.727058+00:00", "data": [{"market": "0x3890107037bb2ace780887ed0ef87121657c4630647f8d1ec674e48b4e18ccf9", "asset_id": "105562922267637000137994713941974179389438851774309271919281703385812810616961", "timestamp": "1769384459402", "hash": "db218ba5e76dd550e33d2abe426099d0330bc580", "bids": [{"price": "0.01", "size": "499.45"}, {"price": "0.02", "size": "136.69"}, {"price": "0.03", "size": "618.61"}, {"price": "0.04", "size": "64.19"}, {"price": "0.05", "size": "41.9"}, {"price": "0.06", "size": "13.93"}, {"price": "0.08", "size": "25"}, {"price": "0.09", "size": "5.42"}], "asks": [{"price": "0.99", "size": "10458.87"}, {"price": "0.98", "size": "4114.01"}, {"price": "0.97", "size": "4009.06"}, {"price": "0.96", "size": "56.03"}, {"price": "0.95", "size": "110.63"}, {"price": "0.94", "size": "2033"}, {"price": "0.93", "size": "5.65"}, {"price": "0.92", "size": "25"}, {"price": "0.91", "size": "10.37"}, {"price": "0.9", "size": "8.23"}, {"price": "0.89", "size": "7.66"}, {"price": "0.83", "size": "76.47"}, {"price": "0.82", "size": "61.11"}, {"price": "0.81", "size": "23.93"}, {"price": "0.75", "size": "100"}], "event_type": "book", "last_trade_price": "0.570"}, {"market": "0x3890107037bb2ace780887ed0ef87121657c4630647f8d1ec674e48b4e18ccf9", "asset_id": "63975553709796236764905122190415419623663018835255776304490744044993255440202", "timestamp": "1769384459402", "hash": "e4b1586b9ad02d39da28f83fa00e7d9ac8ca7925", "bids": [{"price": "0.01", "size": "10458.87"}, {"price": "0.02", "size": "4114.01"}, {"price": "0.03", "size": "4009.06"}, {"price": "0.04", "size": "56.03"}, {"price": "0.05", "size": "110.63"}, {"price": "0.06", "size": "2033"}, {"price": "0.07", "size": "5.65"}, {"price": "0.08", "size": "25"}, {"price": "0.09", "size": "10.37"}, {"price": "0.1", "size": "8.23"}, {"price": "0.11", "size": "7.66"}, {"price": "0.17", "size": "76.47"}, {"price": "0.18", "size": "61.11"}, {"price": "0.19", "size": "23.93"}, {"price": "0.25", "size": "100"}], "asks": [{"price": "0.99", "size": "499.45"}, {"price": "0.98", "size": "136.69"}, {"price": "0.97", "size": "618.61"}, {"price": "0.96", "size": "64.19"}, {"price": "0.95", "size": "41.9"}, {"price": "0.94", "size": "13.93"}, {"price": "0.92", "size": "25"}, {"price": "0.91", "size": "5.42"}], "event_type": "book", "last_trade_price": "0.570"}]}
{"_local_timestamp": "2026-01-25T23:41:16.129980+00:00", "data": {"market": "0x3890107037bb2ace780887ed0ef87121657c4630647f8d1ec674e48b4e18ccf9", "price_changes": [{"asset_id": "63975553709796236764905122190415419623663018835255776304490744044993255440202", "price": "0.05", "size": "100", "side": "BUY", "hash": "0e81da50df7ffb0261ab594720a80c6ca0139a9c", "best_bid": "0.25", "best_ask": "0.91"}, {"asset_id": "105562922267637000137994713941974179389438851774309271919281703385812810616961", "price": "0.95", "size": "100", "side": "SELL", "hash": "10e4c8ac49af1042bf2d35b7b2ccccd9fe1404ea", "best_bid": "0.09", "best_ask": "0.75"}], "timestamp": "1769384476001", "event_type": "price_change"}}
{"_local_timestamp": "2026-01-25T23:41:23.362274+00:00", "data": {"market": "0x3890107037bb2ace780887ed0ef87121657c4630647f8d1ec674e48b4e18ccf9", "price_changes": [{"asset_id": "105562922267637000137994713941974179389438851774309271919281703385812810616961", "price": "0.01", "size": "448.89", "side": "BUY", "hash": "00091ddd1f3f16a709a0f5299c15fb92716bf0d1", "best_bid": "0.09", "best_ask": "0.75"}, {"asset_id": "63975553709796236764905122190415419623663018835255776304490744044993255440202", "price": "0.99", "size": "448.89", "side": "SELL", "hash": "d0d9bb1f0ac0bf529404e0ca8c86b63e7ff035f9", "best_bid": "0.25", "best_ask": "0.91"}], "timestamp": "1769384483256", "event_type": "price_change"}}
{"_local_timestamp": "2026-01-25T23:41:23.363647+00:00", "data": {"market": "0x3890107037bb2ace780887ed0ef87121657c4630647f8d1ec674e48b4e18ccf9", "price_changes": [{"asset_id": "105562922267637000137994713941974179389438851774309271919281703385812810616961", "price": "0.02", "size": "100", "side": "BUY", "hash": "00091ddd1f3f16a709a0f5299c15fb92716bf0d1", "best_bid": "0.09", "best_ask": "0.75"}, {"asset_id": "63975553709796236764905122190415419623663018835255776304490744044993255440202", "price": "0.98", "size": "100", "side": "SELL", "hash": "d0d9bb1f0ac0bf529404e0ca8c86b63e7ff035f9", "best_bid": "0.25", "best_ask": "0.91"}], "timestamp": "1769384483256", "event_type": "price_change"}}
{"_local_timestamp": "2026-01-25T23:41:23.365403+00:00", "data": {"market": "0x3890107037bb2ace780887ed0ef87121657c4630647f8d1ec674e48b4e18ccf9", "price_changes": [{"asset_id": "105562922267637000137994713941974179389438851774309271919281703385812810616961", "price": "0.05", "size": "28.85", "side": "BUY", "hash": "00091ddd1f3f16a709a0f5299c15fb92716bf0d1", "best_bid": "0.09", "best_ask": "0.75"}, {"asset_id": "63975553709796236764905122190415419623663018835255776304490744044993255440202", "price": "0.95", "size": "28.85", "side": "SELL", "hash": "d0d9bb1f0ac0bf529404e0ca8c86b63e7ff035f9", "best_bid": "0.25", "best_ask": "0.91"}], "timestamp": "1769384483256", "event_type": "price_change"}}
{"_local_timestamp": "2026-01-25T23:41:23.820349+00:00", "data": {"market": "0x3890107037bb2ace780887ed0ef87121657c4630647f8d1ec674e48b4e18ccf9", "price_changes": [{"asset_id": "105562922267637000137994713941974179389438851774309271919281703385812810616961", "price": "0.01", "size": "496.11", "side": "BUY", "hash": "14adec44e8a9d9d2eca8250155ae8118d39c60da", "best_bid": "0.09", "best_ask": "0.75"}, {"asset_id": "63975553709796236764905122190415419623663018835255776304490744044993255440202", "price": "0.99", "size": "496.11", "side": "SELL", "hash": "4d2a73ff3d04cf39d20089b34c789ae8adc2ef97", "best_bid": "0.25", "best_ask": "0.91"}], "timestamp": "1769384483698", "event_type": "price_change"}}
{"_local_timestamp": "2026-01-25T23:41:23.820849+00:00", "data": {"market": "0x3890107037bb2ace780887ed0ef87121657c4630647f8d1ec674e48b4e18ccf9", "price_changes": [{"asset_id": "105562922267637000137994713941974179389438851774309271919281703385812810616961", "price": "0.06", "size": "26.17", "side": "BUY", "hash": "c716e300631663fe20d97cfee8330961fa82c4fa", "best_bid": "0.09", "best_ask": "0.75"}, {"asset_id": "63975553709796236764905122190415419623663018835255776304490744044993255440202", "price": "0.94", "size": "26.17", "side": "SELL", "hash": "43937c432acb646443a9398af7bbbc4d21406831", "best_bid": "0.25", "best_ask": "0.91"}], "timestamp": "1769384483699", "event_type": "price_change"}}
{"_local_timestamp": "2026-01-25T23:41:23.821464+00:00", "data": {"market": "0x3890107037bb2ace780887ed0ef87121657c4630647f8d1ec674e48b4e18ccf9", "price_changes": [{"asset_id": "105562922267637000137994713941974179389438851774309271919281703385812810616961", "price": "0.02", "size": "134.26", "side": "BUY", "hash": "93251d895cff07ccbf858260f0c80bdff8d6f367", "best_bid": "0.09", "best_ask": "0.75"}, {"asset_id": "63975553709796236764905122190415419623663018835255776304490744044993255440202", "price": "0.98", "size": "134.26", "side": "SELL", "hash": "b2a2eee5f8c4d47967cb87d0d594741980bd9221", "best_bid": "0.25", "best_ask": "0.91"}], "timestamp": "1769384483700", "event_type": "price_change"}}
{"_local_timestamp": "2026-01-25T23:41:29.979274+00:00", "data": {"market": "0x3890107037bb2ace780887ed0ef87121657c4630647f8d1ec674e48b4e18ccf9", "price_changes": [{"asset_id": "63975553709796236764905122190415419623663018835255776304490744044993255440202", "price": "0.05", "size": "110.65", "side": "BUY", "hash": "af6711835737ba98f175c87b5453bf2420e663ac", "best_bid": "0.25", "best_ask": "0.91"}, {"asset_id": "105562922267637000137994713941974179389438851774309271919281703385812810616961", "price": "0.95", "size": "110.65", "side": "SELL", "hash": "d3f1e3d207ad25134a9a77df46c4f7d5eb39e6b1", "best_bid": "0.09", "best_ask": "0.75"}], "timestamp": "1769384489846", "event_type": "price_change"}}
{"_local_timestamp": "2026-01-25T23:41:44.222234+00:00", "data": {"market": "0x3890107037bb2ace780887ed0ef87121657c4630647f8d1ec674e48b4e18ccf9", "price_changes": [{"asset_id": "105562922267637000137994713941974179389438851774309271919281703385812810616961", "price": "0.01", "size": "448.89", "side": "BUY", "hash": "d9a935850eb33ff552c035d410a4cd38e3c37767", "best_bid": "0.09", "best_ask": "0.75"}, {"asset_id": "63975553709796236764905122190415419623663018835255776304490744044993255440202", "price": "0.99", "size": "448.89", "side": "SELL", "hash": "73d1bd8ce9d6b713a3827ba0a32212cbcfd4707a", "best_bid": "0.25", "best_ask": "0.91"}], "timestamp": "1769384504154", "event_type": "price_change"}}
{"_local_timestamp": "2026-01-25T23:41:44.223160+00:00", "data": {"market": "0x3890107037bb2ace780887ed0ef87121657c4630647f8d1ec674e48b4e18ccf9", "price_changes": [{"asset_id": "105562922267637000137994713941974179389438851774309271919281703385812810616961", "price": "0.02", "size": "100", "side": "BUY", "hash": "d9a935850eb33ff552c035d410a4cd38e3c37767", "best_bid": "0.09", "best_ask": "0.75"}, {"asset_id": "63975553709796236764905122190415419623663018835255776304490744044993255440202", "price": "0.98", "size": "100", "side": "SELL", "hash": "73d1bd8ce9d6b713a3827ba0a32212cbcfd4707a", "best_bid": "0.25", "best_ask": "0.91"}], "timestamp": "1769384504154", "event_type": "price_change"}}
{"_local_timestamp": "2026-01-25T23:41:44.223478+00:00", "data": {"market": "0x3890107037bb2ace780887ed0ef87121657c4630647f8d1ec674e48b4e18ccf9", "price_changes": [{"asset_id": "105562922267637000137994713941974179389438851774309271919281703385812810616961", "price": "0.06", "size": "13.93", "side": "BUY", "hash": "d9a935850eb33ff552c035d410a4cd38e3c37767", "best_bid": "0.09", "best_ask": "0.75"}, {"asset_id": "63975553709796236764905122190415419623663018835255776304490744044993255440202", "price": "0.94", "size": "13.93", "side": "SELL", "hash": "73d1bd8ce9d6b713a3827ba0a32212cbcfd4707a", "best_bid": "0.25", "best_ask": "0.91"}], "timestamp": "1769384504154", "event_type": "price_change"}}
{"_local_timestamp": "2026-01-25T23:41:44.775782+00:00", "data": {"market": "0x3890107037bb2ace780887ed0ef87121657c4630647f8d1ec674e48b4e18ccf9", "price_changes": [{"asset_id": "105562922267637000137994713941974179389438851774309271919281703385812810616961", "price": "0.01", "size": "496.11", "side": "BUY", "hash": "fa0b261822ace0269e171cf532a28989553ece12", "best_bid": "0.09", "best_ask": "0.75"}, {"asset_id": "63975553709796236764905122190415419623663018835255776304490744044993255440202", "price": "0.99", "size": "496.11", "side": "SELL", "hash": "f07ed6e09611eb4dd4bb3e13f61c37373750277d", "best_bid": "0.25", "best_ask": "0.91"}], "timestamp": "1769384504700", "event_type": "price_change"}}
{"_local_timestamp": "2026-01-25T23:41:44.776165+00:00", "data": {"market": "0x3890107037bb2ace780887ed0ef87121657c4630647f8d1ec674e48b4e18ccf9", "price_changes": [{"asset_id": "105562922267637000137994713941974179389438851774309271919281703385812810616961", "price": "0.02", "size": "134.26", "side": "BUY", "hash": "847414c9198337d6653f5cbb3b5f0d6d55da4e51", "best_bid": "0.09", "best_ask": "0.75"}, {"asset_id": "63975553709796236764905122190415419623663018835255776304490744044993255440202", "price": "0.98", "size": "134.26", "side": "SELL", "hash": "9d7cbee076c0ead2811837e83ca2a1aaffc723bc", "best_bid": "0.25", "best_ask": "0.91"}], "timestamp": "1769384504701", "event_type": "price_change"}}
{"_local_timestamp": "2026-01-25T23:41:44.776496+00:00", "data": {"market": "0x3890107037bb2ace780887ed0ef87121657c4630647f8d1ec674e48b4e18ccf9", "price_changes": [{"asset_id": "105562922267637000137994713941974179389438851774309271919281703385812810616961", "price": "0.06", "size": "26.17", "side": "BUY", "hash": "f675aee632264bd1ec6e8ba4fc659a4de0182b3f", "best_bid": "0.09", "best_ask": "0.75"}, {"asset_id": "63975553709796236764905122190415419623663018835255776304490744044993255440202", "price": "0.94", "size": "26.17", "side": "SELL", "hash": "08ba735fbfd554b81e1359773173f90c5b7b145c", "best_bid": "0.25", "best_ask": "0.91"}], "timestamp": "1769384504702", "event_type": "price_change"}}
{"_local_timestamp": "2026-01-25T23:42:01.437658+00:00", "data": {"market": "0x3890107037bb2ace780887ed0ef87121657c4630647f8d1ec674e48b4e18ccf9", "price_changes": [{"asset_id": "105562922267637000137994713941974179389438851774309271919281703385812810616961", "price": "0.01", "size": "448.89", "side": "BUY", "hash": "dff98c8eafb186281e5e01f99139e62d5e0236f5", "best_bid": "0.09", "best_ask": "0.75"}, {"asset_id": "63975553709796236764905122190415419623663018835255776304490744044993255440202", "price": "0.99", "size": "448.89", "side": "SELL", "hash": "4becb4d2cc0de444b5688adcca64f989029a0eea", "best_bid": "0.25", "best_ask": "0.91"}], "timestamp": "1769384521358", "event_type": "price_change"}}
{"_local_timestamp": "2026-01-25T23:42:01.438692+00:00", "data": {"market": "0x3890107037bb2ace780887ed0ef87121657c4630647f8d1ec674e48b4e18ccf9", "price_changes": [{"asset_id": "105562922267637000137994713941974179389438851774309271919281703385812810616961", "price": "0.02", "size": "100", "side": "BUY", "hash": "dff98c8eafb186281e5e01f99139e62d5e0236f5", "best_bid": "0.09", "best_ask": "0.75"}, {"asset_id": "63975553709796236764905122190415419623663018835255776304490744044993255440202", "price": "0.98", "size": "100", "side": "SELL", "hash": "4becb4d2cc0de444b5688adcca64f989029a0eea", "best_bid": "0.25", "best_ask": "0.91"}], "timestamp": "1769384521358", "event_type": "price_change"}}
{"_local_timestamp": "2026-01-25T23:42:01.439155+00:00", "data": {"market": "0x3890107037bb2ace780887ed0ef87121657c4630647f8d1ec674e48b4e18ccf9", "price_changes": [{"asset_id": "105562922267637000137994713941974179389438851774309271919281703385812810616961", "price": "0.06", "size": "13.93", "side": "BUY", "hash": "dff98c8eafb186281e5e01f99139e62d5e0236f5", "best_bid": "0.09", "best_ask": "0.75"}, {"asset_id": "63975553709796236764905122190415419623663018835255776304490744044993255440202", "price": "0.94", "size": "13.93", "side": "SELL", "hash": "4becb4d2cc0de444b5688adcca64f989029a0eea", "best_bid": "0.25", "best_ask": "0.91"}], "timestamp": "1769384521358", "event_type": "price_change"}}
{"_local_timestamp": "2026-01-25T23:42:01.916287+00:00", "data": {"market": "0x3890107037bb2ace780887ed0ef87121657c4630647f8d1ec674e48b4e18ccf9", "price_changes": [{"asset_id": "105562922267637000137994713941974179389438851774309271919281703385812810616961", "price": "0.01", "size": "492.11", "side": "BUY", "hash": "ff9066b4b4b6b60ac04b88d73c9fa146422e40c9", "best_bid": "0.09", "best_ask": "0.75"}, {"asset_id": "63975553709796236764905122190415419623663018835255776304490744044993255440202", "price": "0.99", "size": "492.11", "side": "SELL", "hash": "aea350ce3b033bf67da43e2b1101367eeffcce37", "best_bid": "0.25", "best_ask": "0.91"}], "timestamp": "1769384521846", "event_type": "price_change"}}
{"_local_timestamp": "2026-01-25T23:42:01.916672+00:00", "data": {"market": "0x3890107037bb2ace780887ed0ef87121657c4630647f8d1ec674e48b4e18ccf9", "price_changes": [{"asset_id": "105562922267637000137994713941974179389438851774309271919281703385812810616961", "price": "0.02", "size": "131.36", "side": "BUY", "hash": "0f867bdb6df48396952e6cd3445db539c7af7e28", "best_bid": "0.09", "best_ask": "0.75"}, {"asset_id": "63975553709796236764905122190415419623663018835255776304490744044993255440202", "price": "0.98", "size": "131.36", "side": "SELL", "hash": "7d5553b542ec65698c6a180c56f8bbcfd3850c7b", "best_bid": "0.25", "best_ask": "0.91"}], "timestamp": "1769384521846", "event_type": "price_change"}}
{"_local_timestamp": "2026-01-25T23:42:01.917050+00:00", "data": {"market": "0x3890107037bb2ace780887ed0ef87121657c4630647f8d1ec674e48b4e18ccf9", "price_changes": [{"asset_id": "105562922267637000137994713941974179389438851774309271919281703385812810616961", "price": "0.07", "size": "11.89", "side": "BUY", "hash": "b9fbc5b913dd118a987ddeabbc416d6c786637a9", "best_bid": "0.09", "best_ask": "0.75"}, {"asset_id": "63975553709796236764905122190415419623663018835255776304490744044993255440202", "price": "0.93", "size": "11.89", "side": "SELL", "hash": "7ccb023b3781391f16621edd5d9e6f172b84bf10", "best_bid": "0.25", "best_ask": "0.91"}], "timestamp": "1769384521847", "event_type": "price_change"}}
{"_local_timestamp": "2026-01-25T23:42:19.825665+00:00", "data": {"market": "0x3890107037bb2ace780887ed0ef87121657c4630647f8d1ec674e48b4e18ccf9", "price_changes": [{"asset_id": "105562922267637000137994713941974179389438851774309271919281703385812810616961", "price": "0.01", "size": "448.89", "side": "BUY", "hash": "84152ceeb1193e496be7572eedda6b5b2b968030", "best_bid": "0.09", "best_ask": "0.75"}, {"asset_id": "63975553709796236764905122190415419623663018835255776304490744044993255440202", "price": "0.99", "size": "448.89", "side": "SELL", "hash": "bf3a7e3286cc4f1dc790ea1f0127436034a7e551", "best_bid": "0.25", "best_ask": "0.91"}], "timestamp": "1769384539757", "event_type": "price_change"}}
{"_local_timestamp": "2026-01-25T23:42:19.826591+00:00", "data": {"market": "0x3890107037bb2ace780887ed0ef87121657c4630647f8d1ec674e48b4e18ccf9", "price_changes": [{"asset_id": "105562922267637000137994713941974179389438851774309271919281703385812810616961", "price": "0.02", "size": "100", "side": "BUY", "hash": "84152ceeb1193e496be7572eedda6b5b2b968030", "best_bid": "0.09", "best_ask": "0.75"}, {"asset_id": "63975553709796236764905122190415419623663018835255776304490744044993255440202", "price": "0.98", "size": "100", "side": "SELL", "hash": "bf3a7e3286cc4f1dc790ea1f0127436034a7e551", "best_bid": "0.25", "best_ask": "0.91"}], "timestamp": "1769384539757", "event_type": "price_change"}}
{"_local_timestamp": "2026-01-25T23:42:19.827029+00:00", "data": {"market": "0x3890107037bb2ace780887ed0ef87121657c4630647f8d1ec674e48b4e18ccf9", "price_changes": [{"asset_id": "105562922267637000137994713941974179389438851774309271919281703385812810616961", "price": "0.06", "size": "6.36", "side": "BUY", "hash": "84152ceeb1193e496be7572eedda6b5b2b968030", "best_bid": "0.09", "best_ask": "0.75"}, {"asset_id": "63975553709796236764905122190415419623663018835255776304490744044993255440202", "price": "0.94", "size": "6.36", "side": "SELL", "hash": "bf3a7e3286cc4f1dc790ea1f0127436034a7e551", "best_bid": "0.25", "best_ask": "0.91"}], "timestamp": "1769384539757", "event_type": "price_change"}}
{"_local_timestamp": "2026-01-25T23:42:19.827458+00:00", "data": {"market": "0x3890107037bb2ace780887ed0ef87121657c4630647f8d1ec674e48b4e18ccf9", "price_changes": [{"asset_id": "105562922267637000137994713941974179389438851774309271919281703385812810616961", "price": "0.07", "size": "0", "side": "BUY", "hash": "84152ceeb1193e496be7572eedda6b5b2b968030", "best_bid": "0.09", "best_ask": "0.75"}, {"asset_id": "63975553709796236764905122190415419623663018835255776304490744044993255440202", "price": "0.93", "size": "0", "side": "SELL", "hash": "bf3a7e3286cc4f1dc790ea1f0127436034a7e551", "best_bid": "0.25", "best_ask": "0.91"}], "timestamp": "1769384539757", "event_type": "price_change"}}
{"_local_timestamp": "2026-01-25T23:42:20.171974+00:00", "data": {"market": "0x3890107037bb2ace780887ed0ef87121657c4630647f8d1ec674e48b4e18ccf9", "price_changes": [{"asset_id": "105562922267637000137994713941974179389438851774309271919281703385812810616961", "price": "0.02", "size": "134.66", "side": "BUY", "hash": "b3f85078348c2e1f84e358ed95ee084d64656769", "best_bid": "0.09", "best_ask": "0.75"}, {"asset_id": "63975553709796236764905122190415419623663018835255776304490744044993255440202", "price": "0.98", "size": "134.66", "side": "SELL", "hash": "1741e8f087a61d0d0c7273b33a9174238eab3846", "best_bid": "0.25", "best_ask": "0.91"}], "timestamp": "1769384540105", "event_type": "price_change"}}
{"_local_timestamp": "2026-01-25T23:42:20.172480+00:00", "data": {"market": "0x3890107037bb2ace780887ed0ef87121657c4630647f8d1ec674e48b4e18ccf9", "price_changes": [{"asset_id": "105562922267637000137994713941974179389438851774309271919281703385812810616961", "price": "0.07", "size": "16.79", "side": "BUY", "hash": "e7158ea194415b83e0204a6cf5afd6a1f8b47ae8", "best_bid": "0.09", "best_ask": "0.75"}, {"asset_id": "63975553709796236764905122190415419623663018835255776304490744044993255440202", "price": "0.93", "size": "16.79", "side": "SELL", "hash": "c027c49383585d5abbf87e3c784641f5e4f9e393", "best_bid": "0.25", "best_ask": "0.91"}], "timestamp": "1769384540106", "event_type": "price_change"}}
{"_local_timestamp": "2026-01-25T23:42:20.180685+00:00", "data": {"market": "0x3890107037bb2ace780887ed0ef87121657c4630647f8d1ec674e48b4e18ccf9", "price_changes": [{"asset_id": "105562922267637000137994713941974179389438851774309271919281703385812810616961", "price": "0.01", "size": "496.65", "side": "BUY", "hash": "1c2ccfa87a6c44aa43c417c0b5acea0e985aef92", "best_bid": "0.09", "best_ask": "0.75"}, {"asset_id": "63975553709796236764905122190415419623663018835255776304490744044993255440202", "price": "0.99", "size": "496.65", "side": "SELL", "hash": "75ed43e8a03f5125d094f18ad4c43fe2ccf28792", "best_bid": "0.25", "best_ask": "0.91"}], "timestamp": "1769384540107", "event_type": "price_change"}}
{"_local_timestamp": "2026-01-25T23:42:30.069287+00:00", "data": {"market": "0x3890107037bb2ace780887ed0ef87121657c4630647f8d1ec674e48b4e18ccf9", "price_changes": [{"asset_id": "63975553709796236764905122190415419623663018835255776304490744044993255440202", "price": "0.04", "size": "50", "side": "BUY", "hash": "5fb588c8d89259c5f664661fca2029c092e87bd8", "best_bid": "0.25", "best_ask": "0.91"}, {"asset_id": "105562922267637000137994713941974179389438851774309271919281703385812810616961", "price": "0.96", "size": "50", "side": "SELL", "hash": "af21fdf2d82af08799f8b1ec19225569c2646ab5", "best_bid": "0.09", "best_ask": "0.75"}], "timestamp": "1769384550000", "event_type": "price_change"}}
{"_local_timestamp": "2026-01-25T23:42:39.050091+00:00", "data": {"market": "0x3890107037bb2ace780887ed0ef87121657c4630647f8d1ec674e48b4e18ccf9", "price_changes": [{"asset_id": "105562922267637000137994713941974179389438851774309271919281703385812810616961", "price": "0.01", "size": "448.89", "side": "BUY", "hash": "906bf4811fb710af27e42149b13cba445c055355", "best_bid": "0.09", "best_ask": "0.75"}, {"asset_id": "63975553709796236764905122190415419623663018835255776304490744044993255440202", "price": "0.99", "size": "448.89", "side": "SELL", "hash": "3894d3cd1d2249e1868ac884c69ec4d28cd8e584", "best_bid": "0.25", "best_ask": "0.91"}], "timestamp": "1769384558975", "event_type": "price_change"}}
{"_local_timestamp": "2026-01-25T23:42:39.050771+00:00", "data": {"market": "0x3890107037bb2ace780887ed0ef87121657c4630647f8d1ec674e48b4e18ccf9", "price_changes": [{"asset_id": "105562922267637000137994713941974179389438851774309271919281703385812810616961", "price": "0.02", "size": "100", "side": "BUY", "hash": "906bf4811fb710af27e42149b13cba445c055355", "best_bid": "0.09", "best_ask": "0.75"}, {"asset_id": "63975553709796236764905122190415419623663018835255776304490744044993255440202", "price": "0.98", "size": "100", "side": "SELL", "hash": "3894d3cd1d2249e1868ac884c69ec4d28cd8e584", "best_bid": "0.25", "best_ask": "0.91"}], "timestamp": "1769384558975", "event_type": "price_change"}}
{"_local_timestamp": "2026-01-25T23:42:39.051123+00:00", "data": {"market": "0x3890107037bb2ace780887ed0ef87121657c4630647f8d1ec674e48b4e18ccf9", "price_changes": [{"asset_id": "105562922267637000137994713941974179389438851774309271919281703385812810616961", "price": "0.07", "size": "0", "side": "BUY", "hash": "906bf4811fb710af27e42149b13cba445c055355", "best_bid": "0.09", "best_ask": "0.75"}, {"asset_id": "63975553709796236764905122190415419623663018835255776304490744044993255440202", "price": "0.93", "size": "0", "side": "SELL", "hash": "3894d3cd1d2249e1868ac884c69ec4d28cd8e584", "best_bid": "0.25", "best_ask": "0.91"}], "timestamp": "1769384558975", "event_type": "price_change"}}
{"_local_timestamp": "2026-01-25T23:42:39.230816+00:00", "data": {"market": "0x3890107037bb2ace780887ed0ef87121657c4630647f8d1ec674e48b4e18ccf9", "price_changes": [{"asset_id": "105562922267637000137994713941974179389438851774309271919281703385812810616961", "price": "0.01", "size": "496.65", "side": "BUY", "hash": "694ae6561f1d2a87293346bab2b73e57bdd92837", "best_bid": "0.09", "best_ask": "0.75"}, {"asset_id": "63975553709796236764905122190415419623663018835255776304490744044993255440202", "price": "0.99", "size": "496.65", "side": "SELL", "hash": "c6570757feb181b66a7250006943afec6688f189", "best_bid": "0.25", "best_ask": "0.91"}], "timestamp": "1769384559157", "event_type": "price_change"}}
{"_local_timestamp": "2026-01-25T23:42:39.231346+00:00", "data": {"market": "0x3890107037bb2ace780887ed0ef87121657c4630647f8d1ec674e48b4e18ccf9", "price_changes": [{"asset_id": "105562922267637000137994713941974179389438851774309271919281703385812810616961", "price": "0.07", "size": "16.79", "side": "BUY", "hash": "424e458f88d089b1a1d0d25c629ca2e2936bbf7e", "best_bid": "0.09", "best_ask": "0.75"}, {"asset_id": "63975553709796236764905122190415419623663018835255776304490744044993255440202", "price": "0.93", "size": "16.79", "side": "SELL", "hash": "5344fa3431fea799c64b2a7244514194470b2c3b", "best_bid": "0.25", "best_ask": "0.91"}], "timestamp": "1769384559158", "event_type": "price_change"}}
{"_local_timestamp": "2026-01-25T23:42:39.232207+00:00", "data": {"market": "0x3890107037bb2ace780887ed0ef87121657c4630647f8d1ec674e48b4e18ccf9", "price_changes": [{"asset_id": "105562922267637000137994713941974179389438851774309271919281703385812810616961", "price": "0.02", "size": "134.66", "side": "BUY", "hash": "714146b922b604ee00cef167f54ea240a5a83d4a", "best_bid": "0.09", "best_ask": "0.75"}, {"asset_id": "63975553709796236764905122190415419623663018835255776304490744044993255440202", "price": "0.98", "size": "134.66", "side": "SELL", "hash": "b401352f644970fc32f2fa1c187203bc4718a1ab", "best_bid": "0.25", "best_ask": "0.91"}], "timestamp": "1769384559159", "event_type": "price_change"}}
{"_local_timestamp": "2026-01-25T23:42:47.419978+00:00", "data": {"market": "0x3890107037bb2ace780887ed0ef87121657c4630647f8d1ec674e48b4e18ccf9", "price_changes": [{"asset_id": "63975553709796236764905122190415419623663018835255776304490744044993255440202", "price": "0.04", "size": "56.03", "side": "BUY", "hash": "40c0ecf7e847051799d120afb3cc2d8051eef3a1", "best_bid": "0.25", "best_ask": "0.91"}, {"asset_id": "105562922267637000137994713941974179389438851774309271919281703385812810616961", "price": "0.96", "size": "56.03", "side": "SELL", "hash": "e4822f5457fc7c3cd9972f61648d02427a1c6d72", "best_bid": "0.09", "best_ask": "0.75"}], "timestamp": "1769384567173", "event_type": "price_change"}}
{"_local_timestamp": "2026-01-25T23:43:02.006135+00:00", "data": {"market": "0x3890107037bb2ace780887ed0ef87121657c4630647f8d1ec674e48b4e18ccf9", "price_changes": [{"asset_id": "105562922267637000137994713941974179389438851774309271919281703385812810616961", "price": "0.01", "size": "448.89", "side": "BUY", "hash": "edb0a6c90c1794520f13546660cda45eefab0f93", "best_bid": "0.09", "best_ask": "0.75"}, {"asset_id": "63975553709796236764905122190415419623663018835255776304490744044993255440202", "price": "0.99", "size": "448.89", "side": "SELL", "hash": "73d6b718c8ab7ceda01cf6d05c533fb8f78744c4", "best_bid": "0.25", "best_ask": "0.91"}], "timestamp": "1769384581819", "event_type": "price_change"}}
{"_local_timestamp": "2026-01-25T23:43:02.006750+00:00", "data": {"market": "0x3890107037bb2ace780887ed0ef87121657c4630647f8d1ec674e48b4e18ccf9", "price_changes": [{"asset_id": "105562922267637000137994713941974179389438851774309271919281703385812810616961", "price": "0.02", "size": "100", "side": "BUY", "hash": "edb0a6c90c1794520f13546660cda45eefab0f93", "best_bid": "0.09", "best_ask": "0.75"}, {"asset_id": "63975553709796236764905122190415419623663018835255776304490744044993255440202", "price": "0.98", "size": "100", "side": "SELL", "hash": "73d6b718c8ab7ceda01cf6d05c533fb8f78744c4", "best_bid": "0.25", "best_ask": "0.91"}], "timestamp": "1769384581819", "event_type": "price_change"}}
{"_local_timestamp": "2026-01-25T23:43:02.007115+00:00", "data": {"market": "0x3890107037bb2ace780887ed0ef87121657c4630647f8d1ec674e48b4e18ccf9", "price_changes": [{"asset_id": "105562922267637000137994713941974179389438851774309271919281703385812810616961", "price": "0.07", "size": "0", "side": "BUY", "hash": "edb0a6c90c1794520f13546660cda45eefab0f93", "best_bid": "0.09", "best_ask": "0.75"}, {"asset_id": "63975553709796236764905122190415419623663018835255776304490744044993255440202", "price": "0.93", "size": "0", "side": "SELL", "hash": "73d6b718c8ab7ceda01cf6d05c533fb8f78744c4", "best_bid": "0.25", "best_ask": "0.91"}], "timestamp": "1769384581819", "event_type": "price_change"}}
{"_local_timestamp": "2026-01-25T23:43:02.389236+00:00", "data": {"market": "0x3890107037bb2ace780887ed0ef87121657c4630647f8d1ec674e48b4e18ccf9", "price_changes": [{"asset_id": "105562922267637000137994713941974179389438851774309271919281703385812810616961", "price": "0.08", "size": "32.32", "side": "BUY", "hash": "bb5b4799707396955a360d001a2eb03f00b76895", "best_bid": "0.09", "best_ask": "0.75"}, {"asset_id": "63975553709796236764905122190415419623663018835255776304490744044993255440202", "price": "0.92", "size": "32.32", "side": "SELL", "hash": "cad953cbac0e2f26312263e287f9a08d272f82b6", "best_bid": "0.25", "best_ask": "0.91"}], "timestamp": "1769384582188", "event_type": "price_change"}}
{"_local_timestamp": "2026-01-25T23:43:02.393070+00:00", "data": {"market": "0x3890107037bb2ace780887ed0ef87121657c4630647f8d1ec674e48b4e18ccf9", "price_changes": [{"asset_id": "105562922267637000137994713941974179389438851774309271919281703385812810616961", "price": "0.01", "size": "497.22", "side": "BUY", "hash": "755763fb8f9c87af174610adc6231610ce8c4e37", "best_bid": "0.09", "best_ask": "0.75"}, {"asset_id": "63975553709796236764905122190415419623663018835255776304490744044993255440202", "price": "0.99", "size": "497.22", "side": "SELL", "hash": "ffe3faba629c9fe2d5dde74e2f9823229ff94c38", "best_bid": "0.25", "best_ask": "0.91"}], "timestamp": "1769384582190", "event_type": "price_change"}}
{"_local_timestamp": "2026-01-25T23:43:02.398564+00:00", "data": {"market": "0x3890107037bb2ace780887ed0ef87121657c4630647f8d1ec674e48b4e18ccf9", "price_changes": [{"asset_id": "105562922267637000137994713941974179389438851774309271919281703385812810616961", "price": "0.02", "size": "135.07", "side": "BUY", "hash": "607a4bc7ff860549c6f6ff9b7659bfcbc8c45878", "best_bid": "0.09", "best_ask": "0.75"}, {"asset_id": "63975553709796236764905122190415419623663018835255776304490744044993255440202", "price": "0.98", "size": "135.07", "side": "SELL", "hash": "8d106cd8ea71663aa3d1d1b6fe72fa4bade82faf", "best_bid": "0.25", "best_ask": "0.91"}], "timestamp": "1769384582190", "event_type": "price_change"}}
{"_local_timestamp": "2026-01-25T23:43:02.399098+00:00", "data": {"market": "0x3890107037bb2ace780887ed0ef87121657c4630647f8d1ec674e48b4e18ccf9", "price_changes": [{"asset_id": "105562922267637000137994713941974179389438851774309271919281703385812810616961", "price": "0.07", "size": "8.22", "side": "BUY", "hash": "e4d0936ecbaaab2cec97f446e4d1bea60ae8d77f", "best_bid": "0.09", "best_ask": "0.75"}, {"asset_id": "63975553709796236764905122190415419623663018835255776304490744044993255440202", "price": "0.93", "size": "8.22", "side": "SELL", "hash": "b92db6933dfa4b26157fc45ef160a75c7fb61a80", "best_bid": "0.25", "best_ask": "0.91"}], "timestamp": "1769384582191", "event_type": "price_change"}}
{"_local_timestamp": "2026-01-25T23:43:19.096621+00:00", "data": {"market": "0x3890107037bb2ace780887ed0ef87121657c4630647f8d1ec674e48b4e18ccf9", "price_changes": [{"asset_id": "63975553709796236764905122190415419623663018835255776304490744044993255440202", "price": "0.07", "size": "0", "side": "BUY", "hash": "9bea8e9fc5a3916cd4867f4fb0a4a6905f17340d", "best_bid": "0.25", "best_ask": "0.91"}, {"asset_id": "105562922267637000137994713941974179389438851774309271919281703385812810616961", "price": "0.93", "size": "0", "side": "SELL", "hash": "b27b893f1c2f50df0231e6de19bc5d8a6fcbba02", "best_bid": "0.09", "best_ask": "0.75"}], "timestamp": "1769384599000", "event_type": "price_change"}}
{"_local_timestamp": "2026-01-25T23:43:19.120093+00:00", "data": {"market": "0x3890107037bb2ace780887ed0ef87121657c4630647f8d1ec674e48b4e18ccf9", "price_changes": [{"asset_id": "63975553709796236764905122190415419623663018835255776304490744044993255440202", "price": "0.09", "size": "0", "side": "BUY", "hash": "43d8d60d2c7056d31f2b5a756354a05c07179513", "best_bid": "0.25", "best_ask": "0.91"}, {"asset_id": "105562922267637000137994713941974179389438851774309271919281703385812810616961", "price": "0.91", "size": "0", "side": "SELL", "hash": "508c9eb42cfeef81000e45d417885698caf0b77e", "best_bid": "0.09", "best_ask": "0.75"}], "timestamp": "1769384599003", "event_type": "price_change"}}
{"_local_timestamp": "2026-01-25T23:43:20.648839+00:00", "data": {"market": "0x3890107037bb2ace780887ed0ef87121657c4630647f8d1ec674e48b4e18ccf9", "price_changes": [{"asset_id": "105562922267637000137994713941974179389438851774309271919281703385812810616961", "price": "0.01", "size": "448.89", "side": "BUY", "hash": "cd4b9bbfea8a5844b3bb00fd58b09d64b19b29f9", "best_bid": "0.09", "best_ask": "0.75"}, {"asset_id": "63975553709796236764905122190415419623663018835255776304490744044993255440202", "price": "0.99", "size": "448.89", "side": "SELL", "hash": "a7d9036720cfd4bd40beec332d59c2857bddf2fe", "best_bid": "0.25", "best_ask": "0.91"}], "timestamp": "1769384600581", "event_type": "price_change"}}
{"_local_timestamp": "2026-01-25T23:43:20.649377+00:00", "data": {"market": "0x3890107037bb2ace780887ed0ef87121657c4630647f8d1ec674e48b4e18ccf9", "price_changes": [{"asset_id": "105562922267637000137994713941974179389438851774309271919281703385812810616961", "price": "0.02", "size": "100", "side": "BUY", "hash": "cd4b9bbfea8a5844b3bb00fd58b09d64b19b29f9", "best_bid": "0.09", "best_ask": "0.75"}, {"asset_id": "63975553709796236764905122190415419623663018835255776304490744044993255440202", "price": "0.98", "size": "100", "side": "SELL", "hash": "a7d9036720cfd4bd40beec332d59c2857bddf2fe", "best_bid": "0.25", "best_ask": "0.91"}], "timestamp": "1769384600581", "event_type": "price_change"}}
{"_local_timestamp": "2026-01-25T23:43:20.649865+00:00", "data": {"market": "0x3890107037bb2ace780887ed0ef87121657c4630647f8d1ec674e48b4e18ccf9", "price_changes": [{"asset_id": "105562922267637000137994713941974179389438851774309271919281703385812810616961", "price": "0.07", "size": "0", "side": "BUY", "hash": "cd4b9bbfea8a5844b3bb00fd58b09d64b19b29f9", "best_bid": "0.09", "best_ask": "0.75"}, {"asset_id": "63975553709796236764905122190415419623663018835255776304490744044993255440202", "price": "0.93", "size": "0", "side": "SELL", "hash": "a7d9036720cfd4bd40beec332d59c2857bddf2fe", "best_bid": "0.25", "best_ask": "0.91"}], "timestamp": "1769384600581", "event_type": "price_change"}}
{"_local_timestamp": "2026-01-25T23:43:20.650386+00:00", "data": {"market": "0x3890107037bb2ace780887ed0ef87121657c4630647f8d1ec674e48b4e18ccf9", "price_changes": [{"asset_id": "105562922267637000137994713941974179389438851774309271919281703385812810616961", "price": "0.08", "size": "25", "side": "BUY", "hash": "cd4b9bbfea8a5844b3bb00fd58b09d64b19b29f9", "best_bid": "0.09", "best_ask": "0.75"}, {"asset_id": "63975553709796236764905122190415419623663018835255776304490744044993255440202", "price": "0.92", "size": "25", "side": "SELL", "hash": "a7d9036720cfd4bd40beec332d59c2857bddf2fe", "best_bid": "0.25", "best_ask": "0.91"}], "timestamp": "1769384600581", "event_type": "price_change"}}
{"_local_timestamp": "2026-01-25T23:43:21.235652+00:00", "data": {"market": "0x3890107037bb2ace780887ed0ef87121657c4630647f8d1ec674e48b4e18ccf9", "price_changes": [{"asset_id": "105562922267637000137994713941974179389438851774309271919281703385812810616961", "price": "0.01", "size": "494.02", "side": "BUY", "hash": "733154ca1ac306de6e462a4976dc0ae728b64760", "best_bid": "0.09", "best_ask": "0.75"}, {"asset_id": "63975553709796236764905122190415419623663018835255776304490744044993255440202", "price": "0.99", "size": "494.02", "side": "SELL", "hash": "c1db6dfe8af963cb6f0d7f459d8bda82c585dd27", "best_bid": "0.25", "best_ask": "0.91"}], "timestamp": "1769384601158", "event_type": "price_change"}}
{"_local_timestamp": "2026-01-25T23:43:21.236359+00:00", "data": {"market": "0x3890107037bb2ace780887ed0ef87121657c4630647f8d1ec674e48b4e18ccf9", "price_changes": [{"asset_id": "105562922267637000137994713941974179389438851774309271919281703385812810616961", "price": "0.02", "size": "132.75", "side": "BUY", "hash": "b43f99863507f1f07aa95c63c4e9963f31d7493d", "best_bid": "0.09", "best_ask": "0.75"}, {"asset_id": "63975553709796236764905122190415419623663018835255776304490744044993255440202", "price": "0.98", "size": "132.75", "side": "SELL", "hash": "a88b21545c49345a9174cd3e6c92caa0e0c6406e", "best_bid": "0.25", "best_ask": "0.91"}], "timestamp": "1769384601159", "event_type": "price_change"}}
{"_local_timestamp": "2026-01-25T23:43:21.236787+00:00", "data": {"market": "0x3890107037bb2ace780887ed0ef87121657c4630647f8d1ec674e48b4e18ccf9", "price_changes": [{"asset_id": "105562922267637000137994713941974179389438851774309271919281703385812810616961", "price": "0.06", "size": "17.91", "side": "BUY", "hash": "319671fc2ff8cdfe7877b40c3ee0153846285823", "best_bid": "0.09", "best_ask": "0.75"}, {"asset_id": "63975553709796236764905122190415419623663018835255776304490744044993255440202", "price": "0.94", "size": "17.91", "side": "SELL", "hash": "a242b69c63985b054f1a271d8e9bda772a081f69", "best_bid": "0.25", "best_ask": "0.91"}], "timestamp": "1769384601160", "event_type": "price_change"}}
{"_local_timestamp": "2026-01-25T23:43:21.237207+00:00", "data": {"market": "0x3890107037bb2ace780887ed0ef87121657c4630647f8d1ec674e48b4e18ccf9", "price_changes": [{"asset_id": "105562922267637000137994713941974179389438851774309271919281703385812810616961", "price": "0.08", "size": "31.83", "side": "BUY", "hash": "b1556e0b488a751ba6ab18ae0070a748b52090aa", "best_bid": "0.09", "best_ask": "0.75"}, {"asset_id": "63975553709796236764905122190415419623663018835255776304490744044993255440202", "price": "0.92", "size": "31.83", "side": "SELL", "hash": "8b8eb0f7b53e9c58bfbb5a2de84f294d54c81c13", "best_bid": "0.25", "best_ask": "0.91"}], "timestamp": "1769384601161", "event_type": "price_change"}}
{"_local_timestamp": "2026-01-25T23:43:43.493978+00:00", "data": {"market": "0x3890107037bb2ace780887ed0ef87121657c4630647f8d1ec674e48b4e18ccf9", "price_changes": [{"asset_id": "105562922267637000137994713941974179389438851774309271919281703385812810616961", "price": "0.01", "size": "448.89", "side": "BUY", "hash": "c9d63fc2077349bd382f80c6686da538d7b358c6", "best_bid": "0.09", "best_ask": "0.75"}, {"asset_id": "63975553709796236764905122190415419623663018835255776304490744044993255440202", "price": "0.99", "size": "448.89", "side": "SELL", "hash": "77b8da1982bd6085369ce91b96d629cefb3def9c", "best_bid": "0.25", "best_ask": "0.91"}], "timestamp": "1769384623278", "event_type": "price_change"}}
{"_local_timestamp": "2026-01-25T23:43:43.494458+00:00", "data": {"market": "0x3890107037bb2ace780887ed0ef87121657c4630647f8d1ec674e48b4e18ccf9", "price_changes": [{"asset_id": "105562922267637000137994713941974179389438851774309271919281703385812810616961", "price": "0.02", "size": "100", "side": "BUY", "hash": "c9d63fc2077349bd382f80c6686da538d7b358c6", "best_bid": "0.09", "best_ask": "0.75"}, {"asset_id": "63975553709796236764905122190415419623663018835255776304490744044993255440202", "price": "0.98", "size": "100", "side": "SELL", "hash": "77b8da1982bd6085369ce91b96d629cefb3def9c", "best_bid": "0.25", "best_ask": "0.91"}], "timestamp": "1769384623278", "event_type": "price_change"}}
{"_local_timestamp": "2026-01-25T23:43:43.494853+00:00", "data": {"market": "0x3890107037bb2ace780887ed0ef87121657c4630647f8d1ec674e48b4e18ccf9", "price_changes": [{"asset_id": "105562922267637000137994713941974179389438851774309271919281703385812810616961", "price": "0.06", "size": "6.36", "side": "BUY", "hash": "c9d63fc2077349bd382f80c6686da538d7b358c6", "best_bid": "0.09", "best_ask": "0.75"}, {"asset_id": "63975553709796236764905122190415419623663018835255776304490744044993255440202", "price": "0.94", "size": "6.36", "side": "SELL", "hash": "77b8da1982bd6085369ce91b96d629cefb3def9c", "best_bid": "0.25", "best_ask": "0.91"}], "timestamp": "1769384623278", "event_type": "price_change"}}
{"_local_timestamp": "2026-01-25T23:43:43.495360+00:00", "data": {"market": "0x3890107037bb2ace780887ed0ef87121657c4630647f8d1ec674e48b4e18ccf9", "price_changes": [{"asset_id": "105562922267637000137994713941974179389438851774309271919281703385812810616961", "price": "0.08", "size": "25", "side": "BUY", "hash": "c9d63fc2077349bd382f80c6686da538d7b358c6", "best_bid": "0.09", "best_ask": "0.75"}, {"asset_id": "63975553709796236764905122190415419623663018835255776304490744044993255440202", "price": "0.92", "size": "25", "side": "SELL", "hash": "77b8da1982bd6085369ce91b96d629cefb3def9c", "best_bid": "0.25", "best_ask": "0.91"}], "timestamp": "1769384623278", "event_type": "price_change"}}
{"_local_timestamp": "2026-01-25T23:43:43.965126+00:00", "data": {"market": "0x3890107037bb2ace780887ed0ef87121657c4630647f8d1ec674e48b4e18ccf9", "price_changes": [{"asset_id": "105562922267637000137994713941974179389438851774309271919281703385812810616961", "price": "0.01", "size": "494.02", "side": "BUY", "hash": "5fd6a83854a762d5cfb745ee76d238d5b50c658c", "best_bid": "0.09", "best_ask": "0.75"}, {"asset_id": "63975553709796236764905122190415419623663018835255776304490744044993255440202", "price": "0.99", "size": "494.02", "side": "SELL", "hash": "751cea8d67af3b2c366f0d6641923e18f761d690", "best_bid": "0.25", "best_ask": "0.91"}], "timestamp": "1769384623879", "event_type": "price_change"}}
{"_local_timestamp": "2026-01-25T23:43:43.965697+00:00", "data": {"market": "0x3890107037bb2ace780887ed0ef87121657c4630647f8d1ec674e48b4e18ccf9", "price_changes": [{"asset_id": "105562922267637000137994713941974179389438851774309271919281703385812810616961", "price": "0.06", "size": "17.91", "side": "BUY", "hash": "0001d8662f3f8c3314d15506cb4127003e66779f", "best_bid": "0.09", "best_ask": "0.75"}, {"asset_id": "63975553709796236764905122190415419623663018835255776304490744044993255440202", "price": "0.94", "size": "17.91", "side": "SELL", "hash": "98d2f84f584db1dfceb6e86e6f2362a387f0525c", "best_bid": "0.25", "best_ask": "0.91"}], "timestamp": "1769384623880", "event_type": "price_change"}}
{"_local_timestamp": "2026-01-25T23:43:43.966110+00:00", "data": {"market": "0x3890107037bb2ace780887ed0ef87121657c4630647f8d1ec674e48b4e18ccf9", "price_changes": [{"asset_id": "105562922267637000137994713941974179389438851774309271919281703385812810616961", "price": "0.02", "size": "132.75", "side": "BUY", "hash": "345a3cc5e1f5bd7d826a01bc04424bab23d7a8cf", "best_bid": "0.09", "best_ask": "0.75"}, {"asset_id": "63975553709796236764905122190415419623663018835255776304490744044993255440202", "price": "0.98", "size": "132.75", "side": "SELL", "hash": "c4c54fa5b9e0ed55a0c341db8793da075be048ac", "best_bid": "0.25", "best_ask": "0.91"}], "timestamp": "1769384623881", "event_type": "price_change"}}
{"_local_timestamp": "2026-01-25T23:43:43.966501+00:00", "data": {"market": "0x3890107037bb2ace780887ed0ef87121657c4630647f8d1ec674e48b4e18ccf9", "price_changes": [{"asset_id": "105562922267637000137994713941974179389438851774309271919281703385812810616961", "price": "0.08", "size": "31.83", "side": "BUY", "hash": "f4d66ff6c59c8618463031f82b5acdf600a3553a", "best_bid": "0.09", "best_ask": "0.75"}, {"asset_id": "63975553709796236764905122190415419623663018835255776304490744044993255440202", "price": "0.92", "size": "31.83", "side": "SELL", "hash": "8810fa93d8ed11ea20bf21e0dbf1e17b93dcd043", "best_bid": "0.25", "best_ask": "0.91"}], "timestamp": "1769384623882", "event_type": "price_change"}}
{"_local_timestamp": "2026-01-25T23:43:46.731563+00:00", "data": {"market": "0x3890107037bb2ace780887ed0ef87121657c4630647f8d1ec674e48b4e18ccf9", "price_changes": [{"asset_id": "63975553709796236764905122190415419623663018835255776304490744044993255440202", "price": "0.07", "size": "8.35", "side": "BUY", "hash": "80bf87d23344bb3ee0f15a5d19891c235981ae6f", "best_bid": "0.25", "best_ask": "0.91"}, {"asset_id": "105562922267637000137994713941974179389438851774309271919281703385812810616961", "price": "0.93", "size": "8.35", "side": "SELL", "hash": "9adf8ab9b8a79bf5ee557dba0d28f41e4f455807", "best_bid": "0.09", "best_ask": "0.75"}], "timestamp": "1769384626663", "event_type": "price_change"}}
{"_local_timestamp": "2026-01-25T23:43:46.732220+00:00", "data": {"market": "0x3890107037bb2ace780887ed0ef87121657c4630647f8d1ec674e48b4e18ccf9", "price_changes": [{"asset_id": "63975553709796236764905122190415419623663018835255776304490744044993255440202", "price": "0.1", "size": "15.67", "side": "BUY", "hash": "06f8153b778488ffc1292b6904fc045528fc8857", "best_bid": "0.25", "best_ask": "0.91"}, {"asset_id": "105562922267637000137994713941974179389438851774309271919281703385812810616961", "price": "0.9", "size": "15.67", "side": "SELL", "hash": "280aba93e6a4cf9c0d0aef6db4a67557d74358bc", "best_bid": "0.09", "best_ask": "0.75"}], "timestamp": "1769384626664", "event_type": "price_change"}}
{"_local_timestamp": "2026-01-25T23:44:06.604643+00:00", "data": {"market": "0x3890107037bb2ace780887ed0ef87121657c4630647f8d1ec674e48b4e18ccf9", "price_changes": [{"asset_id": "105562922267637000137994713941974179389438851774309271919281703385812810616961", "price": "0.01", "size": "448.89", "side": "BUY", "hash": "a234ec5e4d3752ede8321a52d31c955301fe021a", "best_bid": "0.09", "best_ask": "0.75"}, {"asset_id": "63975553709796236764905122190415419623663018835255776304490744044993255440202", "price": "0.99", "size": "448.89", "side": "SELL", "hash": "4fa5d948e1557067a2d60a82d91bbf494d4e003c", "best_bid": "0.25", "best_ask": "0.91"}], "timestamp": "1769384646530", "event_type": "price_change"}}
{"_local_timestamp": "2026-01-25T23:44:06.605268+00:00", "data": {"market": "0x3890107037bb2ace780887ed0ef87121657c4630647f8d1ec674e48b4e18ccf9", "price_changes": [{"asset_id": "105562922267637000137994713941974179389438851774309271919281703385812810616961", "price": "0.02", "size": "100", "side": "BUY", "hash": "a234ec5e4d3752ede8321a52d31c955301fe021a", "best_bid": "0.09", "best_ask": "0.75"}, {"asset_id": "63975553709796236764905122190415419623663018835255776304490744044993255440202", "price": "0.98", "size": "100", "side": "SELL", "hash": "4fa5d948e1557067a2d60a82d91bbf494d4e003c", "best_bid": "0.25", "best_ask": "0.91"}], "timestamp": "1769384646530", "event_type": "price_change"}}
{"_local_timestamp": "2026-01-25T23:44:06.605821+00:00", "data": {"market": "0x3890107037bb2ace780887ed0ef87121657c4630647f8d1ec674e48b4e18ccf9", "price_changes": [{"asset_id": "105562922267637000137994713941974179389438851774309271919281703385812810616961", "price": "0.08", "size": "25", "side": "BUY", "hash": "a234ec5e4d3752ede8321a52d31c955301fe021a", "best_bid": "0.09", "best_ask": "0.75"}, {"asset_id": "63975553709796236764905122190415419623663018835255776304490744044993255440202", "price": "0.92", "size": "25", "side": "SELL", "hash": "4fa5d948e1557067a2d60a82d91bbf494d4e003c", "best_bid": "0.25", "best_ask": "0.91"}], "timestamp": "1769384646530", "event_type": "price_change"}}
{"_local_timestamp": "2026-01-25T23:44:07.033927+00:00", "data": {"market": "0x3890107037bb2ace780887ed0ef87121657c4630647f8d1ec674e48b4e18ccf9", "price_changes": [{"asset_id": "105562922267637000137994713941974179389438851774309271919281703385812810616961", "price": "0.05", "size": "40.26", "side": "BUY", "hash": "9bb1b88085437b4ea1f529e392b571fdf2075ed2", "best_bid": "0.09", "best_ask": "0.75"}, {"asset_id": "63975553709796236764905122190415419623663018835255776304490744044993255440202", "price": "0.95", "size": "40.26", "side": "SELL", "hash": "041ca51d24b2b31c4ee3e1321d6103d1a349f724", "best_bid": "0.25", "best_ask": "0.91"}], "timestamp": "1769384646965", "event_type": "price_change"}}
{"_local_timestamp": "2026-01-25T23:44:07.040984+00:00", "data": {"market": "0x3890107037bb2ace780887ed0ef87121657c4630647f8d1ec674e48b4e18ccf9", "price_changes": [{"asset_id": "105562922267637000137994713941974179389438851774309271919281703385812810616961", "price": "0.01", "size": "493.07", "side": "BUY", "hash": "24cc9892680423acec798dccbdfb407d37dfe950", "best_bid": "0.09", "best_ask": "0.75"}, {"asset_id": "63975553709796236764905122190415419623663018835255776304490744044993255440202", "price": "0.99", "size": "493.07", "side": "SELL", "hash": "63bcd12e94a301c318a7c1f76ef55d4ca17417dc", "best_bid": "0.25", "best_ask": "0.91"}], "timestamp": "1769384646966", "event_type": "price_change"}}
{"_local_timestamp": "2026-01-25T23:44:07.044193+00:00", "data": {"market": "0x3890107037bb2ace780887ed0ef87121657c4630647f8d1ec674e48b4e18ccf9", "price_changes": [{"asset_id": "105562922267637000137994713941974179389438851774309271919281703385812810616961", "price": "0.02", "size": "132.06", "side": "BUY", "hash": "bcd9a39329f3731125d043dd186f06c1d613eaf5", "best_bid": "0.09", "best_ask": "0.75"}, {"asset_id": "63975553709796236764905122190415419623663018835255776304490744044993255440202", "price": "0.98", "size": "132.06", "side": "SELL", "hash": "ef4abe80db024ab5d0a88ca64faba33c8f14f7ba", "best_bid": "0.25", "best_ask": "0.91"}], "timestamp": "1769384646967", "event_type": "price_change"}}
{"_local_timestamp": "2026-01-25T23:44:23.137517+00:00", "data": {"market": "0x3890107037bb2ace780887ed0ef87121657c4630647f8d1ec674e48b4e18ccf9", "price_changes": [{"asset_id": "63975553709796236764905122190415419623663018835255776304490744044993255440202", "price": "0.07", "size": "0", "side": "BUY", "hash": "5f207c1d3ece453b3e0d540aa3a3a81461f32628", "best_bid": "0.25", "best_ask": "0.91"}, {"asset_id": "105562922267637000137994713941974179389438851774309271919281703385812810616961", "price": "0.93", "size": "0", "side": "SELL", "hash": "ea598f93d1a320418e7572ce330081e03cad7686", "best_bid": "0.09", "best_ask": "0.75"}], "timestamp": "1769384662952", "event_type": "price_change"}}
{"_local_timestamp": "2026-01-25T23:44:23.148233+00:00", "data": {"market": "0x3890107037bb2ace780887ed0ef87121657c4630647f8d1ec674e48b4e18ccf9", "price_changes": [{"asset_id": "63975553709796236764905122190415419623663018835255776304490744044993255440202", "price": "0.1", "size": "8.23", "side": "BUY", "hash": "5f207c1d3ece453b3e0d540aa3a3a81461f32628", "best_bid": "0.25", "best_ask": "0.91"}, {"asset_id": "105562922267637000137994713941974179389438851774309271919281703385812810616961", "price": "0.9", "size": "8.23", "side": "SELL", "hash": "ea598f93d1a320418e7572ce330081e03cad7686", "best_bid": "0.09", "best_ask": "0.75"}], "timestamp": "1769384662952", "event_type": "price_change"}}
{"_local_timestamp": "2026-01-25T23:44:23.344024+00:00", "data": {"market": "0x3890107037bb2ace780887ed0ef87121657c4630647f8d1ec674e48b4e18ccf9", "price_changes": [{"asset_id": "63975553709796236764905122190415419623663018835255776304490744044993255440202", "price": "0.08", "size": "32.15", "side": "BUY", "hash": "12d3a6d85c7f75675a886efa006d51b7864d0071", "best_bid": "0.25", "best_ask": "0.91"}, {"asset_id": "105562922267637000137994713941974179389438851774309271919281703385812810616961", "price": "0.92", "size": "32.15", "side": "SELL", "hash": "d8ee8a1bb6cec1f0c3f37d1346b3d78e6b9d630a", "best_bid": "0.09", "best_ask": "0.75"}], "timestamp": "1769384663263", "event_type": "price_change"}}
{"_local_timestamp": "2026-01-25T23:44:23.379562+00:00", "data": {"market": "0x3890107037bb2ace780887ed0ef87121657c4630647f8d1ec674e48b4e18ccf9", "price_changes": [{"asset_id": "63975553709796236764905122190415419623663018835255776304490744044993255440202", "price": "0.06", "size": "2041.52", "side": "BUY", "hash": "6946922e6e635e1cdbe32f7e7727c5d0d030354b", "best_bid": "0.25", "best_ask": "0.91"}, {"asset_id": "105562922267637000137994713941974179389438851774309271919281703385812810616961", "price": "0.94", "size": "2041.52", "side": "SELL", "hash": "ffc51ef2dd04669473ba5d45822fdafe53c6a888", "best_bid": "0.09", "best_ask": "0.75"}], "timestamp": "1769384663263", "event_type": "price_change"}}
{"_local_timestamp": "2026-01-25T23:44:23.384175+00:00", "data": {"market": "0x3890107037bb2ace780887ed0ef87121657c4630647f8d1ec674e48b4e18ccf9", "price_changes": [{"asset_id": "63975553709796236764905122190415419623663018835255776304490744044993255440202", "price": "0.04", "size": "62.15", "side": "BUY", "hash": "a2cc4b09caa1b02b4f2a126e3cb450bba4819154", "best_bid": "0.25", "best_ask": "0.91"}, {"asset_id": "105562922267637000137994713941974179389438851774309271919281703385812810616961", "price": "0.96", "size": "62.15", "side": "SELL", "hash": "3b544e18a56d37f557218e0e96b49c5a517527b4", "best_bid": "0.09", "best_ask": "0.75"}], "timestamp": "1769384663264", "event_type": "price_change"}}
{"_local_timestamp": "2026-01-25T23:44:31.668686+00:00", "data": {"market": "0x3890107037bb2ace780887ed0ef87121657c4630647f8d1ec674e48b4e18ccf9", "price_changes": [{"asset_id": "105562922267637000137994713941974179389438851774309271919281703385812810616961", "price": "0.01", "size": "448.89", "side": "BUY", "hash": "0dbe6d8b0ce7a2e85d075be7f7ad944048e07c2d", "best_bid": "0.09", "best_ask": "0.75"}, {"asset_id": "63975553709796236764905122190415419623663018835255776304490744044993255440202", "price": "0.99", "size": "448.89", "side": "SELL", "hash": "f55b737114a0f7203fc9729947048b3c3ede7a9c", "best_bid": "0.25", "best_ask": "0.91"}], "timestamp": "1769384671586", "event_type": "price_change"}}
{"_local_timestamp": "2026-01-25T23:44:31.669327+00:00", "data": {"market": "0x3890107037bb2ace780887ed0ef87121657c4630647f8d1ec674e48b4e18ccf9", "price_changes": [{"asset_id": "105562922267637000137994713941974179389438851774309271919281703385812810616961", "price": "0.02", "size": "100", "side": "BUY", "hash": "0dbe6d8b0ce7a2e85d075be7f7ad944048e07c2d", "best_bid": "0.09", "best_ask": "0.75"}, {"asset_id": "63975553709796236764905122190415419623663018835255776304490744044993255440202", "price": "0.98", "size": "100", "side": "SELL", "hash": "f55b737114a0f7203fc9729947048b3c3ede7a9c", "best_bid": "0.25", "best_ask": "0.91"}], "timestamp": "1769384671586", "event_type": "price_change"}}
{"_local_timestamp": "2026-01-25T23:44:31.669856+00:00", "data": {"market": "0x3890107037bb2ace780887ed0ef87121657c4630647f8d1ec674e48b4e18ccf9", "price_changes": [{"asset_id": "105562922267637000137994713941974179389438851774309271919281703385812810616961", "price": "0.05", "size": "28.85", "side": "BUY", "hash": "0dbe6d8b0ce7a2e85d075be7f7ad944048e07c2d", "best_bid": "0.09", "best_ask": "0.75"}, {"asset_id": "63975553709796236764905122190415419623663018835255776304490744044993255440202", "price": "0.95", "size": "28.85", "side": "SELL", "hash": "f55b737114a0f7203fc9729947048b3c3ede7a9c", "best_bid": "0.25", "best_ask": "0.91"}], "timestamp": "1769384671586", "event_type": "price_change"}}
{"_local_timestamp": "2026-01-25T23:44:32.151680+00:00", "data": {"market": "0x3890107037bb2ace780887ed0ef87121657c4630647f8d1ec674e48b4e18ccf9", "price_changes": [{"asset_id": "105562922267637000137994713941974179389438851774309271919281703385812810616961", "price": "0.02", "size": "135.48", "side": "BUY", "hash": "03a8fd9771a0a081bea0236ca85ab21e628c0920", "best_bid": "0.09", "best_ask": "0.75"}, {"asset_id": "63975553709796236764905122190415419623663018835255776304490744044993255440202", "price": "0.98", "size": "135.48", "side": "SELL", "hash": "73b9dc9e7bd933f1a2a6d4bfbab3fefe12693080", "best_bid": "0.25", "best_ask": "0.91"}], "timestamp": "1769384672057", "event_type": "price_change"}}
{"_local_timestamp": "2026-01-25T23:44:32.152249+00:00", "data": {"market": "0x3890107037bb2ace780887ed0ef87121657c4630647f8d1ec674e48b4e18ccf9", "price_changes": [{"asset_id": "105562922267637000137994713941974179389438851774309271919281703385812810616961", "price": "0.01", "size": "497.79", "side": "BUY", "hash": "11a97feadc62599379493602e92bf5a9b5322111", "best_bid": "0.09", "best_ask": "0.75"}, {"asset_id": "63975553709796236764905122190415419623663018835255776304490744044993255440202", "price": "0.99", "size": "497.79", "side": "SELL", "hash": "f09769702da7040aa7a1684b1ef54bc018780e2c", "best_bid": "0.25", "best_ask": "0.91"}], "timestamp": "1769384672058", "event_type": "price_change"}}
{"_local_timestamp": "2026-01-25T23:44:32.152709+00:00", "data": {"market": "0x3890107037bb2ace780887ed0ef87121657c4630647f8d1ec674e48b4e18ccf9", "price_changes": [{"asset_id": "105562922267637000137994713941974179389438851774309271919281703385812810616961", "price": "0.06", "size": "25.48", "side": "BUY", "hash": "7eac8b4682badc85fe4d404e3391adfd3eccb6d7", "best_bid": "0.09", "best_ask": "0.75"}, {"asset_id": "63975553709796236764905122190415419623663018835255776304490744044993255440202", "price": "0.94", "size": "25.48", "side": "SELL", "hash": "603e739af090af56a124130a511d0a3b1bb7b9f9", "best_bid": "0.25", "best_ask": "0.91"}], "timestamp": "1769384672059", "event_type": "price_change"}}
{"_local_timestamp": "2026-01-25T23:44:52.116588+00:00", "data": {"market": "0x3890107037bb2ace780887ed0ef87121657c4630647f8d1ec674e48b4e18ccf9", "price_changes": [{"asset_id": "105562922267637000137994713941974179389438851774309271919281703385812810616961", "price": "0.01", "size": "448.89", "side": "BUY", "hash": "f7f4711cf9a58f2bce631e19ca506f6705690185", "best_bid": "0.09", "best_ask": "0.75"}, {"asset_id": "63975553709796236764905122190415419623663018835255776304490744044993255440202", "price": "0.99", "size": "448.89", "side": "SELL", "hash": "2467aa0fc0480d49f7d9e72bb03211fb87e9c815", "best_bid": "0.25", "best_ask": "0.91"}], "timestamp": "1769384692028", "event_type": "price_change"}}
{"_local_timestamp": "2026-01-25T23:44:52.118192+00:00", "data": {"market": "0x3890107037bb2ace780887ed0ef87121657c4630647f8d1ec674e48b4e18ccf9", "price_changes": [{"asset_id": "105562922267637000137994713941974179389438851774309271919281703385812810616961", "price": "0.02", "size": "100", "side": "BUY", "hash": "f7f4711cf9a58f2bce631e19ca506f6705690185", "best_bid": "0.09", "best_ask": "0.75"}, {"asset_id": "63975553709796236764905122190415419623663018835255776304490744044993255440202", "price": "0.98", "size": "100", "side": "SELL", "hash": "2467aa0fc0480d49f7d9e72bb03211fb87e9c815", "best_bid": "0.25", "best_ask": "0.91"}], "timestamp": "1769384692028", "event_type": "price_change"}}
{"_local_timestamp": "2026-01-25T23:44:52.120314+00:00", "data": {"market": "0x3890107037bb2ace780887ed0ef87121657c4630647f8d1ec674e48b4e18ccf9", "price_changes": [{"asset_id": "105562922267637000137994713941974179389438851774309271919281703385812810616961", "price": "0.06", "size": "13.93", "side": "BUY", "hash": "f7f4711cf9a58f2bce631e19ca506f6705690185", "best_bid": "0.09", "best_ask": "0.75"}, {"asset_id": "63975553709796236764905122190415419623663018835255776304490744044993255440202", "price": "0.94", "size": "13.93", "side": "SELL", "hash": "2467aa0fc0480d49f7d9e72bb03211fb87e9c815", "best_bid": "0.25", "best_ask": "0.91"}], "timestamp": "1769384692028", "event_type": "price_change"}}
{"_local_timestamp": "2026-01-25T23:44:52.663140+00:00", "data": {"market": "0x3890107037bb2ace780887ed0ef87121657c4630647f8d1ec674e48b4e18ccf9", "price_changes": [{"asset_id": "105562922267637000137994713941974179389438851774309271919281703385812810616961", "price": "0.06", "size": "26.17", "side": "BUY", "hash": "dc9dd9fb8c1df10e696ba55f21534d33c6542bc5", "best_bid": "0.09", "best_ask": "0.75"}, {"asset_id": "63975553709796236764905122190415419623663018835255776304490744044993255440202", "price": "0.94", "size": "26.17", "side": "SELL", "hash": "256c81920d9c30e3552588c9428e61f2d36135ba", "best_bid": "0.25", "best_ask": "0.91"}], "timestamp": "1769384692579", "event_type": "price_change"}}
{"_local_timestamp": "2026-01-25T23:44:52.665023+00:00", "data": {"market": "0x3890107037bb2ace780887ed0ef87121657c4630647f8d1ec674e48b4e18ccf9", "price_changes": [{"asset_id": "105562922267637000137994713941974179389438851774309271919281703385812810616961", "price": "0.02", "size": "134.26", "side": "BUY", "hash": "68d1021f19bb32b23891dddc6ab39889726a5a22", "best_bid": "0.09", "best_ask": "0.75"}, {"asset_id": "63975553709796236764905122190415419623663018835255776304490744044993255440202", "price": "0.98", "size": "134.26", "side": "SELL", "hash": "69b2ce20107b4faad326e8f4c11317003c2222c8", "best_bid": "0.25", "best_ask": "0.91"}], "timestamp": "1769384692580", "event_type": "price_change"}}
{"_local_timestamp": "2026-01-25T23:44:52.666419+00:00", "data": {"market": "0x3890107037bb2ace780887ed0ef87121657c4630647f8d1ec674e48b4e18ccf9", "price_changes": [{"asset_id": "105562922267637000137994713941974179389438851774309271919281703385812810616961", "price": "0.01", "size": "496.11", "side": "BUY", "hash": "c4582571329bf3b4925e236a057df35646ab5339", "best_bid": "0.09", "best_ask": "0.75"}, {"asset_id": "63975553709796236764905122190415419623663018835255776304490744044993255440202", "price": "0.99", "size": "496.11", "side": "SELL", "hash": "680eb7f35097e5391bab2cc9bb001f09a54d31e5", "best_bid": "0.25", "best_ask": "0.91"}], "timestamp": "1769384692581", "event_type": "price_change"}}
{"_local_timestamp": "2026-01-25T23:44:53.224183+00:00", "data": {"market": "0x3890107037bb2ace780887ed0ef87121657c4630647f8d1ec674e48b4e18ccf9", "price_changes": [{"asset_id": "63975553709796236764905122190415419623663018835255776304490744044993255440202", "price": "0.05", "size": "100", "side": "BUY", "hash": "b014f1066b6775ce84a26968a23f42e30047a388", "best_bid": "0.25", "best_ask": "0.91"}, {"asset_id": "105562922267637000137994713941974179389438851774309271919281703385812810616961", "price": "0.95", "size": "100", "side": "SELL", "hash": "586b08ff81680818f57b68f0cee4a12b853f40ca", "best_bid": "0.09", "best_ask": "0.75"}], "timestamp": "1769384693152", "event_type": "price_change"}}
{"_local_timestamp": "2026-01-25T23:44:53.500225+00:00", "data": {"market": "0x3890107037bb2ace780887ed0ef87121657c4630647f8d1ec674e48b4e18ccf9", "price_changes": [{"asset_id": "63975553709796236764905122190415419623663018835255776304490744044993255440202", "price": "0.06", "size": "2050.41", "side": "BUY", "hash": "4768266c5467708c43a364a959dc4b06e9fd5eac", "best_bid": "0.25", "best_ask": "0.91"}, {"asset_id": "105562922267637000137994713941974179389438851774309271919281703385812810616961", "price": "0.94", "size": "2050.41", "side": "SELL", "hash": "0a056f9921b3a0bbfede122e022f7619df19117e", "best_bid": "0.09", "best_ask": "0.75"}], "timestamp": "1769384693430", "event_type": "price_change"}}
{"_local_timestamp": "2026-01-25T23:44:56.150076+00:00", "data": {"market": "0x3890107037bb2ace780887ed0ef87121657c4630647f8d1ec674e48b4e18ccf9", "price_changes": [{"asset_id": "63975553709796236764905122190415419623663018835255776304490744044993255440202", "price": "0.04", "size": "56.03", "side": "BUY", "hash": "4886f54386ffe66425188785cccbdfd2d11e168f", "best_bid": "0.25", "best_ask": "0.91"}, {"asset_id": "105562922267637000137994713941974179389438851774309271919281703385812810616961", "price": "0.96", "size": "56.03", "side": "SELL", "hash": "ff9f868d340da6dd457bf7a200b55eab397e09d9", "best_bid": "0.09", "best_ask": "0.75"}], "timestamp": "1769384696066", "event_type": "price_change"}}
{"_local_timestamp": "2026-01-25T23:44:56.150720+00:00", "data": {"market": "0x3890107037bb2ace780887ed0ef87121657c4630647f8d1ec674e48b4e18ccf9", "price_changes": [{"asset_id": "63975553709796236764905122190415419623663018835255776304490744044993255440202", "price": "0.06", "size": "2033", "side": "BUY", "hash": "4886f54386ffe66425188785cccbdfd2d11e168f", "best_bid": "0.25", "best_ask": "0.91"}, {"asset_id": "105562922267637000137994713941974179389438851774309271919281703385812810616961", "price": "0.94", "size": "2033", "side": "SELL", "hash": "ff9f868d340da6dd457bf7a200b55eab397e09d9", "best_bid": "0.09", "best_ask": "0.75"}], "timestamp": "1769384696066", "event_type": "price_change"}}
{"_local_timestamp": "2026-01-25T23:44:56.151213+00:00", "data": {"market": "0x3890107037bb2ace780887ed0ef87121657c4630647f8d1ec674e48b4e18ccf9", "price_changes": [{"asset_id": "63975553709796236764905122190415419623663018835255776304490744044993255440202", "price": "0.08", "size": "25", "side": "BUY", "hash": "4886f54386ffe66425188785cccbdfd2d11e168f", "best_bid": "0.25", "best_ask": "0.91"}, {"asset_id": "105562922267637000137994713941974179389438851774309271919281703385812810616961", "price": "0.92", "size": "25", "side": "SELL", "hash": "ff9f868d340da6dd457bf7a200b55eab397e09d9", "best_bid": "0.09", "best_ask": "0.75"}], "timestamp": "1769384696066", "event_type": "price_change"}}
{"_local_timestamp": "2026-01-25T23:44:56.443868+00:00", "data": {"market": "0x3890107037bb2ace780887ed0ef87121657c4630647f8d1ec674e48b4e18ccf9", "price_changes": [{"asset_id": "63975553709796236764905122190415419623663018835255776304490744044993255440202", "price": "0.09", "size": "11.03", "side": "BUY", "hash": "3cb58c192cc3181af68cc2282f48855704429bfb", "best_bid": "0.25", "best_ask": "0.91"}, {"asset_id": "105562922267637000137994713941974179389438851774309271919281703385812810616961", "price": "0.91", "size": "11.03", "side": "SELL", "hash": "a4936446bf4e5094186dc7ea98e0ad4236c37788", "best_bid": "0.09", "best_ask": "0.75"}], "timestamp": "1769384696376", "event_type": "price_change"}}
{"_local_timestamp": "2026-01-25T23:44:56.448700+00:00", "data": {"market": "0x3890107037bb2ace780887ed0ef87121657c4630647f8d1ec674e48b4e18ccf9", "price_changes": [{"asset_id": "63975553709796236764905122190415419623663018835255776304490744044993255440202", "price": "0.07", "size": "6.01", "side": "BUY", "hash": "58ec83a16748f65c35dfa9170424b26ca61e5035", "best_bid": "0.25", "best_ask": "0.91"}, {"asset_id": "105562922267637000137994713941974179389438851774309271919281703385812810616961", "price": "0.93", "size": "6.01", "side": "SELL", "hash": "f489258519b7a6702af3b0626a9604747514be85", "best_bid": "0.09", "best_ask": "0.75"}], "timestamp": "1769384696379", "event_type": "price_change"}}
{"_local_timestamp": "2026-01-25T23:44:56.449255+00:00", "data": {"market": "0x3890107037bb2ace780887ed0ef87121657c4630647f8d1ec674e48b4e18ccf9", "price_changes": [{"asset_id": "63975553709796236764905122190415419623663018835255776304490744044993255440202", "price": "0.05", "size": "108.94", "side": "BUY", "hash": "d89a910f6e77b6f25bd38e829025c62129192e13", "best_bid": "0.25", "best_ask": "0.91"}, {"asset_id": "105562922267637000137994713941974179389438851774309271919281703385812810616961", "price": "0.95", "size": "108.94", "side": "SELL", "hash": "425bc99766bd026d35b0db7941dcb54ef56a708a", "best_bid": "0.09", "best_ask": "0.75"}], "timestamp": "1769384696382", "event_type": "price_change"}}
{"_local_timestamp": "2026-01-25T23:45:01.097162+00:00", "data": {"market": "0x3890107037bb2ace780887ed0ef87121657c4630647f8d1ec674e48b4e18ccf9", "price_changes": [{"asset_id": "105562922267637000137994713941974179389438851774309271919281703385812810616961", "price": "0.06", "size": "19.81", "side": "BUY", "hash": "93d9c88941c75628e60c2e5c46076d7b2925ae86", "best_bid": "0.09", "best_ask": "0.75"}, {"asset_id": "63975553709796236764905122190415419623663018835255776304490744044993255440202", "price": "0.94", "size": "19.81", "side": "SELL", "hash": "d14dbd57e67a3edfa43cd901402741f25a2d6008", "best_bid": "0.25", "best_ask": "0.91"}], "timestamp": "1769384701001", "event_type": "price_change"}}
{"_local_timestamp": "2026-01-25T23:45:20.152643+00:00", "data": {"market": "0x3890107037bb2ace780887ed0ef87121657c4630647f8d1ec674e48b4e18ccf9", "price_changes": [{"asset_id": "105562922267637000137994713941974179389438851774309271919281703385812810616961", "price": "0.01", "size": "448.89", "side": "BUY", "hash": "e29e025bf4cd876f07419c3fc1cac07ccee4ef46", "best_bid": "0.09", "best_ask": "0.75"}, {"asset_id": "63975553709796236764905122190415419623663018835255776304490744044993255440202", "price": "0.99", "size": "448.89", "side": "SELL", "hash": "0ebc6c93008b063e0884629008a8b8a1aa1e5ab4", "best_bid": "0.25", "best_ask": "0.91"}], "timestamp": "1769384720077", "event_type": "price_change"}}
{"_local_timestamp": "2026-01-25T23:45:20.154563+00:00", "data": {"market": "0x3890107037bb2ace780887ed0ef87121657c4630647f8d1ec674e48b4e18ccf9", "price_changes": [{"asset_id": "105562922267637000137994713941974179389438851774309271919281703385812810616961", "price": "0.02", "size": "100", "side": "BUY", "hash": "e29e025bf4cd876f07419c3fc1cac07ccee4ef46", "best_bid": "0.09", "best_ask": "0.75"}, {"asset_id": "63975553709796236764905122190415419623663018835255776304490744044993255440202", "price": "0.98", "size": "100", "side": "SELL", "hash": "0ebc6c93008b063e0884629008a8b8a1aa1e5ab4", "best_bid": "0.25", "best_ask": "0.91"}], "timestamp": "1769384720077", "event_type": "price_change"}}
{"_local_timestamp": "2026-01-25T23:45:20.155094+00:00", "data": {"market": "0x3890107037bb2ace780887ed0ef87121657c4630647f8d1ec674e48b4e18ccf9", "price_changes": [{"asset_id": "105562922267637000137994713941974179389438851774309271919281703385812810616961", "price": "0.06", "size": "7.57", "side": "BUY", "hash": "e29e025bf4cd876f07419c3fc1cac07ccee4ef46", "best_bid": "0.09", "best_ask": "0.75"}, {"asset_id": "63975553709796236764905122190415419623663018835255776304490744044993255440202", "price": "0.94", "size": "7.57", "side": "SELL", "hash": "0ebc6c93008b063e0884629008a8b8a1aa1e5ab4", "best_bid": "0.25", "best_ask": "0.91"}], "timestamp": "1769384720077", "event_type": "price_change"}}
{"_local_timestamp": "2026-01-25T23:45:20.583067+00:00", "data": {"market": "0x3890107037bb2ace780887ed0ef87121657c4630647f8d1ec674e48b4e18ccf9", "price_changes": [{"asset_id": "105562922267637000137994713941974179389438851774309271919281703385812810616961", "price": "0.01", "size": "472.03", "side": "BUY", "hash": "a7e1b1410cfad5a23e7d5d3495d5f72976da943f", "best_bid": "0.09", "best_ask": "0.75"}, {"asset_id": "63975553709796236764905122190415419623663018835255776304490744044993255440202", "price": "0.99", "size": "472.03", "side": "SELL", "hash": "e70ca0f99704b7f2cd4529c962ef594f623809d7", "best_bid": "0.25", "best_ask": "0.91"}], "timestamp": "1769384720515", "event_type": "price_change"}}
{"_local_timestamp": "2026-01-25T23:45:20.583820+00:00", "data": {"market": "0x3890107037bb2ace780887ed0ef87121657c4630647f8d1ec674e48b4e18ccf9", "price_changes": [{"asset_id": "105562922267637000137994713941974179389438851774309271919281703385812810616961", "price": "0.02", "size": "116.79", "side": "BUY", "hash": "678a0c0580f1000027cf75901b22cd3ddb74913a", "best_bid": "0.09", "best_ask": "0.75"}, {"asset_id": "63975553709796236764905122190415419623663018835255776304490744044993255440202", "price": "0.98", "size": "116.79", "side": "SELL", "hash": "7b8983c1fe75323ac6f496a2535b734a85d23546", "best_bid": "0.25", "best_ask": "0.91"}], "timestamp": "1769384720516", "event_type": "price_change"}}
{"_local_timestamp": "2026-01-25T23:45:20.584819+00:00", "data": {"market": "0x3890107037bb2ace780887ed0ef87121657c4630647f8d1ec674e48b4e18ccf9", "price_changes": [{"asset_id": "105562922267637000137994713941974179389438851774309271919281703385812810616961", "price": "0.01", "size": "495.17", "side": "BUY", "hash": "c048719726a2066c1881c9a104a4bcb9b2de6a08", "best_bid": "0.09", "best_ask": "0.75"}, {"asset_id": "63975553709796236764905122190415419623663018835255776304490744044993255440202", "price": "0.99", "size": "495.17", "side": "SELL", "hash": "7f2c491730d61342dd2aa317dc6de3d3ee914794", "best_bid": "0.25", "best_ask": "0.91"}], "timestamp": "1769384720516", "event_type": "price_change"}}
{"_local_timestamp": "2026-01-25T23:45:20.622815+00:00", "data": {"market": "0x3890107037bb2ace780887ed0ef87121657c4630647f8d1ec674e48b4e18ccf9", "price_changes": [{"asset_id": "105562922267637000137994713941974179389438851774309271919281703385812810616961", "price": "0.07", "size": "8.13", "side": "BUY", "hash": "a199f265affb02d08dd3b8afe2203c5d2672e009", "best_bid": "0.09", "best_ask": "0.75"}, {"asset_id": "63975553709796236764905122190415419623663018835255776304490744044993255440202", "price": "0.93", "size": "8.13", "side": "SELL", "hash": "ae1d1cdf8de2e34880ea70d167340917b852f662", "best_bid": "0.25", "best_ask": "0.91"}], "timestamp": "1769384720551", "event_type": "price_change"}}
{"_local_timestamp": "2026-01-25T23:45:20.623435+00:00", "data": {"market": "0x3890107037bb2ace780887ed0ef87121657c4630647f8d1ec674e48b4e18ccf9", "price_changes": [{"asset_id": "105562922267637000137994713941974179389438851774309271919281703385812810616961", "price": "0.07", "size": "16.26", "side": "BUY", "hash": "b556f2b70b44ae7dca09fa743d7e0a718c52b7fd", "best_bid": "0.09", "best_ask": "0.75"}, {"asset_id": "63975553709796236764905122190415419623663018835255776304490744044993255440202", "price": "0.93", "size": "16.26", "side": "SELL", "hash": "aaec6d42072fdbc5b16884b0535207f69fef34d2", "best_bid": "0.25", "best_ask": "0.91"}], "timestamp": "1769384720552", "event_type": "price_change"}}
{"_local_timestamp": "2026-01-25T23:45:20.623971+00:00", "data": {"market": "0x3890107037bb2ace780887ed0ef87121657c4630647f8d1ec674e48b4e18ccf9", "price_changes": [{"asset_id": "105562922267637000137994713941974179389438851774309271919281703385812810616961", "price": "0.02", "size": "133.58", "side": "BUY", "hash": "1449f43f93ca76448ec5a17b61eb8230a6664c88", "best_bid": "0.09", "best_ask": "0.75"}, {"asset_id": "63975553709796236764905122190415419623663018835255776304490744044993255440202", "price": "0.98", "size": "133.58", "side": "SELL", "hash": "11e8db4736ea58e2141dc5dc9f64a7994e6e0f39", "best_bid": "0.25", "best_ask": "0.91"}], "timestamp": "1769384720553", "event_type": "price_change"}}
{"_local_timestamp": "2026-01-25T23:45:44.976423+00:00", "data": {"market": "0x3890107037bb2ace780887ed0ef87121657c4630647f8d1ec674e48b4e18ccf9", "price_changes": [{"asset_id": "105562922267637000137994713941974179389438851774309271919281703385812810616961", "price": "0.01", "size": "472.03", "side": "BUY", "hash": "0eb6e03ce22833044d39ca05ab03755ebbdca1f2", "best_bid": "0.09", "best_ask": "0.75"}, {"asset_id": "63975553709796236764905122190415419623663018835255776304490744044993255440202", "price": "0.99", "size": "472.03", "side": "SELL", "hash": "a5407108849ef6e252c7663ae9256d47de9678fa", "best_bid": "0.25", "best_ask": "0.91"}], "timestamp": "1769384744913", "event_type": "price_change"}}
{"_local_timestamp": "2026-01-25T23:45:44.980620+00:00", "data": {"market": "0x3890107037bb2ace780887ed0ef87121657c4630647f8d1ec674e48b4e18ccf9", "price_changes": [{"asset_id": "105562922267637000137994713941974179389438851774309271919281703385812810616961", "price": "0.02", "size": "116.79", "side": "BUY", "hash": "0eb6e03ce22833044d39ca05ab03755ebbdca1f2", "best_bid": "0.09", "best_ask": "0.75"}, {"asset_id": "63975553709796236764905122190415419623663018835255776304490744044993255440202", "price": "0.98", "size": "116.79", "side": "SELL", "hash": "a5407108849ef6e252c7663ae9256d47de9678fa", "best_bid": "0.25", "best_ask": "0.91"}], "timestamp": "1769384744913", "event_type": "price_change"}}
{"_local_timestamp": "2026-01-25T23:45:44.981291+00:00", "data": {"market": "0x3890107037bb2ace780887ed0ef87121657c4630647f8d1ec674e48b4e18ccf9", "price_changes": [{"asset_id": "105562922267637000137994713941974179389438851774309271919281703385812810616961", "price": "0.07", "size": "8.13", "side": "BUY", "hash": "0eb6e03ce22833044d39ca05ab03755ebbdca1f2", "best_bid": "0.09", "best_ask": "0.75"}, {"asset_id": "63975553709796236764905122190415419623663018835255776304490744044993255440202", "price": "0.93", "size": "8.13", "side": "SELL", "hash": "a5407108849ef6e252c7663ae9256d47de9678fa", "best_bid": "0.25", "best_ask": "0.91"}], "timestamp": "1769384744913", "event_type": "price_change"}}
{"_local_timestamp": "2026-01-25T23:45:45.394522+00:00", "data": {"market": "0x3890107037bb2ace780887ed0ef87121657c4630647f8d1ec674e48b4e18ccf9", "price_changes": [{"asset_id": "105562922267637000137994713941974179389438851774309271919281703385812810616961", "price": "0.02", "size": "126.96", "side": "BUY", "hash": "dc6faac2a11ef872b6e40611ff2e9174908e2107", "best_bid": "0.09", "best_ask": "0.75"}, {"asset_id": "63975553709796236764905122190415419623663018835255776304490744044993255440202", "price": "0.98", "size": "126.96", "side": "SELL", "hash": "d1cb36ad6c254a1e2322155b8c6f33ee07562397", "best_bid": "0.25", "best_ask": "0.91"}], "timestamp": "1769384745326", "event_type": "price_change"}}
{"_local_timestamp": "2026-01-25T23:45:45.396623+00:00", "data": {"market": "0x3890107037bb2ace780887ed0ef87121657c4630647f8d1ec674e48b4e18ccf9", "price_changes": [{"asset_id": "105562922267637000137994713941974179389438851774309271919281703385812810616961", "price": "0.02", "size": "137.13", "side": "BUY", "hash": "1466c08bf30ec855816d62fb2b4a97a814c53a77", "best_bid": "0.09", "best_ask": "0.75"}, {"asset_id": "63975553709796236764905122190415419623663018835255776304490744044993255440202", "price": "0.98", "size": "137.13", "side": "SELL", "hash": "2500f9a3bdedf36ce38756faae3333514d29f29b", "best_bid": "0.25", "best_ask": "0.91"}], "timestamp": "1769384745329", "event_type": "price_change"}}
{"_local_timestamp": "2026-01-25T23:45:45.397212+00:00", "data": {"market": "0x3890107037bb2ace780887ed0ef87121657c4630647f8d1ec674e48b4e18ccf9", "price_changes": [{"asset_id": "105562922267637000137994713941974179389438851774309271919281703385812810616961", "price": "0.06", "size": "15.07", "side": "BUY", "hash": "67f490e68cdbe070624e4be931f63dca941afaaa", "best_bid": "0.09", "best_ask": "0.75"}, {"asset_id": "63975553709796236764905122190415419623663018835255776304490744044993255440202", "price": "0.94", "size": "15.07", "side": "SELL", "hash": "eb6783895320edd9cc2fac7d8449da7a5e9b293f", "best_bid": "0.25", "best_ask": "0.91"}], "timestamp": "1769384745331", "event_type": "price_change"}}
{"_local_timestamp": "2026-01-25T23:45:45.401953+00:00", "data": {"market": "0x3890107037bb2ace780887ed0ef87121657c4630647f8d1ec674e48b4e18ccf9", "price_changes": [{"asset_id": "105562922267637000137994713941974179389438851774309271919281703385812810616961", "price": "0.01", "size": "486.05", "side": "BUY", "hash": "353201319f022f14aa0f15663a30d653876bd4e1", "best_bid": "0.09", "best_ask": "0.75"}, {"asset_id": "63975553709796236764905122190415419623663018835255776304490744044993255440202", "price": "0.99", "size": "486.05", "side": "SELL", "hash": "311da541087a08c91dbfe6fd2713a54a9afc171a", "best_bid": "0.25", "best_ask": "0.91"}], "timestamp": "1769384745335", "event_type": "price_change"}}
{"_local_timestamp": "2026-01-25T23:45:45.402599+00:00", "data": {"market": "0x3890107037bb2ace780887ed0ef87121657c4630647f8d1ec674e48b4e18ccf9", "price_changes": [{"asset_id": "105562922267637000137994713941974179389438851774309271919281703385812810616961", "price": "0.01", "size": "500.07", "side": "BUY", "hash": "e2376f7cc3a4e965b3abf9eb79123c652b060f0a", "best_bid": "0.09", "best_ask": "0.75"}, {"asset_id": "63975553709796236764905122190415419623663018835255776304490744044993255440202", "price": "0.99", "size": "500.07", "side": "SELL", "hash": "82a075518c9caa6c4d1197ec87482fa400f6d6f4", "best_bid": "0.25", "best_ask": "0.91"}], "timestamp": "1769384745337", "event_type": "price_change"}}
{"_local_timestamp": "2026-01-25T23:45:51.095156+00:00", "data": {"market": "0x3890107037bb2ace780887ed0ef87121657c4630647f8d1ec674e48b4e18ccf9", "price_changes": [{"asset_id": "105562922267637000137994713941974179389438851774309271919281703385812810616961", "price": "0.05", "size": "20", "side": "BUY", "hash": "7cd9184235e16d3681edd44c3d2d0457898dbfa3", "best_bid": "0.09", "best_ask": "0.75"}, {"asset_id": "63975553709796236764905122190415419623663018835255776304490744044993255440202", "price": "0.95", "size": "20", "side": "SELL", "hash": "e6f852672acaecc35e49fbd4d1a7c70294a379b9", "best_bid": "0.25", "best_ask": "0.91"}], "timestamp": "1769384751001", "event_type": "price_change"}}
{"_local_timestamp": "2026-01-25T23:45:57.289184+00:00", "data": {"market": "0x3890107037bb2ace780887ed0ef87121657c4630647f8d1ec674e48b4e18ccf9", "price_changes": [{"asset_id": "63975553709796236764905122190415419623663018835255776304490744044993255440202", "price": "0.11", "size": "0", "side": "BUY", "hash": "86a57be84adcfa2c67f85814a6bd92951182fb34", "best_bid": "0.25", "best_ask": "0.91"}, {"asset_id": "105562922267637000137994713941974179389438851774309271919281703385812810616961", "price": "0.89", "size": "0", "side": "SELL", "hash": "7db0085f0ccff48f1002f09bf4130405eb4322c5", "best_bid": "0.09", "best_ask": "0.75"}], "timestamp": "1769384757000", "event_type": "price_change"}}
{"_local_timestamp": "2026-01-25T23:46:02.361827+00:00", "data": {"market": "0x3890107037bb2ace780887ed0ef87121657c4630647f8d1ec674e48b4e18ccf9", "price_changes": [{"asset_id": "63975553709796236764905122190415419623663018835255776304490744044993255440202", "price": "0.09", "size": "0", "side": "BUY", "hash": "6de6fa8ec7399038ee99f6c83cb6bb5812595548", "best_bid": "0.25", "best_ask": "0.91"}, {"asset_id": "105562922267637000137994713941974179389438851774309271919281703385812810616961", "price": "0.91", "size": "0", "side": "SELL", "hash": "7a979bed5e54c08d80edfdb32408888a3aff0caa", "best_bid": "0.09", "best_ask": "0.75"}], "timestamp": "1769384762290", "event_type": "price_change"}}
{"_local_timestamp": "2026-01-25T23:46:02.745737+00:00", "data": {"market": "0x3890107037bb2ace780887ed0ef87121657c4630647f8d1ec674e48b4e18ccf9", "price_changes": [{"asset_id": "63975553709796236764905122190415419623663018835255776304490744044993255440202", "price": "0.07", "size": "12.2", "side": "BUY", "hash": "54f7c7ec778e43701d252813cb3db87c5450f3cd", "best_bid": "0.25", "best_ask": "0.91"}, {"asset_id": "105562922267637000137994713941974179389438851774309271919281703385812810616961", "price": "0.93", "size": "12.2", "side": "SELL", "hash": "94b80f1af03dfe7d268ac98314cade36144b063d", "best_bid": "0.09", "best_ask": "0.75"}], "timestamp": "1769384762676", "event_type": "price_change"}}
{"_local_timestamp": "2026-01-25T23:46:02.752865+00:00", "data": {"market": "0x3890107037bb2ace780887ed0ef87121657c4630647f8d1ec674e48b4e18ccf9", "price_changes": [{"asset_id": "63975553709796236764905122190415419623663018835255776304490744044993255440202", "price": "0.12", "size": "6.74", "side": "BUY", "hash": "c1105827013cc9710f23c940842960177df83524", "best_bid": "0.25", "best_ask": "0.91"}, {"asset_id": "105562922267637000137994713941974179389438851774309271919281703385812810616961", "price": "0.88", "size": "6.74", "side": "SELL", "hash": "0198766269d2c8c6faaf3d4a6e3acee65b8c104e", "best_bid": "0.09", "best_ask": "0.75"}], "timestamp": "1769384762677", "event_type": "price_change"}}
{"_local_timestamp": "2026-01-25T23:46:02.754018+00:00", "data": {"market": "0x3890107037bb2ace780887ed0ef87121657c4630647f8d1ec674e48b4e18ccf9", "price_changes": [{"asset_id": "63975553709796236764905122190415419623663018835255776304490744044993255440202", "price": "0.11", "size": "5.38", "side": "BUY", "hash": "a9b05e115a16e673cc327ba038865b4bee4143db", "best_bid": "0.25", "best_ask": "0.91"}, {"asset_id": "105562922267637000137994713941974179389438851774309271919281703385812810616961", "price": "0.89", "size": "5.38", "side": "SELL", "hash": "1e6696261667e0f21e027858aedfbada7d691e54", "best_bid": "0.09", "best_ask": "0.75"}], "timestamp": "1769384762677", "event_type": "price_change"}}
{"_local_timestamp": "2026-01-25T23:46:04.259068+00:00", "data": {"market": "0x3890107037bb2ace780887ed0ef87121657c4630647f8d1ec674e48b4e18ccf9", "price_changes": [{"asset_id": "63975553709796236764905122190415419623663018835255776304490744044993255440202", "price": "0.07", "size": "6.01", "side": "BUY", "hash": "1e3e7f41dbf3e90d03cb6229cd1874c2b87a01e6", "best_bid": "0.25", "best_ask": "0.91"}, {"asset_id": "105562922267637000137994713941974179389438851774309271919281703385812810616961", "price": "0.93", "size": "6.01", "side": "SELL", "hash": "960771b9c4cf16c97a7d14932023b1ccecb6f21a", "best_bid": "0.09", "best_ask": "0.75"}], "timestamp": "1769384764186", "event_type": "price_change"}}
{"_local_timestamp": "2026-01-25T23:46:04.259819+00:00", "data": {"market": "0x3890107037bb2ace780887ed0ef87121657c4630647f8d1ec674e48b4e18ccf9", "price_changes": [{"asset_id": "63975553709796236764905122190415419623663018835255776304490744044993255440202", "price": "0.12", "size": "0", "side": "BUY", "hash": "1e3e7f41dbf3e90d03cb6229cd1874c2b87a01e6", "best_bid": "0.25", "best_ask": "0.91"}, {"asset_id": "105562922267637000137994713941974179389438851774309271919281703385812810616961", "price": "0.88", "size": "0", "side": "SELL", "hash": "960771b9c4cf16c97a7d14932023b1ccecb6f21a", "best_bid": "0.09", "best_ask": "0.75"}], "timestamp": "1769384764186", "event_type": "price_change"}}
{"_local_timestamp": "2026-01-25T23:46:04.628221+00:00", "data": {"market": "0x3890107037bb2ace780887ed0ef87121657c4630647f8d1ec674e48b4e18ccf9", "price_changes": [{"asset_id": "63975553709796236764905122190415419623663018835255776304490744044993255440202", "price": "0.1", "size": "20.67", "side": "BUY", "hash": "ea3963c8826ffb2f01190f8d998ed257c0413cd7", "best_bid": "0.25", "best_ask": "0.91"}, {"asset_id": "105562922267637000137994713941974179389438851774309271919281703385812810616961", "price": "0.9", "size": "20.67", "side": "SELL", "hash": "5dc72f4ec3d81724aa7216a80c2634871b707059", "best_bid": "0.09", "best_ask": "0.75"}], "timestamp": "1769384764555", "event_type": "price_change"}}
{"_local_timestamp": "2026-01-25T23:46:10.981447+00:00", "data": {"market": "0x3890107037bb2ace780887ed0ef87121657c4630647f8d1ec674e48b4e18ccf9", "price_changes": [{"asset_id": "105562922267637000137994713941974179389438851774309271919281703385812810616961", "price": "0.01", "size": "476.93", "side": "BUY", "hash": "87a49e354b18b1e269ecf7e450f9c8af81f70e52", "best_bid": "0.09", "best_ask": "0.75"}, {"asset_id": "63975553709796236764905122190415419623663018835255776304490744044993255440202", "price": "0.99", "size": "476.93", "side": "SELL", "hash": "2d30047527778ba72219c71a9b89de2e735a5bda", "best_bid": "0.25", "best_ask": "0.91"}], "timestamp": "1769384770832", "event_type": "price_change"}}
{"_local_timestamp": "2026-01-25T23:46:10.982117+00:00", "data": {"market": "0x3890107037bb2ace780887ed0ef87121657c4630647f8d1ec674e48b4e18ccf9", "price_changes": [{"asset_id": "105562922267637000137994713941974179389438851774309271919281703385812810616961", "price": "0.02", "size": "120.34", "side": "BUY", "hash": "87a49e354b18b1e269ecf7e450f9c8af81f70e52", "best_bid": "0.09", "best_ask": "0.75"}, {"asset_id": "63975553709796236764905122190415419623663018835255776304490744044993255440202", "price": "0.98", "size": "120.34", "side": "SELL", "hash": "2d30047527778ba72219c71a9b89de2e735a5bda", "best_bid": "0.25", "best_ask": "0.91"}], "timestamp": "1769384770832", "event_type": "price_change"}}
{"_local_timestamp": "2026-01-25T23:46:10.988212+00:00", "data": {"market": "0x3890107037bb2ace780887ed0ef87121657c4630647f8d1ec674e48b4e18ccf9", "price_changes": [{"asset_id": "105562922267637000137994713941974179389438851774309271919281703385812810616961", "price": "0.07", "size": "0", "side": "BUY", "hash": "87a49e354b18b1e269ecf7e450f9c8af81f70e52", "best_bid": "0.09", "best_ask": "0.75"}, {"asset_id": "63975553709796236764905122190415419623663018835255776304490744044993255440202", "price": "0.93", "size": "0", "side": "SELL", "hash": "2d30047527778ba72219c71a9b89de2e735a5bda", "best_bid": "0.25", "best_ask": "0.91"}], "timestamp": "1769384770832", "event_type": "price_change"}}
{"_local_timestamp": "2026-01-25T23:46:11.303878+00:00", "data": {"market": "0x3890107037bb2ace780887ed0ef87121657c4630647f8d1ec674e48b4e18ccf9", "price_changes": [{"asset_id": "105562922267637000137994713941974179389438851774309271919281703385812810616961", "price": "0.06", "size": "25.88", "side": "BUY", "hash": "0c498a7266b77584a31fda107e5b4f3a4f328df0", "best_bid": "0.09", "best_ask": "0.75"}, {"asset_id": "63975553709796236764905122190415419623663018835255776304490744044993255440202", "price": "0.94", "size": "25.88", "side": "SELL", "hash": "9ac45b0578fab8828f03ea20ebd96a75d5db001e", "best_bid": "0.25", "best_ask": "0.91"}], "timestamp": "1769384771200", "event_type": "price_change"}}
{"_local_timestamp": "2026-01-25T23:46:11.314820+00:00", "data": {"market": "0x3890107037bb2ace780887ed0ef87121657c4630647f8d1ec674e48b4e18ccf9", "price_changes": [{"asset_id": "105562922267637000137994713941974179389438851774309271919281703385812810616961", "price": "0.01", "size": "489.39", "side": "BUY", "hash": "9f331f8bece438c187f86add06bdd1bab69bb8fb", "best_bid": "0.09", "best_ask": "0.75"}, {"asset_id": "63975553709796236764905122190415419623663018835255776304490744044993255440202", "price": "0.99", "size": "489.39", "side": "SELL", "hash": "8bc30feabaa15af1d2ca017173aecedb8fa48443", "best_bid": "0.25", "best_ask": "0.91"}], "timestamp": "1769384771200", "event_type": "price_change"}}
{"_local_timestamp": "2026-01-25T23:46:11.315463+00:00", "data": {"market": "0x3890107037bb2ace780887ed0ef87121657c4630647f8d1ec674e48b4e18ccf9", "price_changes": [{"asset_id": "105562922267637000137994713941974179389438851774309271919281703385812810616961", "price": "0.02", "size": "129.39", "side": "BUY", "hash": "e5e518c8d10ee0768cf9a4f44229732289f56b34", "best_bid": "0.09", "best_ask": "0.75"}, {"asset_id": "63975553709796236764905122190415419623663018835255776304490744044993255440202", "price": "0.98", "size": "129.39", "side": "SELL", "hash": "5414201467fc6efe48e0df5738526ad7695cbfb7", "best_bid": "0.25", "best_ask": "0.91"}], "timestamp": "1769384771201", "event_type": "price_change"}}
{"_local_timestamp": "2026-01-25T23:46:11.316062+00:00", "data": {"market": "0x3890107037bb2ace780887ed0ef87121657c4630647f8d1ec674e48b4e18ccf9", "price_changes": [{"asset_id": "105562922267637000137994713941974179389438851774309271919281703385812810616961", "price": "0.05", "size": "32.49", "side": "BUY", "hash": "29a2743ddf8e20f1a1243db930120276c7da5b0b", "best_bid": "0.09", "best_ask": "0.75"}, {"asset_id": "63975553709796236764905122190415419623663018835255776304490744044993255440202", "price": "0.95", "size": "32.49", "side": "SELL", "hash": "4d741e4893cf0ff43f8c852db10f7326551fb354", "best_bid": "0.25", "best_ask": "0.91"}], "timestamp": "1769384771202", "event_type": "price_change"}}
{"_local_timestamp": "2026-01-25T23:46:28.087475+00:00", "data": {"market": "0x3890107037bb2ace780887ed0ef87121657c4630647f8d1ec674e48b4e18ccf9", "price_changes": [{"asset_id": "63975553709796236764905122190415419623663018835255776304490744044993255440202", "price": "0.1", "size": "8.23", "side": "BUY", "hash": "e39eebca2a79773d223a8b9968b5a6696215298e", "best_bid": "0.25", "best_ask": "0.91"}, {"asset_id": "105562922267637000137994713941974179389438851774309271919281703385812810616961", "price": "0.9", "size": "8.23", "side": "SELL", "hash": "addd4ffc41f6e8c2e71d471ab3b3c88819fd1d38", "best_bid": "0.09", "best_ask": "0.75"}], "timestamp": "1769384787959", "event_type": "price_change"}}
{"_local_timestamp": "2026-01-25T23:46:28.088236+00:00", "data": {"market": "0x3890107037bb2ace780887ed0ef87121657c4630647f8d1ec674e48b4e18ccf9", "price_changes": [{"asset_id": "63975553709796236764905122190415419623663018835255776304490744044993255440202", "price": "0.11", "size": "0", "side": "BUY", "hash": "e39eebca2a79773d223a8b9968b5a6696215298e", "best_bid": "0.25", "best_ask": "0.91"}, {"asset_id": "105562922267637000137994713941974179389438851774309271919281703385812810616961", "price": "0.89", "size": "0", "side": "SELL", "hash": "addd4ffc41f6e8c2e71d471ab3b3c88819fd1d38", "best_bid": "0.09", "best_ask": "0.75"}], "timestamp": "1769384787959", "event_type": "price_change"}}
{"_local_timestamp": "2026-01-25T23:46:28.541057+00:00", "data": {"market": "0x3890107037bb2ace780887ed0ef87121657c4630647f8d1ec674e48b4e18ccf9", "price_changes": [{"asset_id": "63975553709796236764905122190415419623663018835255776304490744044993255440202", "price": "0.11", "size": "5.38", "side": "BUY", "hash": "51a3cd03a282cb5029019d65e5f0d58d9e73f507", "best_bid": "0.25", "best_ask": "0.91"}, {"asset_id": "105562922267637000137994713941974179389438851774309271919281703385812810616961", "price": "0.89", "size": "5.38", "side": "SELL", "hash": "b86ff3cca2f35e510c417ff64c577c0ebb6e8676", "best_bid": "0.09", "best_ask": "0.75"}], "timestamp": "1769384788462", "event_type": "price_change"}}
{"_local_timestamp": "2026-01-25T23:46:28.549649+00:00", "data": {"market": "0x3890107037bb2ace780887ed0ef87121657c4630647f8d1ec674e48b4e18ccf9", "price_changes": [{"asset_id": "63975553709796236764905122190415419623663018835255776304490744044993255440202", "price": "0.12", "size": "6.74", "side": "BUY", "hash": "a570dcaac240457d3910e48a6002764217413da2", "best_bid": "0.25", "best_ask": "0.91"}, {"asset_id": "105562922267637000137994713941974179389438851774309271919281703385812810616961", "price": "0.88", "size": "6.74", "side": "SELL", "hash": "be21df75a248c99cd462a0c97c4d96ba12dec9de", "best_bid": "0.09", "best_ask": "0.75"}], "timestamp": "1769384788465", "event_type": "price_change"}}
{"_local_timestamp": "2026-01-25T23:46:28.550330+00:00", "data": {"market": "0x3890107037bb2ace780887ed0ef87121657c4630647f8d1ec674e48b4e18ccf9", "price_changes": [{"asset_id": "63975553709796236764905122190415419623663018835255776304490744044993255440202", "price": "0.07", "size": "12.2", "side": "BUY", "hash": "c68028563a738af7773cf439ba1845916a26fdc4", "best_bid": "0.25", "best_ask": "0.91"}, {"asset_id": "105562922267637000137994713941974179389438851774309271919281703385812810616961", "price": "0.93", "size": "12.2", "side": "SELL", "hash": "86be2e1597de9b8c1281021d24fd468e33a2eff4", "best_bid": "0.09", "best_ask": "0.75"}], "timestamp": "1769384788470", "event_type": "price_change"}}
{"_local_timestamp": "2026-01-25T23:46:29.835080+00:00", "data": {"market": "0x3890107037bb2ace780887ed0ef87121657c4630647f8d1ec674e48b4e18ccf9", "price_changes": [{"asset_id": "63975553709796236764905122190415419623663018835255776304490744044993255440202", "price": "0.07", "size": "6.01", "side": "BUY", "hash": "a3e1f5524920712e717a0cbb164c65c69f1a1083", "best_bid": "0.25", "best_ask": "0.91"}, {"asset_id": "105562922267637000137994713941974179389438851774309271919281703385812810616961", "price": "0.93", "size": "6.01", "side": "SELL", "hash": "be681de8898a819eecbb233886f80029b9730c10", "best_bid": "0.09", "best_ask": "0.75"}], "timestamp": "1769384789734", "event_type": "price_change"}}
{"_local_timestamp": "2026-01-25T23:46:29.835827+00:00", "data": {"market": "0x3890107037bb2ace780887ed0ef87121657c4630647f8d1ec674e48b4e18ccf9", "price_changes": [{"asset_id": "63975553709796236764905122190415419623663018835255776304490744044993255440202", "price": "0.12", "size": "0", "side": "BUY", "hash": "a3e1f5524920712e717a0cbb164c65c69f1a1083", "best_bid": "0.25", "best_ask": "0.91"}, {"asset_id": "105562922267637000137994713941974179389438851774309271919281703385812810616961", "price": "0.88", "size": "0", "side": "SELL", "hash": "be681de8898a819eecbb233886f80029b9730c10", "best_bid": "0.09", "best_ask": "0.75"}], "timestamp": "1769384789734", "event_type": "price_change"}}
{"_local_timestamp": "2026-01-25T23:46:29.839517+00:00", "data": {"market": "0x3890107037bb2ace780887ed0ef87121657c4630647f8d1ec674e48b4e18ccf9", "price_changes": [{"asset_id": "105562922267637000137994713941974179389438851774309271919281703385812810616961", "price": "0.06", "size": "7.5", "side": "BUY", "hash": "18b02137a70cf34202ee07fdfe13178bf6a17934", "best_bid": "0.09", "best_ask": "0.75"}, {"asset_id": "63975553709796236764905122190415419623663018835255776304490744044993255440202", "price": "0.94", "size": "7.5", "side": "SELL", "hash": "c7ff606bbae552518d63161d47f3a813920071d9", "best_bid": "0.25", "best_ask": "0.91"}], "timestamp": "1769384789735", "event_type": "price_change"}}
{"_local_timestamp": "2026-01-25T23:46:30.221101+00:00", "data": {"market": "0x3890107037bb2ace780887ed0ef87121657c4630647f8d1ec674e48b4e18ccf9", "price_changes": [{"asset_id": "63975553709796236764905122190415419623663018835255776304490744044993255440202", "price": "0.1", "size": "20.67", "side": "BUY", "hash": "b8ebf43482d13abebe737cb27d6033146d56538a", "best_bid": "0.25", "best_ask": "0.91"}, {"asset_id": "105562922267637000137994713941974179389438851774309271919281703385812810616961", "price": "0.9", "size": "20.67", "side": "SELL", "hash": "f257d13b41406e91fcbe50d7d3a3cf8c55a30a3e", "best_bid": "0.09", "best_ask": "0.75"}], "timestamp": "1769384790138", "event_type": "price_change"}}
{"_local_timestamp": "2026-01-25T23:46:30.221741+00:00", "data": {"market": "0x3890107037bb2ace780887ed0ef87121657c4630647f8d1ec674e48b4e18ccf9", "price_changes": [{"asset_id": "105562922267637000137994713941974179389438851774309271919281703385812810616961", "price": "0.06", "size": "15.65", "side": "BUY", "hash": "886fb710c46e67cd71d6d6069bed567cde8d870d", "best_bid": "0.09", "best_ask": "0.75"}, {"asset_id": "63975553709796236764905122190415419623663018835255776304490744044993255440202", "price": "0.94", "size": "15.65", "side": "SELL", "hash": "db8d8c9e0aadc09a458d77bf8b613a19b24d9e41", "best_bid": "0.25", "best_ask": "0.91"}], "timestamp": "1769384790139", "event_type": "price_change"}}
{"_local_timestamp": "2026-01-25T23:46:30.223142+00:00", "data": {"market": "0x3890107037bb2ace780887ed0ef87121657c4630647f8d1ec674e48b4e18ccf9", "price_changes": [{"asset_id": "105562922267637000137994713941974179389438851774309271919281703385812810616961", "price": "0.08", "size": "32.67", "side": "BUY", "hash": "24fc80887dc8eae553bc55eff25efc4bb103db93", "best_bid": "0.09", "best_ask": "0.75"}, {"asset_id": "63975553709796236764905122190415419623663018835255776304490744044993255440202", "price": "0.92", "size": "32.67", "side": "SELL", "hash": "0bc6307155999b630a1aecb18d13efb72663b34c", "best_bid": "0.25", "best_ask": "0.91"}], "timestamp": "1769384790140", "event_type": "price_change"}}
{"_local_timestamp": "2026-01-25T23:46:52.167138+00:00", "data": {"market": "0x3890107037bb2ace780887ed0ef87121657c4630647f8d1ec674e48b4e18ccf9", "price_changes": [{"asset_id": "105562922267637000137994713941974179389438851774309271919281703385812810616961", "price": "0.09", "size": "0", "side": "BUY", "hash": "5cbfab504f5ad93f97848a6db0fa4a88311fb5fc", "best_bid": "0.08", "best_ask": "0.75"}, {"asset_id": "63975553709796236764905122190415419623663018835255776304490744044993255440202", "price": "0.91", "size": "0", "side": "SELL", "hash": "58a6da98a724c8ee436199952ee08a2f58fa7331", "best_bid": "0.25", "best_ask": "0.92"}], "timestamp": "1769384812000", "event_type": "price_change"}}
