{"_local_timestamp": "2026-01-25T23:41:15.727058+00:00", "data": [{"market": "0x3890107037bb2ace780887ed0ef87121657c4630647f8d1ec674e48b4e18ccf9", "asset_id": "105562922267637000137994713941974179389438851774309271919281703385812810616961", "timestamp": "1769384459402", "hash": "db218ba5e76dd550e33d2abe426099d0330bc580", "bids": [{"price": "0.01", "size": "499.45"}, {"price": "0.02", "size": "136.69"}, {"price": "0.03", "size": "618.61"}, {"price": "0.04", "size": "64.19"}, {"price": "0.05", "size": "41.9"}, {"price": "0.06", "size": "13.93"}, {"price": "0.08", "size": "25"}, {"price": "0.09", "size": "5.42"}], "asks": [{"price": "0.99", "size": "10458.87"}, {"price": "0.98", "size": "4114.01"}, {"price": "0.97", "size": "4009.06"}, {"price": "0.96", "size": "56.03"}, {"price": "0.95", "size": "110.63"}, {"price": "0.94", "size": "2033"}, {"price": "0.93", "size": "5.65"}, {"price": "0.92", "size": "25"}, {"price": "0.91", "size": "10.37"}, {"price": "0.9", "size": "8.23"}, {"price": "0.89", "size": "7.66"}, {"price": "0.83", "size": "76.47"}, {"price": "0.82", "size": "61.11"}, {"price": "0.81", "size": "23.93"}, {"price": "0.75", "size": "100"}], "event_type": "book", "last_trade_price": "0.570"}, {"market": "0x3890107037bb2ace780887ed0ef87121657c4630647f8d1ec674e48b4e18ccf9", "asset_id": "63975553709796236764905122190415419623663018835255776304490744044993255440202", "timestamp": "1769384459402", "hash": "e4b1586b9ad02d39da28f83fa00e7d9ac8ca7925", "bids": [{"price": "0.01", "size": "10458.87"}, {"price": "0.02", "size": "4114.01"}, {"price": "0.03", "size": "4009.06"}, {"price": "0.04", "size": "56.03"}, {"price": "0.05", "size": "110.63"}, {"price": "0.06", "size": "2033"}, {"price": "0.07", "size": "5.65"}, {"price": "0.08", "size": "25"}, {"price": "0.09", "size": "10.37"}, {"price": "0.1", "size": "8.23"}, {"price": "0.11", "size": "7.66"}, {"price": "0.17", "size": "76.47"}, {"price": "0.18", "size": "61.11"}, {"price": "0.19", "size": "23.93"}, {"price": "0.25", "size": "100"}], "asks": [{"price": "0.99", "size": "499.45"}, {"price": "0.98", "size": "136.69"}, {"price": "0.97", "size": "618.61"}, {"price": "0.96", "size": "64.19"}, {"price": "0.95", "size": "41.9"}, {"price": "0.94", "size": "13.93"}, {"price": "0.92", "size": "25"}, {"price": "0.91", "size": "5.42"}], "event_type": "book", "last_trade_price": "0.570"}]}
{"_local_timestamp": "2026-01-25T23:41:16.129980+00:00", "data": {"market": "0x3890107037bb2ace780887ed0ef87121657c4630647f8d1ec674e48b4e18ccf9", "price_changes": [{"asset_id": "63975553709796236764905122190415419623663018835255776304490744044993255440202", "price": "0.05", "size": "100", "side": "BUY", "hash": "0e81da50df7ffb0261ab594720a80c6ca0139a9c", "best_bid": "0.25", "best_ask": "0.91"}, {"asset_id": "105562922267637000137994713941974179389438851774309271919281703385812810616961", "price": "0.95", "size": "100", "side": "SELL", "hash": "10e4c8ac49af1042bf2d35b7b2ccccd9fe1404ea", "best_bid": "0.09", "best_ask": "0.75"}], "timestamp": "1769384476001", "event_type": "price_change"}}
{"_local_timestamp": "2026-01-25T23:41:23.362274+00:00", "data": {"market": "0x3890107037bb2ace780887ed0ef87121657c4630647f8d1ec674e48b4e18ccf9", "price_changes": [{"asset_id": "105562922267637000137994713941974179389438851774309271919281703385812810616961", "price": "0.01", "size": "448.89", "side": "BUY", "hash": "00091ddd1f3f16a709a0f5299c15fb92716bf0d1", "best_bid": "0.09", "best_ask": "0.75"}, {"asset_id": "63975553709796236764905122190415419623663018835255776304490744044993255440202", "price": "0.99", "size": "448.89", "side": "SELL", "hash": "d0d9bb1f0ac0bf529404e0ca8c86b63e7ff035f9", "best_bid": "0.25", "best_ask": "0.91"}], "timestamp": "1769384483256", "event_type": "price_change"}}
{"_local_timestamp": "2026-01-25T23:41:23.363647+00:00", "data": {"market": "0x3890107037bb2ace780887ed0ef87121657c4630647f8d1ec674e48b4e18ccf9", "price_changes": [{"asset_id": "105562922267637000137994713941974179389438851774309271919281703385812810616961", "price": "0.02", "size": "100", "side": "BUY", "hash": "00091ddd1f3f16a709a0f5299c15fb92716bf0d1", "best_bid": "0.09", "best_ask": "0.75"}, {"asset_id": "63975553709796236764905122190415419623663018835255776304490744044993255440202", "price": "0.98", "size": "100", "side": "SELL", "hash": "d0d9bb1f0ac0bf529404e0ca8c86b63e7ff035f9", "best_bid": "0.25", "best_ask": "0.91"}], "timestamp": "1769384483256", "event_type": "price_change"}}
{"_local_timestamp": "2026-01-25T23:41:23.365403+00:00", "data": {"market": "0x3890107037bb2ace780887ed0ef87121657c4630647f8d1ec674e48b4e18ccf9", "price_changes": [{"asset_id": "105562922267637000137994713941974179389438851774309271919281703385812810616961", "price": "0.05", "size": "28.85", "side": "BUY", "hash": "00091ddd1f3f16a709a0f5299c15fb92716bf0d1", "best_bid": "0.09", "best_ask": "0.75"}, {"asset_id": "63975553709796236764905122190415419623663018835255776304490744044993255440202", "price": "0.95", "size": "28.85", "side": "SELL", "hash": "d0d9bb1f0ac0bf529404e0ca8c86b63e7ff035f9", "best_bid": "0.25", "best_ask": "0.91"}], "timestamp": "1769384483256", "event_type": "price_change"}}
{"_local_timestamp": "2026-01-25T23:41:23.820349+00:00", "data": {"market": "0x3890107037bb2ace780887ed0ef87121657c4630647f8d1ec674e48b4e18ccf9", "price_changes": [{"asset_id": "105562922267637000137994713941974179389438851774309271919281703385812810616961", "price": "0.01", "size": "496.11", "side": "BUY", "hash": "14adec44e8a9d9d2eca8250155ae8118d39c60da", "best_bid": "0.09", "best_ask": "0.75"}, {"asset_id": "63975553709796236764905122190415419623663018835255776304490744044993255440202", "price": "0.99", "size": "496.11", "side": "SELL", "hash": "4d2a73ff3d04cf39d20089b34c789ae8adc2ef97", "best_bid": "0.25", "best_ask": "0.91"}], "timestamp": "1769384483698", "event_type": "price_change"}}
{"_local_timestamp": "2026-01-25T23:41:23.820849+00:00", "data": {"market": "0x3890107037bb2ace780887ed0ef87121657c4630647f8d1ec674e48b4e18ccf9", "price_changes": [{"asset_id": "105562922267637000137994713941974179389438851774309271919281703385812810616961", "price": "0.06", "size": "26.17", "side": "BUY", "hash": "c716e300631663fe20d97cfee8330961fa82c4fa", "best_bid": "0.09", "best_ask": "0.75"}, {"asset_id": "63975553709796236764905122190415419623663018835255776304490744044993255440202", "price": "0.94", "size": "26.17", "side": "SELL", "hash": "43937c432acb646443a9398af7bbbc4d21406831", "best_bid": "0.25", "best_ask": "0.91"}], "timestamp": "1769384483699", "event_type": "price_change"}}
{"_local_timestamp": "2026-01-25T23:41:23.821464+00:00", "data": {"market": "0x3890107037bb2ace780887ed0ef87121657c4630647f8d1ec674e48b4e18ccf9", "price_changes": [{"asset_id": "105562922267637000137994713941974179389438851774309271919281703385812810616961", "price": "0.02", "size": "134.26", "side": "BUY", "hash": "93251d895cff07ccbf858260f0c80bdff8d6f367", "best_bid": "0.09", "best_ask": "0.75"}, {"asset_id": "63975553709796236764905122190415419623663018835255776304490744044993255440202", "price": "0.98", "size": "134.26", "side": "SELL", "hash": "b2a2eee5f8c4d47967cb87d0d594741980bd9221", "best_bid": "0.25", "best_ask": "0.91"}], "timestamp": "1769384483700", "event_type": "price_change"}}
{"_local_timestamp": "2026-01-25T23:41:29.979274+00:00", "data": {"market": "0x3890107037bb2ace780887ed0ef87121657c4630647f8d1ec674e48b4e18ccf9", "price_changes": [{"asset_id": "63975553709796236764905122190415419623663018835255776304490744044993255440202", "price": "0.05", "size": "110.65", "side": "BUY", "hash": "af6711835737ba98f175c87b5453bf2420e663ac", "best_bid": "0.25", "best_ask": "0.91"}, {"asset_id": "105562922267637000137994713941974179389438851774309271919281703385812810616961", "price": "0.95", "size": "110.65", "side": "SELL", "hash": "d3f1e3d207ad25134a9a77df46c4f7d5eb39e6b1", "best_bid": "0.09", "best_ask": "0.75"}], "timestamp": "1769384489846", "event_type": "price_change"}}
