{"_local_timestamp": "2026-01-25T23:33:46.349931+00:00", "data": [{"market": "0x1c90e1383b8664103731bacc42ba86dff9c1582b8982f0ec02ba6aa255540dec", "asset_id": "10824614737277384579120931547716737694062714916890575016613469671599992760641", "timestamp": "1769384025288", "hash": "570afcd24b2d438f0f9c245c4f38b9539a96d72d", "bids": [{"price": "0.01", "size": "13601.71"}, {"price": "0.02", "size": "4048"}, {"price": "0.03", "size": "9.09"}, {"price": "0.04", "size": "1262"}, {"price": "0.05", "size": "810"}, {"price": "0.06", "size": "33"}, {"price": "0.08", "size": "128"}, {"price": "0.09", "size": "700"}, {"price": "0.1", "size": "6.3"}, {"price": "0.13", "size": "586.53"}, {"price": "0.16", "size": "64"}, {"price": "0.18", "size": "427.77"}, {"price": "0.21", "size": "810"}, {"price": "0.22", "size": "127.27"}, {"price": "0.23", "size": "1876"}, {"price": "0.27", "size": "196.29"}, {"price": "0.28", "size": "300"}, {"price": "0.3", "size": "100"}, {"price": "0.31", "size": "77.41"}, {"price": "0.32", "size": "32"}, {"price": "0.34", "size": "100"}, {"price": "0.36", "size": "280.55"}, {"price": "0.37", "size": "5"}, {"price": "0.6", "size": "100"}, {"price": "0.64", "size": "16"}, {"price": "0.7", "size": "110"}, {"price": "0.74", "size": "12"}, {"price": "0.75", "size": "40"}, {"price": "0.76", "size": "17.1"}, {"price": "0.78", "size": "14.1"}, {"price": "0.79", "size": "10"}, {"price": "0.84", "size": "508"}, {"price": "0.85", "size": "507"}, {"price": "0.86", "size": "67.26"}], "asks": [{"price": "0.99", "size": "2250"}, {"price": "0.98", "size": "4006.2"}, {"price": "0.97", "size": "261.23"}, {"price": "0.96", "size": "325"}, {"price": "0.95", "size": "110"}, {"price": "0.94", "size": "8.98"}, {"price": "0.93", "size": "929.1"}, {"price": "0.91", "size": "333"}, {"price": "0.9", "size": "606.47"}, {"price": "0.89", "size": "701.35"}, {"price": "0.88", "size": "165.4"}], "event_type": "book", "last_trade_price": ""}, {"market": "0x1c90e1383b8664103731bacc42ba86dff9c1582b8982f0ec02ba6aa255540dec", "asset_id": "97961254854749379702593191658896132704622945558274415067651430934438719211772", "timestamp": "1769384025288", "hash": "f89b7dea73c71c2814541b4275ed4788344160bf", "bids": [{"price": "0.01", "size": "2250"}, {"price": "0.02", "size": "4006.2"}, {"price": "0.03", "size": "261.23"}, {"price": "0.04", "size": "325"}, {"price": "0.05", "size": "110"}, {"price": "0.06", "size": "8.98"}, {"price": "0.07", "size": "929.1"}, {"price": "0.09", "size": "333"}, {"price": "0.1", "size": "606.47"}, {"price": "0.11", "size": "701.35"}, {"price": "0.12", "size": "165.4"}], "asks": [{"price": "0.99", "size": "13601.71"}, {"price": "0.98", "size": "4048"}, {"price": "0.97", "size": "9.09"}, {"price": "0.96", "size": "1262"}, {"price": "0.95", "size": "810"}, {"price": "0.94", "size": "33"}, {"price": "0.92", "size": "128"}, {"price": "0.91", "size": "700"}, {"price": "0.9", "size": "6.3"}, {"price": "0.87", "size": "586.53"}, {"price": "0.84", "size": "64"}, {"price": "0.82", "size": "427.77"}, {"price": "0.79", "size": "810"}, {"price": "0.78", "size": "127.27"}, {"price": "0.77", "size": "1876"}, {"price": "0.73", "size": "196.29"}, {"price": "0.72", "size": "300"}, {"price": "0.7", "size": "100"}, {"price": "0.69", "size": "77.41"}, {"price": "0.68", "size": "32"}, {"price": "0.66", "size": "100"}, {"price": "0.64", "size": "280.55"}, {"price": "0.63", "size": "5"}, {"price": "0.4", "size": "100"}, {"price": "0.36", "size": "16"}, {"price": "0.3", "size": "110"}, {"price": "0.26", "size": "12"}, {"price": "0.25", "size": "40"}, {"price": "0.24", "size": "17.1"}, {"price": "0.22", "size": "14.1"}, {"price": "0.21", "size": "10"}, {"price": "0.16", "size": "508"}, {"price": "0.15", "size": "507"}, {"price": "0.14", "size": "67.26"}], "event_type": "book", "last_trade_price": ""}]}
{"_local_timestamp": "2026-01-25T23:33:48.238806+00:00", "data": {"market": "0x1c90e1383b8664103731bacc42ba86dff9c1582b8982f0ec02ba6aa255540dec", "price_changes": [{"asset_id": "97961254854749379702593191658896132704622945558274415067651430934438719211772", "price": "0.14", "size": "91.67", "side": "SELL", "hash": "0efce80b90c32faae6aacb21da772b615af0b880", "best_bid": "0.12", "best_ask": "0.14"}, {"asset_id": "10824614737277384579120931547716737694062714916890575016613469671599992760641", "price": "0.86", "size": "91.67", "side": "BUY", "hash": "2ae5c171a252f4e9a4cec4b27138af6c5a8b5f59", "best_bid": "0.86", "best_ask": "0.88"}], "timestamp": "1769384028167", "event_type": "price_change"}}
{"_local_timestamp": "2026-01-25T23:33:49.322416+00:00", "data": {"market": "0x1c90e1383b8664103731bacc42ba86dff9c1582b8982f0ec02ba6aa255540dec", "price_changes": [{"asset_id": "97961254854749379702593191658896132704622945558274415067651430934438719211772", "price": "0.14", "size": "67.26", "side": "SELL", "hash": "b54cd0d975683ab16813903e9e7f59766ea5209a", "best_bid": "0.12", "best_ask": "0.14"}, {"asset_id": "10824614737277384579120931547716737694062714916890575016613469671599992760641", "price": "0.86", "size": "67.26", "side": "BUY", "hash": "32ef673f107047526241becc146730fcf4c61dfe", "best_bid": "0.86", "best_ask": "0.88"}], "timestamp": "1769384029237", "event_type": "price_change"}}
{"_local_timestamp": "2026-01-25T23:33:50.189797+00:00", "data": {"market": "0x1c90e1383b8664103731bacc42ba86dff9c1582b8982f0ec02ba6aa255540dec", "price_changes": [{"asset_id": "97961254854749379702593191658896132704622945558274415067651430934438719211772", "price": "0.14", "size": "91.67", "side": "SELL", "hash": "fc2dbdc2ca0ca03dd0be8dfa780bd48fe06ac8a9", "best_bid": "0.12", "best_ask": "0.14"}, {"asset_id": "10824614737277384579120931547716737694062714916890575016613469671599992760641", "price": "0.86", "size": "91.67", "side": "BUY", "hash": "57c62bc3be40118cad3e38c9055baab462120d96", "best_bid": "0.86", "best_ask": "0.88"}], "timestamp": "1769384030122", "event_type": "price_change"}}
{"_local_timestamp": "2026-01-25T23:33:53.091116+00:00", "data": {"market": "0x1c90e1383b8664103731bacc42ba86dff9c1582b8982f0ec02ba6aa255540dec", "price_changes": [{"asset_id": "97961254854749379702593191658896132704622945558274415067651430934438719211772", "price": "0.14", "size": "67.26", "side": "SELL", "hash": "d1f24518e92d5f786d2acaf6601bb616cef316b7", "best_bid": "0.12", "best_ask": "0.14"}, {"asset_id": "10824614737277384579120931547716737694062714916890575016613469671599992760641", "price": "0.86", "size": "67.26", "side": "BUY", "hash": "3a081f4fc8489b1366120e646195a0740db28ef7", "best_bid": "0.86", "best_ask": "0.88"}], "timestamp": "1769384032998", "event_type": "price_change"}}
{"_local_timestamp": "2026-01-25T23:33:54.679273+00:00", "data": {"market": "0x1c90e1383b8664103731bacc42ba86dff9c1582b8982f0ec02ba6aa255540dec", "price_changes": [{"asset_id": "97961254854749379702593191658896132704622945558274415067651430934438719211772", "price": "0.14", "size": "91.67", "side": "SELL", "hash": "d86cc9cb0736706b477a34ddd4f468391c3ca23a", "best_bid": "0.12", "best_ask": "0.14"}, {"asset_id": "10824614737277384579120931547716737694062714916890575016613469671599992760641", "price": "0.86", "size": "91.67", "side": "BUY", "hash": "9e20766aea66e5c7349768990f5c7cacd10b07cf", "best_bid": "0.86", "best_ask": "0.88"}], "timestamp": "1769384034605", "event_type": "price_change"}}
{"_local_timestamp": "2026-01-25T23:33:56.626753+00:00", "data": {"market": "0x1c90e1383b8664103731bacc42ba86dff9c1582b8982f0ec02ba6aa255540dec", "price_changes": [{"asset_id": "97961254854749379702593191658896132704622945558274415067651430934438719211772", "price": "0.14", "size": "67.26", "side": "SELL", "hash": "c62ef0f9965f02b44f2303e245fb7c3874ba4f03", "best_bid": "0.12", "best_ask": "0.14"}, {"asset_id": "10824614737277384579120931547716737694062714916890575016613469671599992760641", "price": "0.86", "size": "67.26", "side": "BUY", "hash": "a2150d13a9a2da6bba9b974e58313b1e4759227b", "best_bid": "0.86", "best_ask": "0.88"}], "timestamp": "1769384036542", "event_type": "price_change"}}
{"_local_timestamp": "2026-01-25T23:33:59.301245+00:00", "data": {"market": "0x1c90e1383b8664103731bacc42ba86dff9c1582b8982f0ec02ba6aa255540dec", "price_changes": [{"asset_id": "97961254854749379702593191658896132704622945558274415067651430934438719211772", "price": "0.14", "size": "91.67", "side": "SELL", "hash": "6e3012198442a310d2777e8c0a21a17f3c91c05e", "best_bid": "0.12", "best_ask": "0.14"}, {"asset_id": "10824614737277384579120931547716737694062714916890575016613469671599992760641", "price": "0.86", "size": "91.67", "side": "BUY", "hash": "cac832041b6740454a7b810b37de695f37d578fe", "best_bid": "0.86", "best_ask": "0.88"}], "timestamp": "1769384039233", "event_type": "price_change"}}
{"_local_timestamp": "2026-01-25T23:33:59.957756+00:00", "data": {"market": "0x1c90e1383b8664103731bacc42ba86dff9c1582b8982f0ec02ba6aa255540dec", "price_changes": [{"asset_id": "97961254854749379702593191658896132704622945558274415067651430934438719211772", "price": "0.14", "size": "67.26", "side": "SELL", "hash": "b7171a3c842be85bbcef81ab8a2636112ce0ff46", "best_bid": "0.12", "best_ask": "0.14"}, {"asset_id": "10824614737277384579120931547716737694062714916890575016613469671599992760641", "price": "0.86", "size": "67.26", "side": "BUY", "hash": "4731349178301145073009ad509de6f641e94611", "best_bid": "0.86", "best_ask": "0.88"}], "timestamp": "1769384039891", "event_type": "price_change"}}
{"_local_timestamp": "2026-01-25T23:34:01.471563+00:00", "data": {"market": "0x1c90e1383b8664103731bacc42ba86dff9c1582b8982f0ec02ba6aa255540dec", "price_changes": [{"asset_id": "97961254854749379702593191658896132704622945558274415067651430934438719211772", "price": "0.14", "size": "91.67", "side": "SELL", "hash": "fcc72f8f04e4f76d45dc9e2361672544520e72ca", "best_bid": "0.12", "best_ask": "0.14"}, {"asset_id": "10824614737277384579120931547716737694062714916890575016613469671599992760641", "price": "0.86", "size": "91.67", "side": "BUY", "hash": "e879ab55e681ca1a0fa9079c952b4b613aef2bc0", "best_bid": "0.86", "best_ask": "0.88"}], "timestamp": "1769384041386", "event_type": "price_change"}}
{"_local_timestamp": "2026-01-25T23:34:03.262272+00:00", "data": {"market": "0x1c90e1383b8664103731bacc42ba86dff9c1582b8982f0ec02ba6aa255540dec", "price_changes": [{"asset_id": "97961254854749379702593191658896132704622945558274415067651430934438719211772", "price": "0.14", "size": "67.26", "side": "SELL", "hash": "25bfd1ff9f4dadb69cfe5b3c0b42b6c1355ec368", "best_bid": "0.12", "best_ask": "0.14"}, {"asset_id": "10824614737277384579120931547716737694062714916890575016613469671599992760641", "price": "0.86", "size": "67.26", "side": "BUY", "hash": "b62b29d95224857499b5447bc66047a02a704c52", "best_bid": "0.86", "best_ask": "0.88"}], "timestamp": "1769384043185", "event_type": "price_change"}}
{"_local_timestamp": "2026-01-25T23:34:06.450339+00:00", "data": {"market": "0x1c90e1383b8664103731bacc42ba86dff9c1582b8982f0ec02ba6aa255540dec", "price_changes": [{"asset_id": "97961254854749379702593191658896132704622945558274415067651430934438719211772", "price": "0.14", "size": "91.67", "side": "SELL", "hash": "1f7c42e3f6d98cddeffc32b001696871ce8a9c61", "best_bid": "0.12", "best_ask": "0.14"}, {"asset_id": "10824614737277384579120931547716737694062714916890575016613469671599992760641", "price": "0.86", "size": "91.67", "side": "BUY", "hash": "5814dd38a742908240c152e2a8445dcca8eb6506", "best_bid": "0.86", "best_ask": "0.88"}], "timestamp": "1769384046370", "event_type": "price_change"}}
{"_local_timestamp": "2026-01-25T23:34:07.129850+00:00", "data": {"market": "0x1c90e1383b8664103731bacc42ba86dff9c1582b8982f0ec02ba6aa255540dec", "price_changes": [{"asset_id": "97961254854749379702593191658896132704622945558274415067651430934438719211772", "price": "0.14", "size": "67.26", "side": "SELL", "hash": "5cb9b5b6aec456964eed43ab6adfd07f3fccb8cc", "best_bid": "0.12", "best_ask": "0.14"}, {"asset_id": "10824614737277384579120931547716737694062714916890575016613469671599992760641", "price": "0.86", "size": "67.26", "side": "BUY", "hash": "9fc130c6195ad47541a8f9e1e23cc03d51993498", "best_bid": "0.86", "best_ask": "0.88"}], "timestamp": "1769384047050", "event_type": "price_change"}}
{"_local_timestamp": "2026-01-25T23:34:09.020801+00:00", "data": {"market": "0x1c90e1383b8664103731bacc42ba86dff9c1582b8982f0ec02ba6aa255540dec", "price_changes": [{"asset_id": "97961254854749379702593191658896132704622945558274415067651430934438719211772", "price": "0.14", "size": "91.67", "side": "SELL", "hash": "e14888b104938d6dcc225284eb35e7299a9cde89", "best_bid": "0.12", "best_ask": "0.14"}, {"asset_id": "10824614737277384579120931547716737694062714916890575016613469671599992760641", "price": "0.86", "size": "91.67", "side": "BUY", "hash": "c0dfa11a6d410e2695e83532e0056f145ce9e759", "best_bid": "0.86", "best_ask": "0.88"}], "timestamp": "1769384048949", "event_type": "price_change"}}
{"_local_timestamp": "2026-01-25T23:34:10.259187+00:00", "data": {"market": "0x1c90e1383b8664103731bacc42ba86dff9c1582b8982f0ec02ba6aa255540dec", "price_changes": [{"asset_id": "97961254854749379702593191658896132704622945558274415067651430934438719211772", "price": "0.14", "size": "67.26", "side": "SELL", "hash": "3293e2456fcb6fa57edc9fb832ded6e353b6d134", "best_bid": "0.12", "best_ask": "0.14"}, {"asset_id": "10824614737277384579120931547716737694062714916890575016613469671599992760641", "price": "0.86", "size": "67.26", "side": "BUY", "hash": "b14b85c270b09b803bb0d69021bbf1878f68ffd1", "best_bid": "0.86", "best_ask": "0.88"}], "timestamp": "1769384050183", "event_type": "price_change"}}
{"_local_timestamp": "2026-01-25T23:34:11.313077+00:00", "data": {"market": "0x1c90e1383b8664103731bacc42ba86dff9c1582b8982f0ec02ba6aa255540dec", "price_changes": [{"asset_id": "97961254854749379702593191658896132704622945558274415067651430934438719211772", "price": "0.14", "size": "91.67", "side": "SELL", "hash": "fd5eb72f405e3a23dc3f92b6d10aededaa515714", "best_bid": "0.12", "best_ask": "0.14"}, {"asset_id": "10824614737277384579120931547716737694062714916890575016613469671599992760641", "price": "0.86", "size": "91.67", "side": "BUY", "hash": "48b90351d6ee5bd3b4eafe3485a5ea35c846e969", "best_bid": "0.86", "best_ask": "0.88"}], "timestamp": "1769384051246", "event_type": "price_change"}}
{"_local_timestamp": "2026-01-25T23:34:13.928828+00:00", "data": {"market": "0x1c90e1383b8664103731bacc42ba86dff9c1582b8982f0ec02ba6aa255540dec", "price_changes": [{"asset_id": "97961254854749379702593191658896132704622945558274415067651430934438719211772", "price": "0.14", "size": "67.26", "side": "SELL", "hash": "9764a29e94c52a9741738706f6f665ce6c26e731", "best_bid": "0.12", "best_ask": "0.14"}, {"asset_id": "10824614737277384579120931547716737694062714916890575016613469671599992760641", "price": "0.86", "size": "67.26", "side": "BUY", "hash": "f4103915e3028a20010ac97c3cf3f02b897a4455", "best_bid": "0.86", "best_ask": "0.88"}], "timestamp": "1769384053858", "event_type": "price_change"}}
{"_local_timestamp": "2026-01-25T23:34:16.186285+00:00", "data": {"market": "0x1c90e1383b8664103731bacc42ba86dff9c1582b8982f0ec02ba6aa255540dec", "price_changes": [{"asset_id": "97961254854749379702593191658896132704622945558274415067651430934438719211772", "price": "0.14", "size": "91.67", "side": "SELL", "hash": "4095c5388b05a9f77db1cf7ad14bc5148c8a5609", "best_bid": "0.12", "best_ask": "0.14"}, {"asset_id": "10824614737277384579120931547716737694062714916890575016613469671599992760641", "price": "0.86", "size": "91.67", "side": "BUY", "hash": "771c1d148e5bfd2bb9f04ea5bc3afc9b53fc1fa6", "best_bid": "0.86", "best_ask": "0.88"}], "timestamp": "1769384056111", "event_type": "price_change"}}
{"_local_timestamp": "2026-01-25T23:34:17.556594+00:00", "data": {"market": "0x1c90e1383b8664103731bacc42ba86dff9c1582b8982f0ec02ba6aa255540dec", "price_changes": [{"asset_id": "97961254854749379702593191658896132704622945558274415067651430934438719211772", "price": "0.14", "size": "67.26", "side": "SELL", "hash": "da31b8cc90893fe4ad50800ae0f2eb491e1f341f", "best_bid": "0.12", "best_ask": "0.14"}, {"asset_id": "10824614737277384579120931547716737694062714916890575016613469671599992760641", "price": "0.86", "size": "67.26", "side": "BUY", "hash": "c386fe3c01a75606fc61f22d3f3b1d7dc6cfeec1", "best_bid": "0.86", "best_ask": "0.88"}], "timestamp": "1769384057482", "event_type": "price_change"}}
{"_local_timestamp": "2026-01-25T23:34:18.513294+00:00", "data": {"market": "0x1c90e1383b8664103731bacc42ba86dff9c1582b8982f0ec02ba6aa255540dec", "price_changes": [{"asset_id": "97961254854749379702593191658896132704622945558274415067651430934438719211772", "price": "0.14", "size": "91.67", "side": "SELL", "hash": "b5caf516bef6fdf63bd2d47cd407693582b5b991", "best_bid": "0.12", "best_ask": "0.14"}, {"asset_id": "10824614737277384579120931547716737694062714916890575016613469671599992760641", "price": "0.86", "size": "91.67", "side": "BUY", "hash": "ff7df7382b2803f1df8893f696898ed88cb97aad", "best_bid": "0.86", "best_ask": "0.88"}], "timestamp": "1769384058422", "event_type": "price_change"}}
{"_local_timestamp": "2026-01-25T23:34:19.875965+00:00", "data": {"market": "0x1c90e1383b8664103731bacc42ba86dff9c1582b8982f0ec02ba6aa255540dec", "price_changes": [{"asset_id": "10824614737277384579120931547716737694062714916890575016613469671599992760641", "price": "0.23", "size": "50", "side": "BUY", "hash": "070667fc9cbb24a214b72beaacd1ab85e0d4df94", "best_bid": "0.86", "best_ask": "0.88"}, {"asset_id": "97961254854749379702593191658896132704622945558274415067651430934438719211772", "price": "0.77", "size": "50", "side": "SELL", "hash": "ee8ebbe764843a3f38b54e3cd8896110614dc40d", "best_bid": "0.12", "best_ask": "0.14"}], "timestamp": "1769384059755", "event_type": "price_change"}}
{"_local_timestamp": "2026-01-25T23:34:21.125810+00:00", "data": {"market": "0x1c90e1383b8664103731bacc42ba86dff9c1582b8982f0ec02ba6aa255540dec", "price_changes": [{"asset_id": "97961254854749379702593191658896132704622945558274415067651430934438719211772", "price": "0.14", "size": "67.26", "side": "SELL", "hash": "02368553db8f3dffbdd01c236156cfad5cdafb1f", "best_bid": "0.12", "best_ask": "0.14"}, {"asset_id": "10824614737277384579120931547716737694062714916890575016613469671599992760641", "price": "0.86", "size": "67.26", "side": "BUY", "hash": "9b129978736065e2386710df80ab93c2cd989d2c", "best_bid": "0.86", "best_ask": "0.88"}], "timestamp": "1769384061055", "event_type": "price_change"}}
{"_local_timestamp": "2026-01-25T23:34:23.358154+00:00", "data": {"market": "0x1c90e1383b8664103731bacc42ba86dff9c1582b8982f0ec02ba6aa255540dec", "price_changes": [{"asset_id": "97961254854749379702593191658896132704622945558274415067651430934438719211772", "price": "0.14", "size": "91.67", "side": "SELL", "hash": "3ef17fe161c510192cf7f56bc1d470fba0fc8268", "best_bid": "0.12", "best_ask": "0.14"}, {"asset_id": "10824614737277384579120931547716737694062714916890575016613469671599992760641", "price": "0.86", "size": "91.67", "side": "BUY", "hash": "db6b2b440af281694825aa106d9449bda33f5495", "best_bid": "0.86", "best_ask": "0.88"}], "timestamp": "1769384063281", "event_type": "price_change"}}
{"_local_timestamp": "2026-01-25T23:34:24.377075+00:00", "data": {"market": "0x1c90e1383b8664103731bacc42ba86dff9c1582b8982f0ec02ba6aa255540dec", "price_changes": [{"asset_id": "97961254854749379702593191658896132704622945558274415067651430934438719211772", "price": "0.14", "size": "67.26", "side": "SELL", "hash": "4a75632c5b80402ad1d8bff5f04d8c02832dd46e", "best_bid": "0.12", "best_ask": "0.14"}, {"asset_id": "10824614737277384579120931547716737694062714916890575016613469671599992760641", "price": "0.86", "size": "67.26", "side": "BUY", "hash": "cb5071ac282cdcddc0c893e95f0a9ba39cb34657", "best_bid": "0.86", "best_ask": "0.88"}], "timestamp": "1769384064299", "event_type": "price_change"}}
{"_local_timestamp": "2026-01-25T23:34:25.413629+00:00", "data": {"market": "0x1c90e1383b8664103731bacc42ba86dff9c1582b8982f0ec02ba6aa255540dec", "price_changes": [{"asset_id": "97961254854749379702593191658896132704622945558274415067651430934438719211772", "price": "0.14", "size": "91.67", "side": "SELL", "hash": "22ea1a635753a2e3e23ba5c4ee23f784a9ac2f6e", "best_bid": "0.12", "best_ask": "0.14"}, {"asset_id": "10824614737277384579120931547716737694062714916890575016613469671599992760641", "price": "0.86", "size": "91.67", "side": "BUY", "hash": "b0fe8ee05fea026108df3d2229b14b95662d299e", "best_bid": "0.86", "best_ask": "0.88"}], "timestamp": "1769384065319", "event_type": "price_change"}}
{"_local_timestamp": "2026-01-25T23:34:27.718654+00:00", "data": {"market": "0x1c90e1383b8664103731bacc42ba86dff9c1582b8982f0ec02ba6aa255540dec", "price_changes": [{"asset_id": "10824614737277384579120931547716737694062714916890575016613469671599992760641", "price": "0.27", "size": "96.29", "side": "BUY", "hash": "61410cb31f9cb89227f30b5a68aa8189968266f8", "best_bid": "0.86", "best_ask": "0.88"}, {"asset_id": "97961254854749379702593191658896132704622945558274415067651430934438719211772", "price": "0.73", "size": "96.29", "side": "SELL", "hash": "be0a2e22046e99b03c0dc4d6cc7e0953b752e313", "best_bid": "0.12", "best_ask": "0.14"}], "timestamp": "1769384067573", "event_type": "price_change"}}
{"_local_timestamp": "2026-01-25T23:34:27.917034+00:00", "data": {"market": "0x1c90e1383b8664103731bacc42ba86dff9c1582b8982f0ec02ba6aa255540dec", "price_changes": [{"asset_id": "97961254854749379702593191658896132704622945558274415067651430934438719211772", "price": "0.14", "size": "67.26", "side": "SELL", "hash": "0f0d988373b59ac84511354f454ec9fbd695dc3c", "best_bid": "0.12", "best_ask": "0.14"}, {"asset_id": "10824614737277384579120931547716737694062714916890575016613469671599992760641", "price": "0.86", "size": "67.26", "side": "BUY", "hash": "fd41ed3fdd5c4c898de0359827a91cb833480671", "best_bid": "0.86", "best_ask": "0.88"}], "timestamp": "1769384067679", "event_type": "price_change"}}
{"_local_timestamp": "2026-01-25T23:34:28.516971+00:00", "data": {"market": "0x1c90e1383b8664103731bacc42ba86dff9c1582b8982f0ec02ba6aa255540dec", "price_changes": [{"asset_id": "10824614737277384579120931547716737694062714916890575016613469671599992760641", "price": "0.23", "size": "150", "side": "BUY", "hash": "eecdb3c68a6029bd1015d5bc99994087371a4975", "best_bid": "0.86", "best_ask": "0.88"}, {"asset_id": "97961254854749379702593191658896132704622945558274415067651430934438719211772", "price": "0.77", "size": "150", "side": "SELL", "hash": "0cfa457f848d6c456ed68f7b6b364b55cc6e19fb", "best_bid": "0.12", "best_ask": "0.14"}], "timestamp": "1769384068147", "event_type": "price_change"}}
{"_local_timestamp": "2026-01-25T23:34:30.462327+00:00", "data": {"market": "0x1c90e1383b8664103731bacc42ba86dff9c1582b8982f0ec02ba6aa255540dec", "price_changes": [{"asset_id": "97961254854749379702593191658896132704622945558274415067651430934438719211772", "price": "0.14", "size": "91.67", "side": "SELL", "hash": "1c2fd1c8b5fd38abc1c4d74863f05b691228cdde", "best_bid": "0.12", "best_ask": "0.14"}, {"asset_id": "10824614737277384579120931547716737694062714916890575016613469671599992760641", "price": "0.86", "size": "91.67", "side": "BUY", "hash": "ec23fd27a9306e164ae6d4cc48dd86799d5cc27b", "best_bid": "0.86", "best_ask": "0.88"}], "timestamp": "1769384070286", "event_type": "price_change"}}
{"_local_timestamp": "2026-01-25T23:34:31.071126+00:00", "data": {"market": "0x1c90e1383b8664103731bacc42ba86dff9c1582b8982f0ec02ba6aa255540dec", "price_changes": [{"asset_id": "97961254854749379702593191658896132704622945558274415067651430934438719211772", "price": "0.14", "size": "67.26", "side": "SELL", "hash": "fad4d51ac4c18c0bb97c623555916c0297853781", "best_bid": "0.12", "best_ask": "0.14"}, {"asset_id": "10824614737277384579120931547716737694062714916890575016613469671599992760641", "price": "0.86", "size": "67.26", "side": "BUY", "hash": "2482e037894b40c911f150212f651e33ac5fcda4", "best_bid": "0.86", "best_ask": "0.88"}], "timestamp": "1769384070999", "event_type": "price_change"}}
