{"_local_timestamp": "2026-01-25T23:33:46.349931+00:00", "data": [{"market": "0x1c90e1383b8664103731bacc42ba86dff9c1582b8982f0ec02ba6aa255540dec", "asset_id": "10824614737277384579120931547716737694062714916890575016613469671599992760641", "timestamp": "1769384025288", "hash": "570afcd24b2d438f0f9c245c4f38b9539a96d72d", "bids": [{"price": "0.01", "size": "13601.71"}, {"price": "0.02", "size": "4048"}, {"price": "0.03", "size": "9.09"}, {"price": "0.04", "size": "1262"}, {"price": "0.05", "size": "810"}, {"price": "0.06", "size": "33"}, {"price": "0.08", "size": "128"}, {"price": "0.09", "size": "700"}, {"price": "0.1", "size": "6.3"}, {"price": "0.13", "size": "586.53"}, {"price": "0.16", "size": "64"}, {"price": "0.18", "size": "427.77"}, {"price": "0.21", "size": "810"}, {"price": "0.22", "size": "127.27"}, {"price": "0.23", "size": "1876"}, {"price": "0.27", "size": "196.29"}, {"price": "0.28", "size": "300"}, {"price": "0.3", "size": "100"}, {"price": "0.31", "size": "77.41"}, {"price": "0.32", "size": "32"}, {"price": "0.34", "size": "100"}, {"price": "0.36", "size": "280.55"}, {"price": "0.37", "size": "5"}, {"price": "0.6", "size": "100"}, {"price": "0.64", "size": "16"}, {"price": "0.7", "size": "110"}, {"price": "0.74", "size": "12"}, {"price": "0.75", "size": "40"}, {"price": "0.76", "size": "17.1"}, {"price": "0.78", "size": "14.1"}, {"price": "0.79", "size": "10"}, {"price": "0.84", "size": "508"}, {"price": "0.85", "size": "507"}, {"price": "0.86", "size": "67.26"}], "asks": [{"price": "0.99", "size": "2250"}, {"price": "0.98", "size": "4006.2"}, {"price": "0.97", "size": "261.23"}, {"price": "0.96", "size": "325"}, {"price": "0.95", "size": "110"}, {"price": "0.94", "size": "8.98"}, {"price": "0.93", "size": "929.1"}, {"price": "0.91", "size": "333"}, {"price": "0.9", "size": "606.47"}, {"price": "0.89", "size": "701.35"}, {"price": "0.88", "size": "165.4"}], "event_type": "book", "last_trade_price": ""}, {"market": "0x1c90e1383b8664103731bacc42ba86dff9c1582b8982f0ec02ba6aa255540dec", "asset_id": "97961254854749379702593191658896132704622945558274415067651430934438719211772", "timestamp": "1769384025288", "hash": "f89b7dea73c71c2814541b4275ed4788344160bf", "bids": [{"price": "0.01", "size": "2250"}, {"price": "0.02", "size": "4006.2"}, {"price": "0.03", "size": "261.23"}, {"price": "0.04", "size": "325"}, {"price": "0.05", "size": "110"}, {"price": "0.06", "size": "8.98"}, {"price": "0.07", "size": "929.1"}, {"price": "0.09", "size": "333"}, {"price": "0.1", "size": "606.47"}, {"price": "0.11", "size": "701.35"}, {"price": "0.12", "size": "165.4"}], "asks": [{"price": "0.99", "size": "13601.71"}, {"price": "0.98", "size": "4048"}, {"price": "0.97", "size": "9.09"}, {"price": "0.96", "size": "1262"}, {"price": "0.95", "size": "810"}, {"price": "0.94", "size": "33"}, {"price": "0.92", "size": "128"}, {"price": "0.91", "size": "700"}, {"price": "0.9", "size": "6.3"}, {"price": "0.87", "size": "586.53"}, {"price": "0.84", "size": "64"}, {"price": "0.82", "size": "427.77"}, {"price": "0.79", "size": "810"}, {"price": "0.78", "size": "127.27"}, {"price": "0.77", "size": "1876"}, {"price": "0.73", "size": "196.29"}, {"price": "0.72", "size": "300"}, {"price": "0.7", "size": "100"}, {"price": "0.69", "size": "77.41"}, {"price": "0.68", "size": "32"}, {"price": "0.66", "size": "100"}, {"price": "0.64", "size": "280.55"}, {"price": "0.63", "size": "5"}, {"price": "0.4", "size": "100"}, {"price": "0.36", "size": "16"}, {"price": "0.3", "size": "110"}, {"price": "0.26", "size": "12"}, {"price": "0.25", "size": "40"}, {"price": "0.24", "size": "17.1"}, {"price": "0.22", "size": "14.1"}, {"price": "0.21", "size": "10"}, {"price": "0.16", "size": "508"}, {"price": "0.15", "size": "507"}, {"price": "0.14", "size": "67.26"}], "event_type": "book", "last_trade_price": ""}]}
{"_local_timestamp": "2026-01-25T23:33:48.238806+00:00", "data": {"market": "0x1c90e1383b8664103731bacc42ba86dff9c1582b8982f0ec02ba6aa255540dec", "price_changes": [{"asset_id": "97961254854749379702593191658896132704622945558274415067651430934438719211772", "price": "0.14", "size": "91.67", "side": "SELL", "hash": "0efce80b90c32faae6aacb21da772b615af0b880", "best_bid": "0.12", "best_ask": "0.14"}, {"asset_id": "10824614737277384579120931547716737694062714916890575016613469671599992760641", "price": "0.86", "size": "91.67", "side": "BUY", "hash": "2ae5c171a252f4e9a4cec4b27138af6c5a8b5f59", "best_bid": "0.86", "best_ask": "0.88"}], "timestamp": "1769384028167", "event_type": "price_change"}}
{"_local_timestamp": "2026-01-25T23:33:49.322416+00:00", "data": {"market": "0x1c90e1383b8664103731bacc42ba86dff9c1582b8982f0ec02ba6aa255540dec", "price_changes": [{"asset_id": "97961254854749379702593191658896132704622945558274415067651430934438719211772", "price": "0.14", "size": "67.26", "side": "SELL", "hash": "b54cd0d975683ab16813903e9e7f59766ea5209a", "best_bid": "0.12", "best_ask": "0.14"}, {"asset_id": "10824614737277384579120931547716737694062714916890575016613469671599992760641", "price": "0.86", "size": "67.26", "side": "BUY", "hash": "32ef673f107047526241becc146730fcf4c61dfe", "best_bid": "0.86", "best_ask": "0.88"}], "timestamp": "1769384029237", "event_type": "price_change"}}
{"_local_timestamp": "2026-01-25T23:33:50.189797+00:00", "data": {"market": "0x1c90e1383b8664103731bacc42ba86dff9c1582b8982f0ec02ba6aa255540dec", "price_changes": [{"asset_id": "97961254854749379702593191658896132704622945558274415067651430934438719211772", "price": "0.14", "size": "91.67", "side": "SELL", "hash": "fc2dbdc2ca0ca03dd0be8dfa780bd48fe06ac8a9", "best_bid": "0.12", "best_ask": "0.14"}, {"asset_id": "10824614737277384579120931547716737694062714916890575016613469671599992760641", "price": "0.86", "size": "91.67", "side": "BUY", "hash": "57c62bc3be40118cad3e38c9055baab462120d96", "best_bid": "0.86", "best_ask": "0.88"}], "timestamp": "1769384030122", "event_type": "price_change"}}
{"_local_timestamp": "2026-01-25T23:33:53.091116+00:00", "data": {"market": "0x1c90e1383b8664103731bacc42ba86dff9c1582b8982f0ec02ba6aa255540dec", "price_changes": [{"asset_id": "97961254854749379702593191658896132704622945558274415067651430934438719211772", "price": "0.14", "size": "67.26", "side": "SELL", "hash": "d1f24518e92d5f786d2acaf6601bb616cef316b7", "best_bid": "0.12", "best_ask": "0.14"}, {"asset_id": "10824614737277384579120931547716737694062714916890575016613469671599992760641", "price": "0.86", "size": "67.26", "side": "BUY", "hash": "3a081f4fc8489b1366120e646195a0740db28ef7", "best_bid": "0.86", "best_ask": "0.88"}], "timestamp": "1769384032998", "event_type": "price_change"}}
