{"_local_timestamp": "2026-01-25T23:40:42.411950+00:00", "data": [{"market": "0x77803bf3f3509539554e06435dbdc94c5eabc4dca7987e83107a03c219a096ea", "asset_id": "3325118064962209195446696339107278355695236491776717137541091468933221289357", "timestamp": "1769384426886", "hash": "91458e858d84b831b2590f981f7e34927e692f15", "bids": [{"price": "0.01", "size": "75.47"}, {"price": "0.02", "size": "39.75"}, {"price": "0.03", "size": "12.22"}, {"price": "0.04", "size": "66.66"}, {"price": "0.05", "size": "10"}, {"price": "0.06", "size": "6.83"}, {"price": "0.09", "size": "77.76"}], "asks": [{"price": "0.99", "size": "5908.14"}, {"price": "0.98", "size": "2207.39"}, {"price": "0.97", "size": "300"}, {"price": "0.96", "size": "305.37"}, {"price": "0.95", "size": "30"}, {"price": "0.94", "size": "33"}, {"price": "0.93", "size": "7.94"}, {"price": "0.89", "size": "225"}, {"price": "0.84", "size": "150"}, {"price": "0.83", "size": "5.88"}, {"price": "0.79", "size": "100"}, {"price": "0.74", "size": "50"}, {"price": "0.73", "size": "25"}, {"price": "0.65", "size": "100"}, {"price": "0.64", "size": "25"}, {"price": "0.31", "size": "50"}], "event_type": "book", "last_trade_price": ""}, {"market": "0x025e8dbab75a4ab8d57838524c61660d8385ed80608a856d7f85fe5be2c3ce82", "asset_id": "64646801358204661091649152026679678477997607545079265541240545041704334470547", "timestamp": "1769384366683", "hash": "5a471bf03342726da50385ea5ee720b0ccf70ec3", "bids": [{"price": "0.01", "size": "3576.92"}, {"price": "0.02", "size": "25"}, {"price": "0.03", "size": "5.94"}, {"price": "0.05", "size": "1300"}, {"price": "0.06", "size": "300"}, {"price": "0.07", "size": "300"}, {"price": "0.08", "size": "200"}, {"price": "0.09", "size": "7.99"}, {"price": "0.11", "size": "225"}, {"price": "0.16", "size": "150"}, {"price": "0.18", "size": "5"}, {"price": "0.21", "size": "100"}, {"price": "0.26", "size": "146"}, {"price": "0.35", "size": "66.66"}, {"price": "0.69", "size": "5.97"}, {"price": "0.7", "size": "66.66"}], "asks": [{"price": "0.99", "size": "142.95"}, {"price": "0.98", "size": "13.54"}, {"price": "0.97", "size": "10"}, {"price": "0.96", "size": "26.82"}, {"price": "0.95", "size": "94.59"}, {"price": "0.94", "size": "8.66"}, {"price": "0.9", "size": "36.33"}, {"price": "0.89", "size": "7.32"}, {"price": "0.86", "size": "8.8"}, {"price": "0.81", "size": "5.51"}], "event_type": "book", "last_trade_price": ""}, {"market": "0x77803bf3f3509539554e06435dbdc94c5eabc4dca7987e83107a03c219a096ea", "asset_id": "63622031353163045380628937939245765822316020463669745174764928168440562978096", "timestamp": "1769384426886", "hash": "054285f7d5549340aadb13c166c35f6d439399e4", "bids": [{"price": "0.01", "size": "5908.14"}, {"price": "0.02", "size": "2207.39"}, {"price": "0.03", "size": "300"}, {"price": "0.04", "size": "305.37"}, {"price": "0.05", "size": "30"}, {"price": "0.06", "size": "33"}, {"price": "0.07", "size": "7.94"}, {"price": "0.11", "size": "225"}, {"price": "0.16", "size": "150"}, {"price": "0.17", "size": "5.88"}, {"price": "0.21", "size": "100"}, {"price": "0.26", "size": "50"}, {"price": "0.27", "size": "25"}, {"price": "0.35", "size": "100"}, {"price": "0.36", "size": "25"}, {"price": "0.69", "size": "50"}], "asks": [{"price": "0.99", "size": "75.47"}, {"price": "0.98", "size": "39.75"}, {"price": "0.97", "size": "12.22"}, {"price": "0.96", "size": "66.66"}, {"price": "0.95", "size": "10"}, {"price": "0.94", "size": "6.83"}, {"price": "0.91", "size": "77.76"}], "event_type": "book", "last_trade_price": ""}, {"market": "0x025e8dbab75a4ab8d57838524c61660d8385ed80608a856d7f85fe5be2c3ce82", "asset_id": "101104375766855018042682388200888555709757264855320393775369778689286293968067", "timestamp": "1769384366683", "hash": "71e55bf052e141c74635da671df6cc3574fc3ee6", "bids": [{"price": "0.01", "size": "142.95"}, {"price": "0.02", "size": "13.54"}, {"price": "0.03", "size": "10"}, {"price": "0.04", "size": "26.82"}, {"price": "0.05", "size": "94.59"}, {"price": "0.06", "size": "8.66"}, {"price": "0.1", "size": "36.33"}, {"price": "0.11", "size": "7.32"}, {"price": "0.14", "size": "8.8"}, {"price": "0.19", "size": "5.51"}], "asks": [{"price": "0.99", "size": "3576.92"}, {"price": "0.98", "size": "25"}, {"price": "0.97", "size": "5.94"}, {"price": "0.95", "size": "1300"}, {"price": "0.94", "size": "300"}, {"price": "0.93", "size": "300"}, {"price": "0.92", "size": "200"}, {"price": "0.91", "size": "7.99"}, {"price": "0.89", "size": "225"}, {"price": "0.84", "size": "150"}, {"price": "0.82", "size": "5"}, {"price": "0.79", "size": "100"}, {"price": "0.74", "size": "146"}, {"price": "0.65", "size": "66.66"}, {"price": "0.31", "size": "5.97"}, {"price": "0.3", "size": "66.66"}], "event_type": "book", "last_trade_price": ""}]}
{"_local_timestamp": "2026-01-25T23:40:52.901868+00:00", "data": {"market": "0x77803bf3f3509539554e06435dbdc94c5eabc4dca7987e83107a03c219a096ea", "price_changes": [{"asset_id": "63622031353163045380628937939245765822316020463669745174764928168440562978096", "price": "0.69", "size": "70", "side": "BUY", "hash": "607dba76da805a26ff6942bfcebc4c588e98e0b4", "best_bid": "0.69", "best_ask": "0.91"}, {"asset_id": "3325118064962209195446696339107278355695236491776717137541091468933221289357", "price": "0.31", "size": "70", "side": "SELL", "hash": "470d7cd8ba4beef4605be47f26788afcfcdb1550", "best_bid": "0.09", "best_ask": "0.31"}], "timestamp": "1769384452834", "event_type": "price_change"}}
{"_local_timestamp": "2026-01-25T23:40:53.557203+00:00", "data": {"market": "0x77803bf3f3509539554e06435dbdc94c5eabc4dca7987e83107a03c219a096ea", "price_changes": [{"asset_id": "63622031353163045380628937939245765822316020463669745174764928168440562978096", "price": "0.06", "size": "533", "side": "BUY", "hash": "cb8ea922e436b09958efb74201a84f32a6aab88e", "best_bid": "0.69", "best_ask": "0.91"}, {"asset_id": "3325118064962209195446696339107278355695236491776717137541091468933221289357", "price": "0.94", "size": "533", "side": "SELL", "hash": "c8697960abe795bc1018d7e08f14c79d4aa0d6fb", "best_bid": "0.09", "best_ask": "0.31"}], "timestamp": "1769384453488", "event_type": "price_change"}}
{"_local_timestamp": "2026-01-25T23:40:59.202561+00:00", "data": {"market": "0x77803bf3f3509539554e06435dbdc94c5eabc4dca7987e83107a03c219a096ea", "price_changes": [{"asset_id": "63622031353163045380628937939245765822316020463669745174764928168440562978096", "price": "0.02", "size": "1807.39", "side": "BUY", "hash": "8079546f91b2954d62bfb3db1c9e03e7a6b0dd98", "best_bid": "0.69", "best_ask": "0.91"}, {"asset_id": "3325118064962209195446696339107278355695236491776717137541091468933221289357", "price": "0.98", "size": "1807.39", "side": "SELL", "hash": "823001bbf1b6d2eac6b1333e59d5e28e8b997384", "best_bid": "0.09", "best_ask": "0.31"}], "timestamp": "1769384459101", "event_type": "price_change"}}
{"_local_timestamp": "2026-01-25T23:40:59.544622+00:00", "data": {"market": "0x77803bf3f3509539554e06435dbdc94c5eabc4dca7987e83107a03c219a096ea", "price_changes": [{"asset_id": "63622031353163045380628937939245765822316020463669745174764928168440562978096", "price": "0.03", "size": "700", "side": "BUY", "hash": "c0e3015ef3996ad045bbd093f641789c22a6ae69", "best_bid": "0.69", "best_ask": "0.91"}, {"asset_id": "3325118064962209195446696339107278355695236491776717137541091468933221289357", "price": "0.97", "size": "700", "side": "SELL", "hash": "a23b7fd08b591f99bc7945d8f2d7f13fa56b7b1b", "best_bid": "0.09", "best_ask": "0.31"}], "timestamp": "1769384459442", "event_type": "price_change"}}
{"_local_timestamp": "2026-01-25T23:41:12.925362+00:00", "data": {"market": "0x025e8dbab75a4ab8d57838524c61660d8385ed80608a856d7f85fe5be2c3ce82", "price_changes": [{"asset_id": "101104375766855018042682388200888555709757264855320393775369778689286293968067", "price": "0.08", "size": "20", "side": "BUY", "hash": "95d692916f9e43a070eca0e8997091f12b6f8d17", "best_bid": "0.19", "best_ask": "0.3"}, {"asset_id": "64646801358204661091649152026679678477997607545079265541240545041704334470547", "price": "0.92", "size": "20", "side": "SELL", "hash": "5a8b556ac1fd400d5f85fb00809dfe47a84ddc95", "best_bid": "0.7", "best_ask": "0.81"}], "timestamp": "1769384472859", "event_type": "price_change"}}
{"_local_timestamp": "2026-01-25T23:41:40.232538+00:00", "data": {"market": "0x77803bf3f3509539554e06435dbdc94c5eabc4dca7987e83107a03c219a096ea", "price_changes": [{"asset_id": "63622031353163045380628937939245765822316020463669745174764928168440562978096", "price": "0.02", "size": "1007.39", "side": "BUY", "hash": "0b6d95f5951a63347c816ceb927d78797a7fcb66", "best_bid": "0.69", "best_ask": "0.91"}, {"asset_id": "3325118064962209195446696339107278355695236491776717137541091468933221289357", "price": "0.98", "size": "1007.39", "side": "SELL", "hash": "7d0d6508d29682014d4123e93fe788d844f2669b", "best_bid": "0.09", "best_ask": "0.31"}], "timestamp": "1769384500155", "event_type": "price_change"}}
{"_local_timestamp": "2026-01-25T23:41:40.233675+00:00", "data": {"market": "0x77803bf3f3509539554e06435dbdc94c5eabc4dca7987e83107a03c219a096ea", "price_changes": [{"asset_id": "63622031353163045380628937939245765822316020463669745174764928168440562978096", "price": "0.06", "size": "33", "side": "BUY", "hash": "0b6d95f5951a63347c816ceb927d78797a7fcb66", "best_bid": "0.69", "best_ask": "0.91"}, {"asset_id": "3325118064962209195446696339107278355695236491776717137541091468933221289357", "price": "0.94", "size": "33", "side": "SELL", "hash": "7d0d6508d29682014d4123e93fe788d844f2669b", "best_bid": "0.09", "best_ask": "0.31"}], "timestamp": "1769384500155", "event_type": "price_change"}}
{"_local_timestamp": "2026-01-25T23:41:40.570398+00:00", "data": {"market": "0x77803bf3f3509539554e06435dbdc94c5eabc4dca7987e83107a03c219a096ea", "price_changes": [{"asset_id": "63622031353163045380628937939245765822316020463669745174764928168440562978096", "price": "0.03", "size": "1500", "side": "BUY", "hash": "59ddc6ff987b8bb59705682105a1f99469c40931", "best_bid": "0.69", "best_ask": "0.91"}, {"asset_id": "3325118064962209195446696339107278355695236491776717137541091468933221289357", "price": "0.97", "size": "1500", "side": "SELL", "hash": "53034ba7f9a32cb25c24fadc3aeced3fb34ed643", "best_bid": "0.09", "best_ask": "0.31"}], "timestamp": "1769384500484", "event_type": "price_change"}}
{"_local_timestamp": "2026-01-25T23:42:39.667235+00:00", "data": {"market": "0x77803bf3f3509539554e06435dbdc94c5eabc4dca7987e83107a03c219a096ea", "price_changes": [{"asset_id": "63622031353163045380628937939245765822316020463669745174764928168440562978096", "price": "0.03", "size": "1100", "side": "BUY", "hash": "af66096faa2df93a5c8200f615f2b8c28de2c9eb", "best_bid": "0.69", "best_ask": "0.91"}, {"asset_id": "3325118064962209195446696339107278355695236491776717137541091468933221289357", "price": "0.97", "size": "1100", "side": "SELL", "hash": "8d3e2e6dbb2b19ffa02c0d9f94e7213fb4f5d2e7", "best_bid": "0.09", "best_ask": "0.31"}], "timestamp": "1769384559564", "event_type": "price_change"}}
{"_local_timestamp": "2026-01-25T23:42:40.107345+00:00", "data": {"market": "0x77803bf3f3509539554e06435dbdc94c5eabc4dca7987e83107a03c219a096ea", "price_changes": [{"asset_id": "63622031353163045380628937939245765822316020463669745174764928168440562978096", "price": "0.02", "size": "1407.39", "side": "BUY", "hash": "05efcebc41fc31efc5a44af7b61b85ad4b69156b", "best_bid": "0.69", "best_ask": "0.91"}, {"asset_id": "3325118064962209195446696339107278355695236491776717137541091468933221289357", "price": "0.98", "size": "1407.39", "side": "SELL", "hash": "02d640330b0626ec74f7d0a8909b2468168ec353", "best_bid": "0.09", "best_ask": "0.31"}], "timestamp": "1769384559921", "event_type": "price_change"}}
