{"_local_timestamp": "2026-01-25T23:40:42.411950+00:00", "data": [{"market": "0x77803bf3f3509539554e06435dbdc94c5eabc4dca7987e83107a03c219a096ea", "asset_id": "3325118064962209195446696339107278355695236491776717137541091468933221289357", "timestamp": "1769384426886", "hash": "91458e858d84b831b2590f981f7e34927e692f15", "bids": [{"price": "0.01", "size": "75.47"}, {"price": "0.02", "size": "39.75"}, {"price": "0.03", "size": "12.22"}, {"price": "0.04", "size": "66.66"}, {"price": "0.05", "size": "10"}, {"price": "0.06", "size": "6.83"}, {"price": "0.09", "size": "77.76"}], "asks": [{"price": "0.99", "size": "5908.14"}, {"price": "0.98", "size": "2207.39"}, {"price": "0.97", "size": "300"}, {"price": "0.96", "size": "305.37"}, {"price": "0.95", "size": "30"}, {"price": "0.94", "size": "33"}, {"price": "0.93", "size": "7.94"}, {"price": "0.89", "size": "225"}, {"price": "0.84", "size": "150"}, {"price": "0.83", "size": "5.88"}, {"price": "0.79", "size": "100"}, {"price": "0.74", "size": "50"}, {"price": "0.73", "size": "25"}, {"price": "0.65", "size": "100"}, {"price": "0.64", "size": "25"}, {"price": "0.31", "size": "50"}], "event_type": "book", "last_trade_price": ""}, {"market": "0x025e8dbab75a4ab8d57838524c61660d8385ed80608a856d7f85fe5be2c3ce82", "asset_id": "64646801358204661091649152026679678477997607545079265541240545041704334470547", "timestamp": "1769384366683", "hash": "5a471bf03342726da50385ea5ee720b0ccf70ec3", "bids": [{"price": "0.01", "size": "3576.92"}, {"price": "0.02", "size": "25"}, {"price": "0.03", "size": "5.94"}, {"price": "0.05", "size": "1300"}, {"price": "0.06", "size": "300"}, {"price": "0.07", "size": "300"}, {"price": "0.08", "size": "200"}, {"price": "0.09", "size": "7.99"}, {"price": "0.11", "size": "225"}, {"price": "0.16", "size": "150"}, {"price": "0.18", "size": "5"}, {"price": "0.21", "size": "100"}, {"price": "0.26", "size": "146"}, {"price": "0.35", "size": "66.66"}, {"price": "0.69", "size": "5.97"}, {"price": "0.7", "size": "66.66"}], "asks": [{"price": "0.99", "size": "142.95"}, {"price": "0.98", "size": "13.54"}, {"price": "0.97", "size": "10"}, {"price": "0.96", "size": "26.82"}, {"price": "0.95", "size": "94.59"}, {"price": "0.94", "size": "8.66"}, {"price": "0.9", "size": "36.33"}, {"price": "0.89", "size": "7.32"}, {"price": "0.86", "size": "8.8"}, {"price": "0.81", "size": "5.51"}], "event_type": "book", "last_trade_price": ""}, {"market": "0x77803bf3f3509539554e06435dbdc94c5eabc4dca7987e83107a03c219a096ea", "asset_id": "63622031353163045380628937939245765822316020463669745174764928168440562978096", "timestamp": "1769384426886", "hash": "054285f7d5549340aadb13c166c35f6d439399e4", "bids": [{"price": "0.01", "size": "5908.14"}, {"price": "0.02", "size": "2207.39"}, {"price": "0.03", "size": "300"}, {"price": "0.04", "size": "305.37"}, {"price": "0.05", "size": "30"}, {"price": "0.06", "size": "33"}, {"price": "0.07", "size": "7.94"}, {"price": "0.11", "size": "225"}, {"price": "0.16", "size": "150"}, {"price": "0.17", "size": "5.88"}, {"price": "0.21", "size": "100"}, {"price": "0.26", "size": "50"}, {"price": "0.27", "size": "25"}, {"price": "0.35", "size": "100"}, {"price": "0.36", "size": "25"}, {"price": "0.69", "size": "50"}], "asks": [{"price": "0.99", "size": "75.47"}, {"price": "0.98", "size": "39.75"}, {"price": "0.97", "size": "12.22"}, {"price": "0.96", "size": "66.66"}, {"price": "0.95", "size": "10"}, {"price": "0.94", "size": "6.83"}, {"price": "0.91", "size": "77.76"}], "event_type": "book", "last_trade_price": ""}, {"market": "0x025e8dbab75a4ab8d57838524c61660d8385ed80608a856d7f85fe5be2c3ce82", "asset_id": "101104375766855018042682388200888555709757264855320393775369778689286293968067", "timestamp": "1769384366683", "hash": "71e55bf052e141c74635da671df6cc3574fc3ee6", "bids": [{"price": "0.01", "size": "142.95"}, {"price": "0.02", "size": "13.54"}, {"price": "0.03", "size": "10"}, {"price": "0.04", "size": "26.82"}, {"price": "0.05", "size": "94.59"}, {"price": "0.06", "size": "8.66"}, {"price": "0.1", "size": "36.33"}, {"price": "0.11", "size": "7.32"}, {"price": "0.14", "size": "8.8"}, {"price": "0.19", "size": "5.51"}], "asks": [{"price": "0.99", "size": "3576.92"}, {"price": "0.98", "size": "25"}, {"price": "0.97", "size": "5.94"}, {"price": "0.95", "size": "1300"}, {"price": "0.94", "size": "300"}, {"price": "0.93", "size": "300"}, {"price": "0.92", "size": "200"}, {"price": "0.91", "size": "7.99"}, {"price": "0.89", "size": "225"}, {"price": "0.84", "size": "150"}, {"price": "0.82", "size": "5"}, {"price": "0.79", "size": "100"}, {"price": "0.74", "size": "146"}, {"price": "0.65", "size": "66.66"}, {"price": "0.31", "size": "5.97"}, {"price": "0.3", "size": "66.66"}], "event_type": "book", "last_trade_price": ""}]}
{"_local_timestamp": "2026-01-25T23:40:52.901868+00:00", "data": {"market": "0x77803bf3f3509539554e06435dbdc94c5eabc4dca7987e83107a03c219a096ea", "price_changes": [{"asset_id": "63622031353163045380628937939245765822316020463669745174764928168440562978096", "price": "0.69", "size": "70", "side": "BUY", "hash": "607dba76da805a26ff6942bfcebc4c588e98e0b4", "best_bid": "0.69", "best_ask": "0.91"}, {"asset_id": "3325118064962209195446696339107278355695236491776717137541091468933221289357", "price": "0.31", "size": "70", "side": "SELL", "hash": "470d7cd8ba4beef4605be47f26788afcfcdb1550", "best_bid": "0.09", "best_ask": "0.31"}], "timestamp": "1769384452834", "event_type": "price_change"}}
{"_local_timestamp": "2026-01-25T23:40:53.557203+00:00", "data": {"market": "0x77803bf3f3509539554e06435dbdc94c5eabc4dca7987e83107a03c219a096ea", "price_changes": [{"asset_id": "63622031353163045380628937939245765822316020463669745174764928168440562978096", "price": "0.06", "size": "533", "side": "BUY", "hash": "cb8ea922e436b09958efb74201a84f32a6aab88e", "best_bid": "0.69", "best_ask": "0.91"}, {"asset_id": "3325118064962209195446696339107278355695236491776717137541091468933221289357", "price": "0.94", "size": "533", "side": "SELL", "hash": "c8697960abe795bc1018d7e08f14c79d4aa0d6fb", "best_bid": "0.09", "best_ask": "0.31"}], "timestamp": "1769384453488", "event_type": "price_change"}}
{"_local_timestamp": "2026-01-25T23:40:59.202561+00:00", "data": {"market": "0x77803bf3f3509539554e06435dbdc94c5eabc4dca7987e83107a03c219a096ea", "price_changes": [{"asset_id": "63622031353163045380628937939245765822316020463669745174764928168440562978096", "price": "0.02", "size": "1807.39", "side": "BUY", "hash": "8079546f91b2954d62bfb3db1c9e03e7a6b0dd98", "best_bid": "0.69", "best_ask": "0.91"}, {"asset_id": "3325118064962209195446696339107278355695236491776717137541091468933221289357", "price": "0.98", "size": "1807.39", "side": "SELL", "hash": "823001bbf1b6d2eac6b1333e59d5e28e8b997384", "best_bid": "0.09", "best_ask": "0.31"}], "timestamp": "1769384459101", "event_type": "price_change"}}
{"_local_timestamp": "2026-01-25T23:40:59.544622+00:00", "data": {"market": "0x77803bf3f3509539554e06435dbdc94c5eabc4dca7987e83107a03c219a096ea", "price_changes": [{"asset_id": "63622031353163045380628937939245765822316020463669745174764928168440562978096", "price": "0.03", "size": "700", "side": "BUY", "hash": "c0e3015ef3996ad045bbd093f641789c22a6ae69", "best_bid": "0.69", "best_ask": "0.91"}, {"asset_id": "3325118064962209195446696339107278355695236491776717137541091468933221289357", "price": "0.97", "size": "700", "side": "SELL", "hash": "a23b7fd08b591f99bc7945d8f2d7f13fa56b7b1b", "best_bid": "0.09", "best_ask": "0.31"}], "timestamp": "1769384459442", "event_type": "price_change"}}
{"_local_timestamp": "2026-01-25T23:41:12.925362+00:00", "data": {"market": "0x025e8dbab75a4ab8d57838524c61660d8385ed80608a856d7f85fe5be2c3ce82", "price_changes": [{"asset_id": "101104375766855018042682388200888555709757264855320393775369778689286293968067", "price": "0.08", "size": "20", "side": "BUY", "hash": "95d692916f9e43a070eca0e8997091f12b6f8d17", "best_bid": "0.19", "best_ask": "0.3"}, {"asset_id": "64646801358204661091649152026679678477997607545079265541240545041704334470547", "price": "0.92", "size": "20", "side": "SELL", "hash": "5a8b556ac1fd400d5f85fb00809dfe47a84ddc95", "best_bid": "0.7", "best_ask": "0.81"}], "timestamp": "1769384472859", "event_type": "price_change"}}
{"_local_timestamp": "2026-01-25T23:41:40.232538+00:00", "data": {"market": "0x77803bf3f3509539554e06435dbdc94c5eabc4dca7987e83107a03c219a096ea", "price_changes": [{"asset_id": "63622031353163045380628937939245765822316020463669745174764928168440562978096", "price": "0.02", "size": "1007.39", "side": "BUY", "hash": "0b6d95f5951a63347c816ceb927d78797a7fcb66", "best_bid": "0.69", "best_ask": "0.91"}, {"asset_id": "3325118064962209195446696339107278355695236491776717137541091468933221289357", "price": "0.98", "size": "1007.39", "side": "SELL", "hash": "7d0d6508d29682014d4123e93fe788d844f2669b", "best_bid": "0.09", "best_ask": "0.31"}], "timestamp": "1769384500155", "event_type": "price_change"}}
{"_local_timestamp": "2026-01-25T23:41:40.233675+00:00", "data": {"market": "0x77803bf3f3509539554e06435dbdc94c5eabc4dca7987e83107a03c219a096ea", "price_changes": [{"asset_id": "63622031353163045380628937939245765822316020463669745174764928168440562978096", "price": "0.06", "size": "33", "side": "BUY", "hash": "0b6d95f5951a63347c816ceb927d78797a7fcb66", "best_bid": "0.69", "best_ask": "0.91"}, {"asset_id": "3325118064962209195446696339107278355695236491776717137541091468933221289357", "price": "0.94", "size": "33", "side": "SELL", "hash": "7d0d6508d29682014d4123e93fe788d844f2669b", "best_bid": "0.09", "best_ask": "0.31"}], "timestamp": "1769384500155", "event_type": "price_change"}}
{"_local_timestamp": "2026-01-25T23:41:40.570398+00:00", "data": {"market": "0x77803bf3f3509539554e06435dbdc94c5eabc4dca7987e83107a03c219a096ea", "price_changes": [{"asset_id": "63622031353163045380628937939245765822316020463669745174764928168440562978096", "price": "0.03", "size": "1500", "side": "BUY", "hash": "59ddc6ff987b8bb59705682105a1f99469c40931", "best_bid": "0.69", "best_ask": "0.91"}, {"asset_id": "3325118064962209195446696339107278355695236491776717137541091468933221289357", "price": "0.97", "size": "1500", "side": "SELL", "hash": "53034ba7f9a32cb25c24fadc3aeced3fb34ed643", "best_bid": "0.09", "best_ask": "0.31"}], "timestamp": "1769384500484", "event_type": "price_change"}}
{"_local_timestamp": "2026-01-25T23:42:39.667235+00:00", "data": {"market": "0x77803bf3f3509539554e06435dbdc94c5eabc4dca7987e83107a03c219a096ea", "price_changes": [{"asset_id": "63622031353163045380628937939245765822316020463669745174764928168440562978096", "price": "0.03", "size": "1100", "side": "BUY", "hash": "af66096faa2df93a5c8200f615f2b8c28de2c9eb", "best_bid": "0.69", "best_ask": "0.91"}, {"asset_id": "3325118064962209195446696339107278355695236491776717137541091468933221289357", "price": "0.97", "size": "1100", "side": "SELL", "hash": "8d3e2e6dbb2b19ffa02c0d9f94e7213fb4f5d2e7", "best_bid": "0.09", "best_ask": "0.31"}], "timestamp": "1769384559564", "event_type": "price_change"}}
{"_local_timestamp": "2026-01-25T23:42:40.107345+00:00", "data": {"market": "0x77803bf3f3509539554e06435dbdc94c5eabc4dca7987e83107a03c219a096ea", "price_changes": [{"asset_id": "63622031353163045380628937939245765822316020463669745174764928168440562978096", "price": "0.02", "size": "1407.39", "side": "BUY", "hash": "05efcebc41fc31efc5a44af7b61b85ad4b69156b", "best_bid": "0.69", "best_ask": "0.91"}, {"asset_id": "3325118064962209195446696339107278355695236491776717137541091468933221289357", "price": "0.98", "size": "1407.39", "side": "SELL", "hash": "02d640330b0626ec74f7d0a8909b2468168ec353", "best_bid": "0.09", "best_ask": "0.31"}], "timestamp": "1769384559921", "event_type": "price_change"}}
{"_local_timestamp": "2026-01-25T23:43:11.277439+00:00", "data": {"market": "0x77803bf3f3509539554e06435dbdc94c5eabc4dca7987e83107a03c219a096ea", "price_changes": [{"asset_id": "63622031353163045380628937939245765822316020463669745174764928168440562978096", "price": "0.35", "size": "0", "side": "BUY", "hash": "7d66d5aaac2db2f2d25caa5135605909d28cef7f", "best_bid": "0.69", "best_ask": "0.91"}, {"asset_id": "3325118064962209195446696339107278355695236491776717137541091468933221289357", "price": "0.65", "size": "0", "side": "SELL", "hash": "2aea75fdedc56e802a890cc68f4a2a8441b50934", "best_bid": "0.09", "best_ask": "0.31"}], "timestamp": "1769384591215", "event_type": "price_change"}}
{"_local_timestamp": "2026-01-25T23:43:11.281943+00:00", "data": {"market": "0x77803bf3f3509539554e06435dbdc94c5eabc4dca7987e83107a03c219a096ea", "price_changes": [{"asset_id": "63622031353163045380628937939245765822316020463669745174764928168440562978096", "price": "0.01", "size": "5808.14", "side": "BUY", "hash": "7d66d5aaac2db2f2d25caa5135605909d28cef7f", "best_bid": "0.69", "best_ask": "0.91"}, {"asset_id": "3325118064962209195446696339107278355695236491776717137541091468933221289357", "price": "0.99", "size": "5808.14", "side": "SELL", "hash": "2aea75fdedc56e802a890cc68f4a2a8441b50934", "best_bid": "0.09", "best_ask": "0.31"}], "timestamp": "1769384591215", "event_type": "price_change"}}
{"_local_timestamp": "2026-01-25T23:43:11.737949+00:00", "data": {"market": "0x77803bf3f3509539554e06435dbdc94c5eabc4dca7987e83107a03c219a096ea", "price_changes": [{"asset_id": "63622031353163045380628937939245765822316020463669745174764928168440562978096", "price": "0.35", "size": "66.66", "side": "BUY", "hash": "aaa8df701c34baac13c1d5a6d2c38dc40438b3f3", "best_bid": "0.69", "best_ask": "0.91"}, {"asset_id": "3325118064962209195446696339107278355695236491776717137541091468933221289357", "price": "0.65", "size": "66.66", "side": "SELL", "hash": "916d71364349222be4e3650cb15f1a3818b30b8c", "best_bid": "0.09", "best_ask": "0.31"}], "timestamp": "1769384591673", "event_type": "price_change"}}
{"_local_timestamp": "2026-01-25T23:43:11.742626+00:00", "data": {"market": "0x77803bf3f3509539554e06435dbdc94c5eabc4dca7987e83107a03c219a096ea", "price_changes": [{"asset_id": "63622031353163045380628937939245765822316020463669745174764928168440562978096", "price": "0.01", "size": "5874.8", "side": "BUY", "hash": "f008c39e98e5647866007692f9b9318ab63f3a11", "best_bid": "0.69", "best_ask": "0.91"}, {"asset_id": "3325118064962209195446696339107278355695236491776717137541091468933221289357", "price": "0.99", "size": "5874.8", "side": "SELL", "hash": "082e0d5598d22bfe6414aed9947a095587ccce62", "best_bid": "0.09", "best_ask": "0.31"}], "timestamp": "1769384591675", "event_type": "price_change"}}
{"_local_timestamp": "2026-01-25T23:43:11.742937+00:00", "data": {"market": "0x77803bf3f3509539554e06435dbdc94c5eabc4dca7987e83107a03c219a096ea", "price_changes": [{"asset_id": "63622031353163045380628937939245765822316020463669745174764928168440562978096", "price": "0.7", "size": "66.66", "side": "BUY", "hash": "e199d73e7e1519bcb04562b1ec92b4aaabef87bc", "best_bid": "0.7", "best_ask": "0.91"}, {"asset_id": "3325118064962209195446696339107278355695236491776717137541091468933221289357", "price": "0.3", "size": "66.66", "side": "SELL", "hash": "7ed75636d6e9fcb37c13ddd7de0dad3d0a87853d", "best_bid": "0.09", "best_ask": "0.3"}], "timestamp": "1769384591677", "event_type": "price_change"}}
{"_local_timestamp": "2026-01-25T23:43:18.775786+00:00", "data": {"market": "0x77803bf3f3509539554e06435dbdc94c5eabc4dca7987e83107a03c219a096ea", "price_changes": [{"asset_id": "63622031353163045380628937939245765822316020463669745174764928168440562978096", "price": "0.69", "size": "20", "side": "BUY", "hash": "abeda14277d7e6fab3013b4d763add7aea4cf3fd", "best_bid": "0.7", "best_ask": "0.91"}, {"asset_id": "3325118064962209195446696339107278355695236491776717137541091468933221289357", "price": "0.31", "size": "20", "side": "SELL", "hash": "adc88d62e5f874a3836f01ac9fddebb4faaf5d9f", "best_bid": "0.09", "best_ask": "0.3"}], "timestamp": "1769384598683", "event_type": "price_change"}}
{"_local_timestamp": "2026-01-25T23:43:52.447447+00:00", "data": {"market": "0x77803bf3f3509539554e06435dbdc94c5eabc4dca7987e83107a03c219a096ea", "price_changes": [{"asset_id": "63622031353163045380628937939245765822316020463669745174764928168440562978096", "price": "0.03", "size": "300", "side": "BUY", "hash": "4480975b2463fe63037207e0970c52c1e872a8ee", "best_bid": "0.7", "best_ask": "0.91"}, {"asset_id": "3325118064962209195446696339107278355695236491776717137541091468933221289357", "price": "0.97", "size": "300", "side": "SELL", "hash": "1c4b1160a5976a5d28e72d56c9d698a3a8e6be2d", "best_bid": "0.09", "best_ask": "0.3"}], "timestamp": "1769384632382", "event_type": "price_change"}}
{"_local_timestamp": "2026-01-25T23:44:35.558238+00:00", "data": {"market": "0x77803bf3f3509539554e06435dbdc94c5eabc4dca7987e83107a03c219a096ea", "price_changes": [{"asset_id": "63622031353163045380628937939245765822316020463669745174764928168440562978096", "price": "0.02", "size": "1007.39", "side": "BUY", "hash": "c60238d8a11c6de5a6a825972e3d3c40c64e2463", "best_bid": "0.7", "best_ask": "0.91"}, {"asset_id": "3325118064962209195446696339107278355695236491776717137541091468933221289357", "price": "0.98", "size": "1007.39", "side": "SELL", "hash": "90183404228d4ae4410f4f83e1173cafbfa66995", "best_bid": "0.09", "best_ask": "0.3"}], "timestamp": "1769384675484", "event_type": "price_change"}}
{"_local_timestamp": "2026-01-25T23:44:35.878511+00:00", "data": {"market": "0x77803bf3f3509539554e06435dbdc94c5eabc4dca7987e83107a03c219a096ea", "price_changes": [{"asset_id": "63622031353163045380628937939245765822316020463669745174764928168440562978096", "price": "0.03", "size": "700", "side": "BUY", "hash": "d833fdfd2e2401a24c735c793fe0e30c4daace0f", "best_bid": "0.7", "best_ask": "0.91"}, {"asset_id": "3325118064962209195446696339107278355695236491776717137541091468933221289357", "price": "0.97", "size": "700", "side": "SELL", "hash": "227a88dbb48d56cc673bce63d8f942821e566df4", "best_bid": "0.09", "best_ask": "0.3"}], "timestamp": "1769384675793", "event_type": "price_change"}}
{"_local_timestamp": "2026-01-25T23:44:48.439970+00:00", "data": {"market": "0x025e8dbab75a4ab8d57838524c61660d8385ed80608a856d7f85fe5be2c3ce82", "price_changes": [{"asset_id": "64646801358204661091649152026679678477997607545079265541240545041704334470547", "price": "0.18", "size": "0", "side": "BUY", "hash": "165e6144237344c41cf73ed75c0dade91cd19cae", "best_bid": "0.7", "best_ask": "0.81"}, {"asset_id": "101104375766855018042682388200888555709757264855320393775369778689286293968067", "price": "0.82", "size": "0", "side": "SELL", "hash": "6671b1696c8be98de7a480bd225c2ed370fde0e6", "best_bid": "0.19", "best_ask": "0.3"}], "timestamp": "1769384688376", "event_type": "price_change"}}
{"_local_timestamp": "2026-01-25T23:44:48.979295+00:00", "data": {"market": "0x025e8dbab75a4ab8d57838524c61660d8385ed80608a856d7f85fe5be2c3ce82", "price_changes": [{"asset_id": "64646801358204661091649152026679678477997607545079265541240545041704334470547", "price": "0.18", "size": "5", "side": "BUY", "hash": "b2c64e1c400aae3f70a6ebbae9bd0ccad4c7f8f5", "best_bid": "0.7", "best_ask": "0.81"}, {"asset_id": "101104375766855018042682388200888555709757264855320393775369778689286293968067", "price": "0.82", "size": "5", "side": "SELL", "hash": "c1def8e20ea36aae037d43fb44e65321c3c137ce", "best_bid": "0.19", "best_ask": "0.3"}], "timestamp": "1769384688911", "event_type": "price_change"}}
{"_local_timestamp": "2026-01-25T23:45:57.283230+00:00", "data": {"market": "0x77803bf3f3509539554e06435dbdc94c5eabc4dca7987e83107a03c219a096ea", "price_changes": [{"asset_id": "63622031353163045380628937939245765822316020463669745174764928168440562978096", "price": "0.7", "size": "0", "side": "BUY", "hash": "8231d3eae18f6818233341cd5616f852e393eecf", "best_bid": "0.69", "best_ask": "0.91"}, {"asset_id": "3325118064962209195446696339107278355695236491776717137541091468933221289357", "price": "0.3", "size": "0", "side": "SELL", "hash": "796fdd63f8c6115222a6bb64791d949466007403", "best_bid": "0.09", "best_ask": "0.31"}], "timestamp": "1769384756932", "event_type": "price_change"}}
{"_local_timestamp": "2026-01-25T23:45:57.283905+00:00", "data": {"market": "0x77803bf3f3509539554e06435dbdc94c5eabc4dca7987e83107a03c219a096ea", "price_changes": [{"asset_id": "63622031353163045380628937939245765822316020463669745174764928168440562978096", "price": "0.35", "size": "0", "side": "BUY", "hash": "8231d3eae18f6818233341cd5616f852e393eecf", "best_bid": "0.69", "best_ask": "0.91"}, {"asset_id": "3325118064962209195446696339107278355695236491776717137541091468933221289357", "price": "0.65", "size": "0", "side": "SELL", "hash": "796fdd63f8c6115222a6bb64791d949466007403", "best_bid": "0.09", "best_ask": "0.31"}], "timestamp": "1769384756932", "event_type": "price_change"}}
{"_local_timestamp": "2026-01-25T23:45:57.284332+00:00", "data": {"market": "0x77803bf3f3509539554e06435dbdc94c5eabc4dca7987e83107a03c219a096ea", "price_changes": [{"asset_id": "63622031353163045380628937939245765822316020463669745174764928168440562978096", "price": "0.01", "size": "5808.14", "side": "BUY", "hash": "8231d3eae18f6818233341cd5616f852e393eecf", "best_bid": "0.69", "best_ask": "0.91"}, {"asset_id": "3325118064962209195446696339107278355695236491776717137541091468933221289357", "price": "0.99", "size": "5808.14", "side": "SELL", "hash": "796fdd63f8c6115222a6bb64791d949466007403", "best_bid": "0.09", "best_ask": "0.31"}], "timestamp": "1769384756932", "event_type": "price_change"}}
{"_local_timestamp": "2026-01-25T23:45:57.421167+00:00", "data": {"market": "0x77803bf3f3509539554e06435dbdc94c5eabc4dca7987e83107a03c219a096ea", "price_changes": [{"asset_id": "63622031353163045380628937939245765822316020463669745174764928168440562978096", "price": "0.01", "size": "5908.14", "side": "BUY", "hash": "4c502837c2b80f3b40108109306214ad61224a2b", "best_bid": "0.69", "best_ask": "0.91"}, {"asset_id": "3325118064962209195446696339107278355695236491776717137541091468933221289357", "price": "0.99", "size": "5908.14", "side": "SELL", "hash": "24ef0daefcd4ea39eb5bf44360fe311d5b51addd", "best_bid": "0.09", "best_ask": "0.31"}], "timestamp": "1769384757300", "event_type": "price_change"}}
{"_local_timestamp": "2026-01-25T23:45:57.427448+00:00", "data": {"market": "0x77803bf3f3509539554e06435dbdc94c5eabc4dca7987e83107a03c219a096ea", "price_changes": [{"asset_id": "63622031353163045380628937939245765822316020463669745174764928168440562978096", "price": "0.35", "size": "100", "side": "BUY", "hash": "c9e353c08253cfc1c2a5eb8f2b5914d7a11256c2", "best_bid": "0.69", "best_ask": "0.91"}, {"asset_id": "3325118064962209195446696339107278355695236491776717137541091468933221289357", "price": "0.65", "size": "100", "side": "SELL", "hash": "edaad9f1b371ffaaa510ff9cecad560856de5f51", "best_bid": "0.09", "best_ask": "0.31"}], "timestamp": "1769384757305", "event_type": "price_change"}}
{"_local_timestamp": "2026-01-25T23:46:01.148568+00:00", "data": {"market": "0x025e8dbab75a4ab8d57838524c61660d8385ed80608a856d7f85fe5be2c3ce82", "price_changes": [{"asset_id": "64646801358204661091649152026679678477997607545079265541240545041704334470547", "price": "0.18", "size": "0", "side": "BUY", "hash": "9752a41f13af9139540d0d97e51256c71464e2be", "best_bid": "0.7", "best_ask": "0.81"}, {"asset_id": "101104375766855018042682388200888555709757264855320393775369778689286293968067", "price": "0.82", "size": "0", "side": "SELL", "hash": "ef5b3d5ca5881ce58ab3977d4822083d9b6e47c7", "best_bid": "0.19", "best_ask": "0.3"}], "timestamp": "1769384761081", "event_type": "price_change"}}
{"_local_timestamp": "2026-01-25T23:46:01.573020+00:00", "data": {"market": "0x025e8dbab75a4ab8d57838524c61660d8385ed80608a856d7f85fe5be2c3ce82", "price_changes": [{"asset_id": "64646801358204661091649152026679678477997607545079265541240545041704334470547", "price": "0.18", "size": "5", "side": "BUY", "hash": "e7166564566c275ff574f82dfe2c008959eb8719", "best_bid": "0.7", "best_ask": "0.81"}, {"asset_id": "101104375766855018042682388200888555709757264855320393775369778689286293968067", "price": "0.82", "size": "5", "side": "SELL", "hash": "1121912e19d1f7dcd65cbd4c8d4b0d5969a431e5", "best_bid": "0.19", "best_ask": "0.3"}], "timestamp": "1769384761504", "event_type": "price_change"}}
{"_local_timestamp": "2026-01-25T23:46:11.659313+00:00", "data": {"market": "0x77803bf3f3509539554e06435dbdc94c5eabc4dca7987e83107a03c219a096ea", "price_changes": [{"asset_id": "63622031353163045380628937939245765822316020463669745174764928168440562978096", "price": "0.05", "size": "130", "side": "BUY", "hash": "58e0eea55666b4317ed88ba4774beac7158aa27c", "best_bid": "0.69", "best_ask": "0.91"}, {"asset_id": "3325118064962209195446696339107278355695236491776717137541091468933221289357", "price": "0.95", "size": "130", "side": "SELL", "hash": "339f56f7f05af37f95a0ad4ff607ad2e0a199feb", "best_bid": "0.09", "best_ask": "0.31"}], "timestamp": "1769384771579", "event_type": "price_change"}}
{"_local_timestamp": "2026-01-25T23:46:16.907120+00:00", "data": {"market": "0x77803bf3f3509539554e06435dbdc94c5eabc4dca7987e83107a03c219a096ea", "price_changes": [{"asset_id": "63622031353163045380628937939245765822316020463669745174764928168440562978096", "price": "0.03", "size": "300", "side": "BUY", "hash": "39d91770a5dff07c035aac043c955ffc29c150ae", "best_bid": "0.69", "best_ask": "0.91"}, {"asset_id": "3325118064962209195446696339107278355695236491776717137541091468933221289357", "price": "0.97", "size": "300", "side": "SELL", "hash": "1de772ca904f3499e0d6c77666e310c41a5ad72a", "best_bid": "0.09", "best_ask": "0.31"}], "timestamp": "1769384776840", "event_type": "price_change"}}
{"_local_timestamp": "2026-01-25T23:46:17.393295+00:00", "data": {"market": "0x77803bf3f3509539554e06435dbdc94c5eabc4dca7987e83107a03c219a096ea", "price_changes": [{"asset_id": "63622031353163045380628937939245765822316020463669745174764928168440562978096", "price": "0.02", "size": "1407.39", "side": "BUY", "hash": "957f6ed5e1274899fd977d0f01d66775c7d31b8a", "best_bid": "0.69", "best_ask": "0.91"}, {"asset_id": "3325118064962209195446696339107278355695236491776717137541091468933221289357", "price": "0.98", "size": "1407.39", "side": "SELL", "hash": "24204856e150913eb3ca4c1e84eb8aba5b136381", "best_bid": "0.09", "best_ask": "0.31"}], "timestamp": "1769384777313", "event_type": "price_change"}}
{"_local_timestamp": "2026-01-25T23:46:58.884794+00:00", "data": {"market": "0x77803bf3f3509539554e06435dbdc94c5eabc4dca7987e83107a03c219a096ea", "price_changes": [{"asset_id": "63622031353163045380628937939245765822316020463669745174764928168440562978096", "price": "0.02", "size": "2207.39", "side": "BUY", "hash": "dc9d8dd9db4dab44e242deab77dc430d4f10a3e1", "best_bid": "0.69", "best_ask": "0.91"}, {"asset_id": "3325118064962209195446696339107278355695236491776717137541091468933221289357", "price": "0.98", "size": "2207.39", "side": "SELL", "hash": "573f894f59943bbb8eb757038056794bd84eaa19", "best_bid": "0.09", "best_ask": "0.31"}], "timestamp": "1769384818717", "event_type": "price_change"}}
{"_local_timestamp": "2026-01-25T23:46:59.012393+00:00", "data": {"market": "0x77803bf3f3509539554e06435dbdc94c5eabc4dca7987e83107a03c219a096ea", "price_changes": [{"asset_id": "63622031353163045380628937939245765822316020463669745174764928168440562978096", "price": "0.16", "size": "0", "side": "BUY", "hash": "351abd2e29d0fca2514583ad6672f4d0f1dc1e40", "best_bid": "0.69", "best_ask": "0.91"}, {"asset_id": "3325118064962209195446696339107278355695236491776717137541091468933221289357", "price": "0.84", "size": "0", "side": "SELL", "hash": "91aa717224b39a95f31b9ab2219f2aa9824fa284", "best_bid": "0.09", "best_ask": "0.31"}], "timestamp": "1769384818850", "event_type": "price_change"}}
{"_local_timestamp": "2026-01-25T23:46:59.012882+00:00", "data": {"market": "0x77803bf3f3509539554e06435dbdc94c5eabc4dca7987e83107a03c219a096ea", "price_changes": [{"asset_id": "63622031353163045380628937939245765822316020463669745174764928168440562978096", "price": "0.21", "size": "0", "side": "BUY", "hash": "351abd2e29d0fca2514583ad6672f4d0f1dc1e40", "best_bid": "0.69", "best_ask": "0.91"}, {"asset_id": "3325118064962209195446696339107278355695236491776717137541091468933221289357", "price": "0.79", "size": "0", "side": "SELL", "hash": "91aa717224b39a95f31b9ab2219f2aa9824fa284", "best_bid": "0.09", "best_ask": "0.31"}], "timestamp": "1769384818850", "event_type": "price_change"}}
{"_local_timestamp": "2026-01-25T23:46:59.013343+00:00", "data": {"market": "0x77803bf3f3509539554e06435dbdc94c5eabc4dca7987e83107a03c219a096ea", "price_changes": [{"asset_id": "63622031353163045380628937939245765822316020463669745174764928168440562978096", "price": "0.26", "size": "0", "side": "BUY", "hash": "351abd2e29d0fca2514583ad6672f4d0f1dc1e40", "best_bid": "0.69", "best_ask": "0.91"}, {"asset_id": "3325118064962209195446696339107278355695236491776717137541091468933221289357", "price": "0.74", "size": "0", "side": "SELL", "hash": "91aa717224b39a95f31b9ab2219f2aa9824fa284", "best_bid": "0.09", "best_ask": "0.31"}], "timestamp": "1769384818850", "event_type": "price_change"}}
{"_local_timestamp": "2026-01-25T23:47:05.537392+00:00", "data": {"market": "0x025e8dbab75a4ab8d57838524c61660d8385ed80608a856d7f85fe5be2c3ce82", "price_changes": [{"asset_id": "64646801358204661091649152026679678477997607545079265541240545041704334470547", "price": "0.18", "size": "0", "side": "BUY", "hash": "015e80dc80bd9b8adedf941e5eef41a98e7d8678", "best_bid": "0.7", "best_ask": "0.81"}, {"asset_id": "101104375766855018042682388200888555709757264855320393775369778689286293968067", "price": "0.82", "size": "0", "side": "SELL", "hash": "193a715c5554af8e31ac066ea8eb51d79aec7815", "best_bid": "0.19", "best_ask": "0.3"}], "timestamp": "1769384825397", "event_type": "price_change"}}
{"_local_timestamp": "2026-01-25T23:47:05.833905+00:00", "data": {"market": "0x025e8dbab75a4ab8d57838524c61660d8385ed80608a856d7f85fe5be2c3ce82", "price_changes": [{"asset_id": "64646801358204661091649152026679678477997607545079265541240545041704334470547", "price": "0.18", "size": "5", "side": "BUY", "hash": "9eafebab0ba0c4613e2eb0a248551ac1fecc04d9", "best_bid": "0.7", "best_ask": "0.81"}, {"asset_id": "101104375766855018042682388200888555709757264855320393775369778689286293968067", "price": "0.82", "size": "5", "side": "SELL", "hash": "63aa57e7f49e30b35648b76fac2bb5fee88b458b", "best_bid": "0.19", "best_ask": "0.3"}], "timestamp": "1769384825708", "event_type": "price_change"}}
{"_local_timestamp": "2026-01-25T23:47:23.237973+00:00", "data": {"market": "0x77803bf3f3509539554e06435dbdc94c5eabc4dca7987e83107a03c219a096ea", "price_changes": [{"asset_id": "63622031353163045380628937939245765822316020463669745174764928168440562978096", "price": "0.01", "size": "4908.14", "side": "BUY", "hash": "f16a0971d030ffeda1af54d620dcbd5619c6416a", "best_bid": "0.69", "best_ask": "0.91"}, {"asset_id": "3325118064962209195446696339107278355695236491776717137541091468933221289357", "price": "0.99", "size": "4908.14", "side": "SELL", "hash": "b4899cd9bd845fa5c1ab7c051c22c480a66e99dc", "best_bid": "0.09", "best_ask": "0.31"}], "timestamp": "1769384843051", "event_type": "price_change"}}
{"_local_timestamp": "2026-01-25T23:47:23.375654+00:00", "data": {"market": "0x77803bf3f3509539554e06435dbdc94c5eabc4dca7987e83107a03c219a096ea", "price_changes": [{"asset_id": "63622031353163045380628937939245765822316020463669745174764928168440562978096", "price": "0.02", "size": "1207.39", "side": "BUY", "hash": "64499cdcfc896f5573c61b688decbf1bea9220b5", "best_bid": "0.69", "best_ask": "0.91"}, {"asset_id": "3325118064962209195446696339107278355695236491776717137541091468933221289357", "price": "0.98", "size": "1207.39", "side": "SELL", "hash": "44aeb1ec30f2ecb07c3b52dd3b01917abee9010b", "best_bid": "0.09", "best_ask": "0.31"}], "timestamp": "1769384843177", "event_type": "price_change"}}
{"_local_timestamp": "2026-01-25T23:47:45.936162+00:00", "data": {"market": "0x77803bf3f3509539554e06435dbdc94c5eabc4dca7987e83107a03c219a096ea", "price_changes": [{"asset_id": "63622031353163045380628937939245765822316020463669745174764928168440562978096", "price": "0.11", "size": "275", "side": "BUY", "hash": "cc17e67bcdc139f75345f7df92ab0552148a1755", "best_bid": "0.69", "best_ask": "0.91"}, {"asset_id": "3325118064962209195446696339107278355695236491776717137541091468933221289357", "price": "0.89", "size": "275", "side": "SELL", "hash": "d432b4d7403d51c825bbbbc50424edba3a2d7ca8", "best_bid": "0.09", "best_ask": "0.31"}], "timestamp": "1769384865843", "event_type": "price_change"}}
{"_local_timestamp": "2026-01-25T23:47:53.192064+00:00", "data": {"market": "0x025e8dbab75a4ab8d57838524c61660d8385ed80608a856d7f85fe5be2c3ce82", "price_changes": [{"asset_id": "64646801358204661091649152026679678477997607545079265541240545041704334470547", "price": "0.18", "size": "0", "side": "BUY", "hash": "92d89079dbd6ff0d9074af92f382c6eb47ff6228", "best_bid": "0.7", "best_ask": "0.81"}, {"asset_id": "101104375766855018042682388200888555709757264855320393775369778689286293968067", "price": "0.82", "size": "0", "side": "SELL", "hash": "e8c278f581625e324f775132616bbca685833b67", "best_bid": "0.19", "best_ask": "0.3"}], "timestamp": "1769384873121", "event_type": "price_change"}}
{"_local_timestamp": "2026-01-25T23:47:54.138011+00:00", "data": {"market": "0x025e8dbab75a4ab8d57838524c61660d8385ed80608a856d7f85fe5be2c3ce82", "price_changes": [{"asset_id": "64646801358204661091649152026679678477997607545079265541240545041704334470547", "price": "0.18", "size": "5", "side": "BUY", "hash": "ec289cb61d4202183a66aa3177cde62b064732ef", "best_bid": "0.7", "best_ask": "0.81"}, {"asset_id": "101104375766855018042682388200888555709757264855320393775369778689286293968067", "price": "0.82", "size": "5", "side": "SELL", "hash": "f17fa8220fa1d89fc09a3b035998de83c0a581e5", "best_bid": "0.19", "best_ask": "0.3"}], "timestamp": "1769384874050", "event_type": "price_change"}}
{"_local_timestamp": "2026-01-25T23:48:02.534986+00:00", "data": {"market": "0x77803bf3f3509539554e06435dbdc94c5eabc4dca7987e83107a03c219a096ea", "price_changes": [{"asset_id": "63622031353163045380628937939245765822316020463669745174764928168440562978096", "price": "0.02", "size": "807.39", "side": "BUY", "hash": "1672a3879c58b201b1f86081117c37756f8ce9bf", "best_bid": "0.69", "best_ask": "0.91"}, {"asset_id": "3325118064962209195446696339107278355695236491776717137541091468933221289357", "price": "0.98", "size": "807.39", "side": "SELL", "hash": "faf994709d5d6847a0a005bce0b976241cce5df1", "best_bid": "0.09", "best_ask": "0.31"}], "timestamp": "1769384882446", "event_type": "price_change"}}
{"_local_timestamp": "2026-01-25T23:48:26.106384+00:00", "data": {"market": "0x77803bf3f3509539554e06435dbdc94c5eabc4dca7987e83107a03c219a096ea", "price_changes": [{"asset_id": "63622031353163045380628937939245765822316020463669745174764928168440562978096", "price": "0.02", "size": "7.39", "side": "BUY", "hash": "0fb0451580537e05c43f7fb2b0ca99400408102d", "best_bid": "0.69", "best_ask": "0.91"}, {"asset_id": "3325118064962209195446696339107278355695236491776717137541091468933221289357", "price": "0.98", "size": "7.39", "side": "SELL", "hash": "dab0cbf99b436bc4b2c3a7ac397747da98059b0d", "best_bid": "0.09", "best_ask": "0.31"}], "timestamp": "1769384906014", "event_type": "price_change"}}
{"_local_timestamp": "2026-01-25T23:48:26.357106+00:00", "data": {"market": "0x77803bf3f3509539554e06435dbdc94c5eabc4dca7987e83107a03c219a096ea", "price_changes": [{"asset_id": "63622031353163045380628937939245765822316020463669745174764928168440562978096", "price": "0.04", "size": "1105.37", "side": "BUY", "hash": "f584a2bc0249829f69400c3d0f7728380eb01858", "best_bid": "0.69", "best_ask": "0.91"}, {"asset_id": "3325118064962209195446696339107278355695236491776717137541091468933221289357", "price": "0.96", "size": "1105.37", "side": "SELL", "hash": "613b167829e0b74fb3ff761087e567ed8165662d", "best_bid": "0.09", "best_ask": "0.31"}], "timestamp": "1769384906291", "event_type": "price_change"}}
{"_local_timestamp": "2026-01-25T23:48:26.761781+00:00", "data": {"market": "0x77803bf3f3509539554e06435dbdc94c5eabc4dca7987e83107a03c219a096ea", "price_changes": [{"asset_id": "63622031353163045380628937939245765822316020463669745174764928168440562978096", "price": "0.69", "size": "70", "side": "BUY", "hash": "fc8159ca8d98890d30e2145f3e13115d0b933f4b", "best_bid": "0.69", "best_ask": "0.91"}, {"asset_id": "3325118064962209195446696339107278355695236491776717137541091468933221289357", "price": "0.31", "size": "70", "side": "SELL", "hash": "4238fe6ad71ff27e72da289fc38eeb5113b62f96", "best_bid": "0.09", "best_ask": "0.31"}], "timestamp": "1769384906697", "event_type": "price_change"}}
{"_local_timestamp": "2026-01-25T23:48:26.762227+00:00", "data": {"market": "0x77803bf3f3509539554e06435dbdc94c5eabc4dca7987e83107a03c219a096ea", "price_changes": [{"asset_id": "63622031353163045380628937939245765822316020463669745174764928168440562978096", "price": "0.37", "size": "200", "side": "BUY", "hash": "186324c8e61b973cf10810f111a6de6b41396cca", "best_bid": "0.69", "best_ask": "0.91"}, {"asset_id": "3325118064962209195446696339107278355695236491776717137541091468933221289357", "price": "0.63", "size": "200", "side": "SELL", "hash": "f2e25b56b69d8e36662c678d862046c3015f44ce", "best_bid": "0.09", "best_ask": "0.31"}], "timestamp": "1769384906699", "event_type": "price_change"}}
{"_local_timestamp": "2026-01-25T23:48:27.616113+00:00", "data": {"market": "0x77803bf3f3509539554e06435dbdc94c5eabc4dca7987e83107a03c219a096ea", "price_changes": [{"asset_id": "63622031353163045380628937939245765822316020463669745174764928168440562978096", "price": "0.36", "size": "5", "side": "BUY", "hash": "1ff08ec386fa0cb7d2158a6692fdd9260bb06cb1", "best_bid": "0.69", "best_ask": "0.91"}, {"asset_id": "3325118064962209195446696339107278355695236491776717137541091468933221289357", "price": "0.64", "size": "5", "side": "SELL", "hash": "fc300d06b1fe943414fdcf5a97d1f73e676ac6a5", "best_bid": "0.09", "best_ask": "0.31"}], "timestamp": "1769384907540", "event_type": "price_change"}}
{"_local_timestamp": "2026-01-25T23:48:27.649064+00:00", "data": {"market": "0x77803bf3f3509539554e06435dbdc94c5eabc4dca7987e83107a03c219a096ea", "price_changes": [{"asset_id": "63622031353163045380628937939245765822316020463669745174764928168440562978096", "price": "0.38", "size": "20", "side": "BUY", "hash": "30cca4025b37175872980105b24d183ab319cf18", "best_bid": "0.69", "best_ask": "0.91"}, {"asset_id": "3325118064962209195446696339107278355695236491776717137541091468933221289357", "price": "0.62", "size": "20", "side": "SELL", "hash": "08c7d7f602ee17ddb264af221e3f39bd0f650894", "best_bid": "0.09", "best_ask": "0.31"}], "timestamp": "1769384907569", "event_type": "price_change"}}
{"_local_timestamp": "2026-01-25T23:48:34.113529+00:00", "data": {"market": "0x77803bf3f3509539554e06435dbdc94c5eabc4dca7987e83107a03c219a096ea", "price_changes": [{"asset_id": "63622031353163045380628937939245765822316020463669745174764928168440562978096", "price": "0.35", "size": "0", "side": "BUY", "hash": "41e25ca8654e54cdcd7234c9b11b858a1f6a0c93", "best_bid": "0.69", "best_ask": "0.91"}, {"asset_id": "3325118064962209195446696339107278355695236491776717137541091468933221289357", "price": "0.65", "size": "0", "side": "SELL", "hash": "0eeccc5f4889c3945de9b93d187c6b5cc4e6b647", "best_bid": "0.09", "best_ask": "0.31"}], "timestamp": "1769384914009", "event_type": "price_change"}}
{"_local_timestamp": "2026-01-25T23:48:34.114370+00:00", "data": {"market": "0x77803bf3f3509539554e06435dbdc94c5eabc4dca7987e83107a03c219a096ea", "price_changes": [{"asset_id": "63622031353163045380628937939245765822316020463669745174764928168440562978096", "price": "0.01", "size": "4808.14", "side": "BUY", "hash": "41e25ca8654e54cdcd7234c9b11b858a1f6a0c93", "best_bid": "0.69", "best_ask": "0.91"}, {"asset_id": "3325118064962209195446696339107278355695236491776717137541091468933221289357", "price": "0.99", "size": "4808.14", "side": "SELL", "hash": "0eeccc5f4889c3945de9b93d187c6b5cc4e6b647", "best_bid": "0.09", "best_ask": "0.31"}], "timestamp": "1769384914009", "event_type": "price_change"}}
{"_local_timestamp": "2026-01-25T23:48:34.523230+00:00", "data": {"market": "0x77803bf3f3509539554e06435dbdc94c5eabc4dca7987e83107a03c219a096ea", "price_changes": [{"asset_id": "63622031353163045380628937939245765822316020463669745174764928168440562978096", "price": "0.35", "size": "66.66", "side": "BUY", "hash": "3a1fd8ec94de6424cfa29099172225f12572d38f", "best_bid": "0.69", "best_ask": "0.91"}, {"asset_id": "3325118064962209195446696339107278355695236491776717137541091468933221289357", "price": "0.65", "size": "66.66", "side": "SELL", "hash": "cf996d14777647587f508d3b5b91b296fb942da9", "best_bid": "0.09", "best_ask": "0.31"}], "timestamp": "1769384914439", "event_type": "price_change"}}
{"_local_timestamp": "2026-01-25T23:48:34.533906+00:00", "data": {"market": "0x77803bf3f3509539554e06435dbdc94c5eabc4dca7987e83107a03c219a096ea", "price_changes": [{"asset_id": "63622031353163045380628937939245765822316020463669745174764928168440562978096", "price": "0.01", "size": "4874.8", "side": "BUY", "hash": "f6cb44b125625b0fb81435ea98a4125c132af002", "best_bid": "0.69", "best_ask": "0.91"}, {"asset_id": "3325118064962209195446696339107278355695236491776717137541091468933221289357", "price": "0.99", "size": "4874.8", "side": "SELL", "hash": "33a0744dd4d3d62109d74c05416c657bf7ee0938", "best_bid": "0.09", "best_ask": "0.31"}], "timestamp": "1769384914452", "event_type": "price_change"}}
{"_local_timestamp": "2026-01-25T23:48:34.544405+00:00", "data": {"market": "0x77803bf3f3509539554e06435dbdc94c5eabc4dca7987e83107a03c219a096ea", "price_changes": [{"asset_id": "63622031353163045380628937939245765822316020463669745174764928168440562978096", "price": "0.7", "size": "66.66", "side": "BUY", "hash": "d451ab636022f5b771cfad3d745b33b2f251a008", "best_bid": "0.7", "best_ask": "0.91"}, {"asset_id": "3325118064962209195446696339107278355695236491776717137541091468933221289357", "price": "0.3", "size": "66.66", "side": "SELL", "hash": "c4fd55f50d960e3e98cf639f0f27a3bc4649f723", "best_bid": "0.09", "best_ask": "0.3"}], "timestamp": "1769384914467", "event_type": "price_change"}}
{"_local_timestamp": "2026-01-25T23:48:34.747395+00:00", "data": {"market": "0x025e8dbab75a4ab8d57838524c61660d8385ed80608a856d7f85fe5be2c3ce82", "price_changes": [{"asset_id": "64646801358204661091649152026679678477997607545079265541240545041704334470547", "price": "0.18", "size": "0", "side": "BUY", "hash": "d31a7867a9bc62756b532e0625bf4d2deeb1e67c", "best_bid": "0.7", "best_ask": "0.81"}, {"asset_id": "101104375766855018042682388200888555709757264855320393775369778689286293968067", "price": "0.82", "size": "0", "side": "SELL", "hash": "b00895aface2006fc38b8f81d34d83554e651c4c", "best_bid": "0.19", "best_ask": "0.3"}], "timestamp": "1769384914666", "event_type": "price_change"}}
{"_local_timestamp": "2026-01-25T23:48:35.181733+00:00", "data": {"market": "0x025e8dbab75a4ab8d57838524c61660d8385ed80608a856d7f85fe5be2c3ce82", "price_changes": [{"asset_id": "64646801358204661091649152026679678477997607545079265541240545041704334470547", "price": "0.18", "size": "5", "side": "BUY", "hash": "421c2d1cdd1bddbee11e38ce2eade67e87694b24", "best_bid": "0.7", "best_ask": "0.81"}, {"asset_id": "101104375766855018042682388200888555709757264855320393775369778689286293968067", "price": "0.82", "size": "5", "side": "SELL", "hash": "4dc3345c176dc07d35a80f9dbb2bbaab605146c0", "best_bid": "0.19", "best_ask": "0.3"}], "timestamp": "1769384915103", "event_type": "price_change"}}
{"_local_timestamp": "2026-01-25T23:48:50.783536+00:00", "data": {"market": "0x77803bf3f3509539554e06435dbdc94c5eabc4dca7987e83107a03c219a096ea", "price_changes": [{"asset_id": "63622031353163045380628937939245765822316020463669745174764928168440562978096", "price": "0.69", "size": "20", "side": "BUY", "hash": "61309cfe357a966b214910ce0eb4d232f52ec09e", "best_bid": "0.7", "best_ask": "0.91"}, {"asset_id": "3325118064962209195446696339107278355695236491776717137541091468933221289357", "price": "0.31", "size": "20", "side": "SELL", "hash": "2d25c6c4928e72b8ff446c08bb07b60978fa7b88", "best_bid": "0.09", "best_ask": "0.3"}], "timestamp": "1769384930712", "event_type": "price_change"}}
{"_local_timestamp": "2026-01-25T23:48:50.784034+00:00", "data": {"market": "0x77803bf3f3509539554e06435dbdc94c5eabc4dca7987e83107a03c219a096ea", "price_changes": [{"asset_id": "63622031353163045380628937939245765822316020463669745174764928168440562978096", "price": "0.37", "size": "0", "side": "BUY", "hash": "61309cfe357a966b214910ce0eb4d232f52ec09e", "best_bid": "0.7", "best_ask": "0.91"}, {"asset_id": "3325118064962209195446696339107278355695236491776717137541091468933221289357", "price": "0.63", "size": "0", "side": "SELL", "hash": "2d25c6c4928e72b8ff446c08bb07b60978fa7b88", "best_bid": "0.09", "best_ask": "0.3"}], "timestamp": "1769384930712", "event_type": "price_change"}}
{"_local_timestamp": "2026-01-25T23:48:52.102125+00:00", "data": {"market": "0x77803bf3f3509539554e06435dbdc94c5eabc4dca7987e83107a03c219a096ea", "price_changes": [{"asset_id": "63622031353163045380628937939245765822316020463669745174764928168440562978096", "price": "0.38", "size": "0", "side": "BUY", "hash": "2c9948d1a993b234fc18f5e1f6fd492f1a2e53bc", "best_bid": "0.7", "best_ask": "0.91"}, {"asset_id": "3325118064962209195446696339107278355695236491776717137541091468933221289357", "price": "0.62", "size": "0", "side": "SELL", "hash": "9d343b1ade3a5604181d6a83044aa9029ed9b33b", "best_bid": "0.09", "best_ask": "0.3"}], "timestamp": "1769384932027", "event_type": "price_change"}}
{"_local_timestamp": "2026-01-25T23:48:52.122644+00:00", "data": {"market": "0x77803bf3f3509539554e06435dbdc94c5eabc4dca7987e83107a03c219a096ea", "price_changes": [{"asset_id": "63622031353163045380628937939245765822316020463669745174764928168440562978096", "price": "0.36", "size": "25", "side": "BUY", "hash": "8f6005a9fc651d9f3632d06495afc7cccef3cdc7", "best_bid": "0.7", "best_ask": "0.91"}, {"asset_id": "3325118064962209195446696339107278355695236491776717137541091468933221289357", "price": "0.64", "size": "25", "side": "SELL", "hash": "baeab8f96d1dc42d03d75bb39fd246c6ab4a00d4", "best_bid": "0.09", "best_ask": "0.3"}], "timestamp": "1769384932054", "event_type": "price_change"}}
{"_local_timestamp": "2026-01-25T23:48:57.075488+00:00", "data": {"market": "0x025e8dbab75a4ab8d57838524c61660d8385ed80608a856d7f85fe5be2c3ce82", "price_changes": [{"asset_id": "101104375766855018042682388200888555709757264855320393775369778689286293968067", "price": "0.08", "size": "0", "side": "BUY", "hash": "b33df9425e2d95c462c620d4ea59a49f13723be8", "best_bid": "0.19", "best_ask": "0.3"}, {"asset_id": "64646801358204661091649152026679678477997607545079265541240545041704334470547", "price": "0.92", "size": "0", "side": "SELL", "hash": "9de4c63e973912f4d83c77bfcda0617281dc844f", "best_bid": "0.7", "best_ask": "0.81"}], "timestamp": "1769384937001", "event_type": "price_change"}}
{"_local_timestamp": "2026-01-25T23:48:57.892052+00:00", "data": {"market": "0x025e8dbab75a4ab8d57838524c61660d8385ed80608a856d7f85fe5be2c3ce82", "price_changes": [{"asset_id": "101104375766855018042682388200888555709757264855320393775369778689286293968067", "price": "0.08", "size": "20", "side": "BUY", "hash": "72ce9de71f086cbae601760f68c086b622998d21", "best_bid": "0.19", "best_ask": "0.3"}, {"asset_id": "64646801358204661091649152026679678477997607545079265541240545041704334470547", "price": "0.92", "size": "20", "side": "SELL", "hash": "3a6cd049607f39f02eaf196318d07fa5c7979008", "best_bid": "0.7", "best_ask": "0.81"}], "timestamp": "1769384937826", "event_type": "price_change"}}
