{"_local_timestamp": "2026-01-25T23:33:34.289504+00:00", "data": [{"market": "0x00d0e1da6e7e4dc781a84ecc8abd52830a652c0a3a870da7eef8ab4045ef09f1", "asset_id": "101066027929666724330809450129369780201710900404568820614623389604871233097024", "timestamp": "1769384013547", "hash": "fb6e12cbdda6472995659f5f6b64d31b16d8e1f7", "bids": [{"price": "0.01", "size": "6500"}, {"price": "0.02", "size": "6315.5"}, {"price": "0.03", "size": "200"}, {"price": "0.04", "size": "922.25"}, {"price": "0.06", "size": "566.66"}, {"price": "0.08", "size": "400"}, {"price": "0.1", "size": "558.95"}, {"price": "0.11", "size": "592.07"}, {"price": "0.12", "size": "216.66"}, {"price": "0.13", "size": "50"}, {"price": "0.14", "size": "171.42"}, {"price": "0.16", "size": "344.04"}, {"price": "0.24", "size": "54.16"}, {"price": "0.25", "size": "66.66"}, {"price": "0.26", "size": "42.3"}, {"price": "0.28", "size": "116.97"}, {"price": "0.31", "size": "66.66"}, {"price": "0.32", "size": "100"}], "asks": [{"price": "0.99", "size": "9514.96"}, {"price": "0.98", "size": "5250"}, {"price": "0.97", "size": "200"}, {"price": "0.96", "size": "756.79"}, {"price": "0.92", "size": "4750"}, {"price": "0.9", "size": "250"}, {"price": "0.89", "size": "1459.25"}, {"price": "0.88", "size": "4150"}, {"price": "0.84", "size": "37.15"}, {"price": "0.83", "size": "11"}, {"price": "0.81", "size": "650"}, {"price": "0.78", "size": "110"}, {"price": "0.74", "size": "100"}, {"price": "0.73", "size": "200"}, {"price": "0.72", "size": "16.97"}, {"price": "0.7", "size": "16.97"}, {"price": "0.63", "size": "14.7"}, {"price": "0.55", "size": "900.33"}, {"price": "0.52", "size": "677.08"}, {"price": "0.5", "size": "403.16"}, {"price": "0.49", "size": "11.64"}, {"price": "0.41", "size": "89.55"}, {"price": "0.4", "size": "63.33"}, {"price": "0.39", "size": "130"}], "event_type": "book", "last_trade_price": "0.600"}, {"market": "0x00d0e1da6e7e4dc781a84ecc8abd52830a652c0a3a870da7eef8ab4045ef09f1", "asset_id": "90310663610228569004344605376967586741522007794861385272228303981255357813672", "timestamp": "1769384013547", "hash": "4d84a6ccc3623d2dff0a58d4705ba7310d4b8d74", "bids": [{"price": "0.01", "size": "9514.96"}, {"price": "0.02", "size": "5250"}, {"price": "0.03", "size": "200"}, {"price": "0.04", "size": "756.79"}, {"price": "0.08", "size": "4750"}, {"price": "0.1", "size": "250"}, {"price": "0.11", "size": "1459.25"}, {"price": "0.12", "size": "4150"}, {"price": "0.16", "size": "37.15"}, {"price": "0.17", "size": "11"}, {"price": "0.19", "size": "650"}, {"price": "0.22", "size": "110"}, {"price": "0.26", "size": "100"}, {"price": "0.27", "size": "200"}, {"price": "0.28", "size": "16.97"}, {"price": "0.3", "size": "16.97"}, {"price": "0.37", "size": "14.7"}, {"price": "0.45", "size": "900.33"}, {"price": "0.48", "size": "677.08"}, {"price": "0.5", "size": "403.16"}, {"price": "0.51", "size": "11.64"}, {"price": "0.59", "size": "89.55"}, {"price": "0.6", "size": "63.33"}, {"price": "0.61", "size": "130"}], "asks": [{"price": "0.99", "size": "6500"}, {"price": "0.98", "size": "6315.5"}, {"price": "0.97", "size": "200"}, {"price": "0.96", "size": "922.25"}, {"price": "0.94", "size": "566.66"}, {"price": "0.92", "size": "400"}, {"price": "0.9", "size": "558.95"}, {"price": "0.89", "size": "592.07"}, {"price": "0.88", "size": "216.66"}, {"price": "0.87", "size": "50"}, {"price": "0.86", "size": "171.42"}, {"price": "0.84", "size": "344.04"}, {"price": "0.76", "size": "54.16"}, {"price": "0.75", "size": "66.66"}, {"price": "0.74", "size": "42.3"}, {"price": "0.72", "size": "116.97"}, {"price": "0.69", "size": "66.66"}, {"price": "0.68", "size": "100"}], "event_type": "book", "last_trade_price": "0.600"}]}
{"_local_timestamp": "2026-01-25T23:33:40.342033+00:00", "data": {"market": "0x00d0e1da6e7e4dc781a84ecc8abd52830a652c0a3a870da7eef8ab4045ef09f1", "price_changes": [{"asset_id": "90310663610228569004344605376967586741522007794861385272228303981255357813672", "price": "0.26", "size": "50", "side": "BUY", "hash": "1f111f4afd109cadc53f3a1d6c664aafac67649c", "best_bid": "0.61", "best_ask": "0.68"}, {"asset_id": "101066027929666724330809450129369780201710900404568820614623389604871233097024", "price": "0.74", "size": "50", "side": "SELL", "hash": "f664cd631c8173b4ef64799f0a3a765642041d23", "best_bid": "0.32", "best_ask": "0.39"}], "timestamp": "1769384020105", "event_type": "price_change"}}
{"_local_timestamp": "2026-01-25T23:33:40.688446+00:00", "data": {"market": "0x00d0e1da6e7e4dc781a84ecc8abd52830a652c0a3a870da7eef8ab4045ef09f1", "price_changes": [{"asset_id": "90310663610228569004344605376967586741522007794861385272228303981255357813672", "price": "0.27", "size": "250", "side": "BUY", "hash": "e6f332c99254ae40dffc861218dfab5110f0fc59", "best_bid": "0.61", "best_ask": "0.68"}, {"asset_id": "101066027929666724330809450129369780201710900404568820614623389604871233097024", "price": "0.73", "size": "250", "side": "SELL", "hash": "459c3cf88097f670a4b0fc3aea509563080d85f5", "best_bid": "0.32", "best_ask": "0.39"}], "timestamp": "1769384020532", "event_type": "price_change"}}
{"_local_timestamp": "2026-01-25T23:33:49.139647+00:00", "data": {"market": "0x00d0e1da6e7e4dc781a84ecc8abd52830a652c0a3a870da7eef8ab4045ef09f1", "price_changes": [{"asset_id": "101066027929666724330809450129369780201710900404568820614623389604871233097024", "price": "0.04", "size": "905.77", "side": "BUY", "hash": "368062832a8f68d4033e2978d9c8a3b8c996e955", "best_bid": "0.32", "best_ask": "0.39"}, {"asset_id": "90310663610228569004344605376967586741522007794861385272228303981255357813672", "price": "0.96", "size": "905.77", "side": "SELL", "hash": "cfe5adb443241784212e54f51331141e83521504", "best_bid": "0.61", "best_ask": "0.68"}], "timestamp": "1769384029066", "event_type": "price_change"}}
{"_local_timestamp": "2026-01-25T23:33:49.434558+00:00", "data": {"market": "0x00d0e1da6e7e4dc781a84ecc8abd52830a652c0a3a870da7eef8ab4045ef09f1", "price_changes": [{"asset_id": "101066027929666724330809450129369780201710900404568820614623389604871233097024", "price": "0.09", "size": "7.32", "side": "BUY", "hash": "2bd7eeecced1dfae8e738978f54c2eaa37d29c02", "best_bid": "0.32", "best_ask": "0.39"}, {"asset_id": "90310663610228569004344605376967586741522007794861385272228303981255357813672", "price": "0.91", "size": "7.32", "side": "SELL", "hash": "c9c2f017f407bd801c5be56b81d18c9e5fedd17f", "best_bid": "0.61", "best_ask": "0.68"}], "timestamp": "1769384029367", "event_type": "price_change"}}
{"_local_timestamp": "2026-01-25T23:33:56.375668+00:00", "data": {"market": "0x00d0e1da6e7e4dc781a84ecc8abd52830a652c0a3a870da7eef8ab4045ef09f1", "price_changes": [{"asset_id": "90310663610228569004344605376967586741522007794861385272228303981255357813672", "price": "0.6", "size": "0", "side": "BUY", "hash": "599cfcd684918c538eac85fefac7bd86ae6c4971", "best_bid": "0.61", "best_ask": "0.68"}, {"asset_id": "101066027929666724330809450129369780201710900404568820614623389604871233097024", "price": "0.4", "size": "0", "side": "SELL", "hash": "68f5df57d887e8153eca342e9ffb7f472cd34ce4", "best_bid": "0.32", "best_ask": "0.39"}], "timestamp": "1769384036304", "event_type": "price_change"}}
{"_local_timestamp": "2026-01-25T23:33:57.558574+00:00", "data": {"market": "0x00d0e1da6e7e4dc781a84ecc8abd52830a652c0a3a870da7eef8ab4045ef09f1", "price_changes": [{"asset_id": "90310663610228569004344605376967586741522007794861385272228303981255357813672", "price": "0.51", "size": "41.64", "side": "BUY", "hash": "14a5e29999fa1774ce2f0f066c2b21b1b3e180d1", "best_bid": "0.61", "best_ask": "0.68"}, {"asset_id": "101066027929666724330809450129369780201710900404568820614623389604871233097024", "price": "0.49", "size": "41.64", "side": "SELL", "hash": "02339dcad706e6562970e92a1793ca043db10966", "best_bid": "0.32", "best_ask": "0.39"}], "timestamp": "1769384037494", "event_type": "price_change"}}
{"_local_timestamp": "2026-01-25T23:33:57.858575+00:00", "data": {"market": "0x00d0e1da6e7e4dc781a84ecc8abd52830a652c0a3a870da7eef8ab4045ef09f1", "price_changes": [{"asset_id": "90310663610228569004344605376967586741522007794861385272228303981255357813672", "price": "0.61", "size": "100", "side": "BUY", "hash": "cf09ff699077c4c9495af0f276124bad387e1e4a", "best_bid": "0.61", "best_ask": "0.68"}, {"asset_id": "101066027929666724330809450129369780201710900404568820614623389604871233097024", "price": "0.39", "size": "100", "side": "SELL", "hash": "b39b6a7916877514506f879c4248331d5a639532", "best_bid": "0.32", "best_ask": "0.39"}], "timestamp": "1769384037780", "event_type": "price_change"}}
{"_local_timestamp": "2026-01-25T23:33:57.921235+00:00", "data": {"market": "0x00d0e1da6e7e4dc781a84ecc8abd52830a652c0a3a870da7eef8ab4045ef09f1", "price_changes": [{"asset_id": "90310663610228569004344605376967586741522007794861385272228303981255357813672", "price": "0.61", "size": "0", "side": "BUY", "hash": "d84fd9b97b5667587fc651570215ece2c408f6c4", "best_bid": "0.59", "best_ask": "0.68"}, {"asset_id": "101066027929666724330809450129369780201710900404568820614623389604871233097024", "price": "0.39", "size": "0", "side": "SELL", "hash": "ad0c1bc0559e50ab658f25b3fa8e083288865564", "best_bid": "0.32", "best_ask": "0.41"}], "timestamp": "1769384037848", "event_type": "price_change"}}
{"_local_timestamp": "2026-01-25T23:33:58.681928+00:00", "data": {"market": "0x00d0e1da6e7e4dc781a84ecc8abd52830a652c0a3a870da7eef8ab4045ef09f1", "price_changes": [{"asset_id": "90310663610228569004344605376967586741522007794861385272228303981255357813672", "price": "0.51", "size": "141.64", "side": "BUY", "hash": "153adcde6c3393477a060127a19dabc36823e5d3", "best_bid": "0.59", "best_ask": "0.68"}, {"asset_id": "101066027929666724330809450129369780201710900404568820614623389604871233097024", "price": "0.49", "size": "141.64", "side": "SELL", "hash": "c7d838cbb30e34fee4a99bb877c4271dcd7d34f5", "best_bid": "0.32", "best_ask": "0.41"}], "timestamp": "1769384038608", "event_type": "price_change"}}
{"_local_timestamp": "2026-01-25T23:34:02.547866+00:00", "data": {"market": "0x00d0e1da6e7e4dc781a84ecc8abd52830a652c0a3a870da7eef8ab4045ef09f1", "price_changes": [{"asset_id": "90310663610228569004344605376967586741522007794861385272228303981255357813672", "price": "0.51", "size": "41.64", "side": "BUY", "hash": "3b35540151489e693299f44395733063b6c0b034", "best_bid": "0.59", "best_ask": "0.68"}, {"asset_id": "101066027929666724330809450129369780201710900404568820614623389604871233097024", "price": "0.49", "size": "41.64", "side": "SELL", "hash": "b872517e08bac657a22b7e0a2d432d7dd3208847", "best_bid": "0.32", "best_ask": "0.41"}], "timestamp": "1769384042405", "event_type": "price_change"}}
{"_local_timestamp": "2026-01-25T23:34:03.244172+00:00", "data": {"market": "0x00d0e1da6e7e4dc781a84ecc8abd52830a652c0a3a870da7eef8ab4045ef09f1", "price_changes": [{"asset_id": "90310663610228569004344605376967586741522007794861385272228303981255357813672", "price": "0.52", "size": "100", "side": "BUY", "hash": "6b2e0ee79b3e3d469ab6fd82e26467c14e576729", "best_bid": "0.59", "best_ask": "0.68"}, {"asset_id": "101066027929666724330809450129369780201710900404568820614623389604871233097024", "price": "0.48", "size": "100", "side": "SELL", "hash": "e68804763b7e34f7a0cd61e430105837234dc09b", "best_bid": "0.32", "best_ask": "0.41"}], "timestamp": "1769384043170", "event_type": "price_change"}}
{"_local_timestamp": "2026-01-25T23:34:09.649941+00:00", "data": {"market": "0x00d0e1da6e7e4dc781a84ecc8abd52830a652c0a3a870da7eef8ab4045ef09f1", "price_changes": [{"asset_id": "90310663610228569004344605376967586741522007794861385272228303981255357813672", "price": "0.53", "size": "30", "side": "BUY", "hash": "91cb0ba26167ac4d0e372091bc0fc831ee3bec4d", "best_bid": "0.59", "best_ask": "0.68"}, {"asset_id": "101066027929666724330809450129369780201710900404568820614623389604871233097024", "price": "0.47", "size": "30", "side": "SELL", "hash": "728ce23728205a0c3e4610704d35ac810d3bd635", "best_bid": "0.32", "best_ask": "0.41"}], "timestamp": "1769384049583", "event_type": "price_change"}}
{"_local_timestamp": "2026-01-25T23:34:09.943444+00:00", "data": {"market": "0x00d0e1da6e7e4dc781a84ecc8abd52830a652c0a3a870da7eef8ab4045ef09f1", "price_changes": [{"asset_id": "90310663610228569004344605376967586741522007794861385272228303981255357813672", "price": "0.51", "size": "11.64", "side": "BUY", "hash": "fef755c6f6b9ef7a728fa756b7620c164d3cad78", "best_bid": "0.59", "best_ask": "0.68"}, {"asset_id": "101066027929666724330809450129369780201710900404568820614623389604871233097024", "price": "0.49", "size": "11.64", "side": "SELL", "hash": "ee400850adc8729744fb8a343ca335fdf7d10b48", "best_bid": "0.32", "best_ask": "0.41"}], "timestamp": "1769384049868", "event_type": "price_change"}}
{"_local_timestamp": "2026-01-25T23:34:11.383258+00:00", "data": {"market": "0x00d0e1da6e7e4dc781a84ecc8abd52830a652c0a3a870da7eef8ab4045ef09f1", "price_changes": [{"asset_id": "90310663610228569004344605376967586741522007794861385272228303981255357813672", "price": "0.52", "size": "0", "side": "BUY", "hash": "da068ccbf824f465b6857c5f7e4eeb6d44467edd", "best_bid": "0.59", "best_ask": "0.68"}, {"asset_id": "101066027929666724330809450129369780201710900404568820614623389604871233097024", "price": "0.48", "size": "0", "side": "SELL", "hash": "d8037bfdbe35c9eb6ac4f298b347bf63a93fa2b4", "best_bid": "0.32", "best_ask": "0.41"}], "timestamp": "1769384051313", "event_type": "price_change"}}
{"_local_timestamp": "2026-01-25T23:34:12.097392+00:00", "data": {"market": "0x00d0e1da6e7e4dc781a84ecc8abd52830a652c0a3a870da7eef8ab4045ef09f1", "price_changes": [{"asset_id": "90310663610228569004344605376967586741522007794861385272228303981255357813672", "price": "0.51", "size": "111.64", "side": "BUY", "hash": "5d533fc837272126dea53cfb722d9eb9f984133e", "best_bid": "0.59", "best_ask": "0.68"}, {"asset_id": "101066027929666724330809450129369780201710900404568820614623389604871233097024", "price": "0.49", "size": "111.64", "side": "SELL", "hash": "ab911ef9191b829738ee90aa1703c489004a9e31", "best_bid": "0.32", "best_ask": "0.41"}], "timestamp": "1769384052026", "event_type": "price_change"}}
{"_local_timestamp": "2026-01-25T23:34:15.724364+00:00", "data": {"market": "0x00d0e1da6e7e4dc781a84ecc8abd52830a652c0a3a870da7eef8ab4045ef09f1", "price_changes": [{"asset_id": "90310663610228569004344605376967586741522007794861385272228303981255357813672", "price": "0.52", "size": "30", "side": "BUY", "hash": "75125a82b9874d32e29587c0a718582785d3199c", "best_bid": "0.59", "best_ask": "0.68"}, {"asset_id": "101066027929666724330809450129369780201710900404568820614623389604871233097024", "price": "0.48", "size": "30", "side": "SELL", "hash": "acac051792857c1d650c65bc04dce324fef18976", "best_bid": "0.32", "best_ask": "0.41"}], "timestamp": "1769384055649", "event_type": "price_change"}}
{"_local_timestamp": "2026-01-25T23:34:16.006233+00:00", "data": {"market": "0x00d0e1da6e7e4dc781a84ecc8abd52830a652c0a3a870da7eef8ab4045ef09f1", "price_changes": [{"asset_id": "90310663610228569004344605376967586741522007794861385272228303981255357813672", "price": "0.53", "size": "0", "side": "BUY", "hash": "36cb71dcec3bba2f37f1e77ea80c796fb04a730e", "best_bid": "0.59", "best_ask": "0.68"}, {"asset_id": "101066027929666724330809450129369780201710900404568820614623389604871233097024", "price": "0.47", "size": "0", "side": "SELL", "hash": "30424220118c571eafe37a16c11811dd3cd73ee0", "best_bid": "0.32", "best_ask": "0.41"}], "timestamp": "1769384055938", "event_type": "price_change"}}
{"_local_timestamp": "2026-01-25T23:34:43.646738+00:00", "data": {"market": "0x00d0e1da6e7e4dc781a84ecc8abd52830a652c0a3a870da7eef8ab4045ef09f1", "price_changes": [{"asset_id": "90310663610228569004344605376967586741522007794861385272228303981255357813672", "price": "0.22", "size": "10", "side": "BUY", "hash": "d658a2e59cf85034b2f015f74f2e0980a3e6704b", "best_bid": "0.59", "best_ask": "0.68"}, {"asset_id": "101066027929666724330809450129369780201710900404568820614623389604871233097024", "price": "0.78", "size": "10", "side": "SELL", "hash": "ebce80a6febb24ffd5602e4492bf120e76eda2a7", "best_bid": "0.32", "best_ask": "0.41"}], "timestamp": "1769384083548", "event_type": "price_change"}}
{"_local_timestamp": "2026-01-25T23:34:43.869678+00:00", "data": {"market": "0x00d0e1da6e7e4dc781a84ecc8abd52830a652c0a3a870da7eef8ab4045ef09f1", "price_changes": [{"asset_id": "90310663610228569004344605376967586741522007794861385272228303981255357813672", "price": "0.21", "size": "100", "side": "BUY", "hash": "39936ea456f5d3e4ad54bb114aee26ef2579410f", "best_bid": "0.59", "best_ask": "0.68"}, {"asset_id": "101066027929666724330809450129369780201710900404568820614623389604871233097024", "price": "0.79", "size": "100", "side": "SELL", "hash": "66be589c97b2a4af47bb9badd64b2c719f7ff862", "best_bid": "0.32", "best_ask": "0.41"}], "timestamp": "1769384083798", "event_type": "price_change"}}
{"_local_timestamp": "2026-01-25T23:35:00.046868+00:00", "data": {"market": "0x00d0e1da6e7e4dc781a84ecc8abd52830a652c0a3a870da7eef8ab4045ef09f1", "price_changes": [{"asset_id": "101066027929666724330809450129369780201710900404568820614623389604871233097024", "price": "0.01", "size": "7500", "side": "BUY", "hash": "f4390a2f6502d80500afe1c257a151df3b1287a1", "best_bid": "0.32", "best_ask": "0.41"}, {"asset_id": "90310663610228569004344605376967586741522007794861385272228303981255357813672", "price": "0.99", "size": "7500", "side": "SELL", "hash": "4eae10539e2983debb60f4b1f3a9154b05447b64", "best_bid": "0.59", "best_ask": "0.68"}], "timestamp": "1769384099970", "event_type": "price_change"}}
{"_local_timestamp": "2026-01-25T23:35:01.773238+00:00", "data": {"market": "0x00d0e1da6e7e4dc781a84ecc8abd52830a652c0a3a870da7eef8ab4045ef09f1", "price_changes": [{"asset_id": "90310663610228569004344605376967586741522007794861385272228303981255357813672", "price": "0.58", "size": "65.51", "side": "BUY", "hash": "4740226f9a3a2b56dfc8a3ea2ba86f6d4711b65a", "best_bid": "0.59", "best_ask": "0.68"}, {"asset_id": "101066027929666724330809450129369780201710900404568820614623389604871233097024", "price": "0.42", "size": "65.51", "side": "SELL", "hash": "cb82cdae4f99afffc0c003965c913934310f62da", "best_bid": "0.32", "best_ask": "0.41"}], "timestamp": "1769384101655", "event_type": "price_change"}}
{"_local_timestamp": "2026-01-25T23:35:04.593399+00:00", "data": {"market": "0x00d0e1da6e7e4dc781a84ecc8abd52830a652c0a3a870da7eef8ab4045ef09f1", "price_changes": [{"asset_id": "90310663610228569004344605376967586741522007794861385272228303981255357813672", "price": "0.51", "size": "11.64", "side": "BUY", "hash": "87b2ce9d28b91872d3a778a1cba603de182d4183", "best_bid": "0.59", "best_ask": "0.68"}, {"asset_id": "101066027929666724330809450129369780201710900404568820614623389604871233097024", "price": "0.49", "size": "11.64", "side": "SELL", "hash": "d607e9d64a8044403164b8a7c094291cce5b7c33", "best_bid": "0.32", "best_ask": "0.41"}], "timestamp": "1769384104437", "event_type": "price_change"}}
{"_local_timestamp": "2026-01-25T23:35:04.972419+00:00", "data": {"market": "0x00d0e1da6e7e4dc781a84ecc8abd52830a652c0a3a870da7eef8ab4045ef09f1", "price_changes": [{"asset_id": "90310663610228569004344605376967586741522007794861385272228303981255357813672", "price": "0.6", "size": "30", "side": "BUY", "hash": "0c28dae72bea8edc6e7a0d4dca30611a3cb1bf59", "best_bid": "0.6", "best_ask": "0.68"}, {"asset_id": "101066027929666724330809450129369780201710900404568820614623389604871233097024", "price": "0.4", "size": "30", "side": "SELL", "hash": "f4c2bd485eb333dc10e4f71e1942df1b7a0d889f", "best_bid": "0.32", "best_ask": "0.4"}], "timestamp": "1769384104816", "event_type": "price_change"}}
{"_local_timestamp": "2026-01-25T23:35:05.204709+00:00", "data": {"market": "0x00d0e1da6e7e4dc781a84ecc8abd52830a652c0a3a870da7eef8ab4045ef09f1", "price_changes": [{"asset_id": "90310663610228569004344605376967586741522007794861385272228303981255357813672", "price": "0.6", "size": "130", "side": "BUY", "hash": "d4bb17c18bf1fb27a92334b5e97a53744eed6698", "best_bid": "0.6", "best_ask": "0.68"}, {"asset_id": "101066027929666724330809450129369780201710900404568820614623389604871233097024", "price": "0.4", "size": "130", "side": "SELL", "hash": "1c2d33609a6b644faa09bbf4e30d5cada740114d", "best_bid": "0.32", "best_ask": "0.4"}], "timestamp": "1769384105050", "event_type": "price_change"}}
{"_local_timestamp": "2026-01-25T23:35:05.388466+00:00", "data": {"market": "0x00d0e1da6e7e4dc781a84ecc8abd52830a652c0a3a870da7eef8ab4045ef09f1", "price_changes": [{"asset_id": "90310663610228569004344605376967586741522007794861385272228303981255357813672", "price": "0.52", "size": "0", "side": "BUY", "hash": "4d95c97c2aff3a370d250b58a6f82f6488a17faa", "best_bid": "0.6", "best_ask": "0.68"}, {"asset_id": "101066027929666724330809450129369780201710900404568820614623389604871233097024", "price": "0.48", "size": "0", "side": "SELL", "hash": "481706ebc82139261265f06a0351483c21cfc47b", "best_bid": "0.32", "best_ask": "0.4"}], "timestamp": "1769384105241", "event_type": "price_change"}}
{"_local_timestamp": "2026-01-25T23:35:14.021950+00:00", "data": {"market": "0x00d0e1da6e7e4dc781a84ecc8abd52830a652c0a3a870da7eef8ab4045ef09f1", "price_changes": [{"asset_id": "90310663610228569004344605376967586741522007794861385272228303981255357813672", "price": "0.59", "size": "77.91", "side": "BUY", "hash": "1dcb5eed2daa19932c5b8d77f8106bd1f87f8896", "best_bid": "0.6", "best_ask": "0.68"}, {"asset_id": "101066027929666724330809450129369780201710900404568820614623389604871233097024", "price": "0.41", "size": "77.91", "side": "SELL", "hash": "7e109c30c575b6b7bf981fc94166adb0774f6977", "best_bid": "0.32", "best_ask": "0.4"}], "timestamp": "1769384113820", "event_type": "price_change"}}
{"_local_timestamp": "2026-01-25T23:35:14.022526+00:00", "data": {"market": "0x00d0e1da6e7e4dc781a84ecc8abd52830a652c0a3a870da7eef8ab4045ef09f1", "price_changes": [{"asset_id": "90310663610228569004344605376967586741522007794861385272228303981255357813672", "price": "0.51", "size": "0", "side": "BUY", "hash": "1dcb5eed2daa19932c5b8d77f8106bd1f87f8896", "best_bid": "0.6", "best_ask": "0.68"}, {"asset_id": "101066027929666724330809450129369780201710900404568820614623389604871233097024", "price": "0.49", "size": "0", "side": "SELL", "hash": "7e109c30c575b6b7bf981fc94166adb0774f6977", "best_bid": "0.32", "best_ask": "0.4"}], "timestamp": "1769384113820", "event_type": "price_change"}}
{"_local_timestamp": "2026-01-25T23:35:14.026838+00:00", "data": {"market": "0x00d0e1da6e7e4dc781a84ecc8abd52830a652c0a3a870da7eef8ab4045ef09f1", "price_changes": [{"asset_id": "101066027929666724330809450129369780201710900404568820614623389604871233097024", "price": "0.31", "size": "0", "side": "BUY", "hash": "44a666424496ef7bf5905406b9957c7706680fef", "best_bid": "0.32", "best_ask": "0.4"}, {"asset_id": "90310663610228569004344605376967586741522007794861385272228303981255357813672", "price": "0.69", "size": "0", "side": "SELL", "hash": "ec29102ca60dfcaaa561dfe6efbe24cb2eaefd2e", "best_bid": "0.6", "best_ask": "0.68"}], "timestamp": "1769384113821", "event_type": "price_change"}}
{"_local_timestamp": "2026-01-25T23:35:14.027265+00:00", "data": {"market": "0x00d0e1da6e7e4dc781a84ecc8abd52830a652c0a3a870da7eef8ab4045ef09f1", "price_changes": [{"asset_id": "101066027929666724330809450129369780201710900404568820614623389604871233097024", "price": "0.28", "size": "50.31", "side": "BUY", "hash": "44a666424496ef7bf5905406b9957c7706680fef", "best_bid": "0.32", "best_ask": "0.4"}, {"asset_id": "90310663610228569004344605376967586741522007794861385272228303981255357813672", "price": "0.72", "size": "50.31", "side": "SELL", "hash": "ec29102ca60dfcaaa561dfe6efbe24cb2eaefd2e", "best_bid": "0.6", "best_ask": "0.68"}], "timestamp": "1769384113821", "event_type": "price_change"}}
{"_local_timestamp": "2026-01-25T23:35:14.027627+00:00", "data": {"market": "0x00d0e1da6e7e4dc781a84ecc8abd52830a652c0a3a870da7eef8ab4045ef09f1", "price_changes": [{"asset_id": "101066027929666724330809450129369780201710900404568820614623389604871233097024", "price": "0.25", "size": "0", "side": "BUY", "hash": "44a666424496ef7bf5905406b9957c7706680fef", "best_bid": "0.32", "best_ask": "0.4"}, {"asset_id": "90310663610228569004344605376967586741522007794861385272228303981255357813672", "price": "0.75", "size": "0", "side": "SELL", "hash": "ec29102ca60dfcaaa561dfe6efbe24cb2eaefd2e", "best_bid": "0.6", "best_ask": "0.68"}], "timestamp": "1769384113821", "event_type": "price_change"}}
{"_local_timestamp": "2026-01-25T23:35:14.809452+00:00", "data": {"market": "0x00d0e1da6e7e4dc781a84ecc8abd52830a652c0a3a870da7eef8ab4045ef09f1", "price_changes": [{"asset_id": "90310663610228569004344605376967586741522007794861385272228303981255357813672", "price": "0.61", "size": "7.76", "side": "BUY", "hash": "bb35ce87aec7b9b4ffc607781555048f5d98e7d5", "best_bid": "0.61", "best_ask": "0.68"}, {"asset_id": "101066027929666724330809450129369780201710900404568820614623389604871233097024", "price": "0.39", "size": "7.76", "side": "SELL", "hash": "d1ad5dce3780c59eba5fa9bdea2f56851d217895", "best_bid": "0.32", "best_ask": "0.39"}], "timestamp": "1769384114605", "event_type": "price_change"}}
{"_local_timestamp": "2026-01-25T23:35:14.847258+00:00", "data": {"market": "0x00d0e1da6e7e4dc781a84ecc8abd52830a652c0a3a870da7eef8ab4045ef09f1", "price_changes": [{"asset_id": "101066027929666724330809450129369780201710900404568820614623389604871233097024", "price": "0.25", "size": "100", "side": "BUY", "hash": "eea5680954edfdcafa48e5eabfb1796ad80ac448", "best_bid": "0.32", "best_ask": "0.39"}, {"asset_id": "90310663610228569004344605376967586741522007794861385272228303981255357813672", "price": "0.75", "size": "100", "side": "SELL", "hash": "cf4c0da5761e28a9cbec0d9a2e71600f08ef0bba", "best_bid": "0.61", "best_ask": "0.68"}], "timestamp": "1769384114653", "event_type": "price_change"}}
{"_local_timestamp": "2026-01-25T23:35:14.923846+00:00", "data": {"market": "0x00d0e1da6e7e4dc781a84ecc8abd52830a652c0a3a870da7eef8ab4045ef09f1", "price_changes": [{"asset_id": "90310663610228569004344605376967586741522007794861385272228303981255357813672", "price": "0.51", "size": "7.76", "side": "BUY", "hash": "db4e7b1a2cac0a14dcc7740666f53073f2732262", "best_bid": "0.61", "best_ask": "0.68"}, {"asset_id": "101066027929666724330809450129369780201710900404568820614623389604871233097024", "price": "0.49", "size": "7.76", "side": "SELL", "hash": "7c721a4fde4705176024c805c1d8cdab5b0325e4", "best_bid": "0.32", "best_ask": "0.39"}], "timestamp": "1769384114729", "event_type": "price_change"}}
{"_local_timestamp": "2026-01-25T23:35:14.924353+00:00", "data": {"market": "0x00d0e1da6e7e4dc781a84ecc8abd52830a652c0a3a870da7eef8ab4045ef09f1", "price_changes": [{"asset_id": "101066027929666724330809450129369780201710900404568820614623389604871233097024", "price": "0.17", "size": "100", "side": "BUY", "hash": "6d83ee39c9c0d49a02831e82984574e49d56b222", "best_bid": "0.32", "best_ask": "0.39"}, {"asset_id": "90310663610228569004344605376967586741522007794861385272228303981255357813672", "price": "0.83", "size": "100", "side": "SELL", "hash": "5799bc334a7d68c540ce02c4c0f93852159fc0c9", "best_bid": "0.61", "best_ask": "0.68"}], "timestamp": "1769384114731", "event_type": "price_change"}}
{"_local_timestamp": "2026-01-25T23:35:14.962076+00:00", "data": {"market": "0x00d0e1da6e7e4dc781a84ecc8abd52830a652c0a3a870da7eef8ab4045ef09f1", "price_changes": [{"asset_id": "90310663610228569004344605376967586741522007794861385272228303981255357813672", "price": "0.56", "size": "7.76", "side": "BUY", "hash": "c70be0789bbb0a172a85acf9a29de326b6381f65", "best_bid": "0.61", "best_ask": "0.68"}, {"asset_id": "101066027929666724330809450129369780201710900404568820614623389604871233097024", "price": "0.44", "size": "7.76", "side": "SELL", "hash": "036560649851dc3fe654e1bf457d75ad29ef00a6", "best_bid": "0.32", "best_ask": "0.39"}], "timestamp": "1769384114766", "event_type": "price_change"}}
{"_local_timestamp": "2026-01-25T23:35:15.375561+00:00", "data": {"market": "0x00d0e1da6e7e4dc781a84ecc8abd52830a652c0a3a870da7eef8ab4045ef09f1", "price_changes": [{"asset_id": "90310663610228569004344605376967586741522007794861385272228303981255357813672", "price": "0.6", "size": "137.69", "side": "BUY", "hash": "8a5b16db9bb46e712d5cabd85c4751b7a0db7fa8", "best_bid": "0.61", "best_ask": "0.68"}, {"asset_id": "101066027929666724330809450129369780201710900404568820614623389604871233097024", "price": "0.4", "size": "137.69", "side": "SELL", "hash": "510a0e0b77412dc0f7bef5c4d46cae753354aeec", "best_bid": "0.32", "best_ask": "0.39"}], "timestamp": "1769384115143", "event_type": "price_change"}}
{"_local_timestamp": "2026-01-25T23:35:17.525519+00:00", "data": {"market": "0x00d0e1da6e7e4dc781a84ecc8abd52830a652c0a3a870da7eef8ab4045ef09f1", "price_changes": [{"asset_id": "90310663610228569004344605376967586741522007794861385272228303981255357813672", "price": "0.6", "size": "37.69", "side": "BUY", "hash": "c35bae8a88b023182aa6a9ad26b53a3d18005637", "best_bid": "0.61", "best_ask": "0.68"}, {"asset_id": "101066027929666724330809450129369780201710900404568820614623389604871233097024", "price": "0.4", "size": "37.69", "side": "SELL", "hash": "42f91868866def11efb23417c99cf9eea9da332a", "best_bid": "0.32", "best_ask": "0.39"}], "timestamp": "1769384117310", "event_type": "price_change"}}
{"_local_timestamp": "2026-01-25T23:35:17.537771+00:00", "data": {"market": "0x00d0e1da6e7e4dc781a84ecc8abd52830a652c0a3a870da7eef8ab4045ef09f1", "price_changes": [{"asset_id": "101066027929666724330809450129369780201710900404568820614623389604871233097024", "price": "0.32", "size": "0", "side": "BUY", "hash": "191d40c703c5317bf50a5043a2b1f1f067124268", "best_bid": "0.28", "best_ask": "0.39"}, {"asset_id": "90310663610228569004344605376967586741522007794861385272228303981255357813672", "price": "0.68", "size": "0", "side": "SELL", "hash": "ab228a349e8e401c9722dd4785a810dcad52e71b", "best_bid": "0.61", "best_ask": "0.72"}], "timestamp": "1769384117319", "event_type": "price_change"}}
{"_local_timestamp": "2026-01-25T23:35:17.624996+00:00", "data": {"market": "0x00d0e1da6e7e4dc781a84ecc8abd52830a652c0a3a870da7eef8ab4045ef09f1", "price_changes": [{"asset_id": "90310663610228569004344605376967586741522007794861385272228303981255357813672", "price": "0.26", "size": "126.92", "side": "BUY", "hash": "d4339f30fa6b2ece20aa30b4b610a2038793f731", "best_bid": "0.61", "best_ask": "0.72"}, {"asset_id": "101066027929666724330809450129369780201710900404568820614623389604871233097024", "price": "0.74", "size": "126.92", "side": "SELL", "hash": "47ba7d1470d390014106054e3f3c6179be5237b8", "best_bid": "0.28", "best_ask": "0.39"}], "timestamp": "1769384117419", "event_type": "price_change"}}
{"_local_timestamp": "2026-01-25T23:35:17.663856+00:00", "data": {"market": "0x00d0e1da6e7e4dc781a84ecc8abd52830a652c0a3a870da7eef8ab4045ef09f1", "price_changes": [{"asset_id": "90310663610228569004344605376967586741522007794861385272228303981255357813672", "price": "0.23", "size": "104.34", "side": "BUY", "hash": "657d14cd0b0f505cd53a3a976ca156862ece1ef2", "best_bid": "0.61", "best_ask": "0.72"}, {"asset_id": "101066027929666724330809450129369780201710900404568820614623389604871233097024", "price": "0.77", "size": "104.34", "side": "SELL", "hash": "aaf8a2b596fb3e8470298cb32fe8514ae385723c", "best_bid": "0.28", "best_ask": "0.39"}], "timestamp": "1769384117462", "event_type": "price_change"}}
{"_local_timestamp": "2026-01-25T23:35:17.714912+00:00", "data": {"market": "0x00d0e1da6e7e4dc781a84ecc8abd52830a652c0a3a870da7eef8ab4045ef09f1", "price_changes": [{"asset_id": "90310663610228569004344605376967586741522007794861385272228303981255357813672", "price": "0.19", "size": "786.84", "side": "BUY", "hash": "4bab3a50bf96876762ea077839467d4d9b0c9c16", "best_bid": "0.61", "best_ask": "0.72"}, {"asset_id": "101066027929666724330809450129369780201710900404568820614623389604871233097024", "price": "0.81", "size": "786.84", "side": "SELL", "hash": "083b51c39615ae34117c26fa5a7ae570fb5b37a1", "best_bid": "0.28", "best_ask": "0.39"}], "timestamp": "1769384117510", "event_type": "price_change"}}
{"_local_timestamp": "2026-01-25T23:35:17.764061+00:00", "data": {"market": "0x00d0e1da6e7e4dc781a84ecc8abd52830a652c0a3a870da7eef8ab4045ef09f1", "price_changes": [{"asset_id": "90310663610228569004344605376967586741522007794861385272228303981255357813672", "price": "0.16", "size": "212.15", "side": "BUY", "hash": "b9d76cfddb562887a5f08e23ed94b749d4d11887", "best_bid": "0.61", "best_ask": "0.72"}, {"asset_id": "101066027929666724330809450129369780201710900404568820614623389604871233097024", "price": "0.84", "size": "212.15", "side": "SELL", "hash": "46df4532cc9beec635127cf62c367d0de55a619c", "best_bid": "0.28", "best_ask": "0.39"}], "timestamp": "1769384117557", "event_type": "price_change"}}
{"_local_timestamp": "2026-01-25T23:35:17.805769+00:00", "data": {"market": "0x00d0e1da6e7e4dc781a84ecc8abd52830a652c0a3a870da7eef8ab4045ef09f1", "price_changes": [{"asset_id": "90310663610228569004344605376967586741522007794861385272228303981255357813672", "price": "0.13", "size": "246.15", "side": "BUY", "hash": "d5efae6daa5df9da31e3132ff1aa055eacd014fe", "best_bid": "0.61", "best_ask": "0.72"}, {"asset_id": "101066027929666724330809450129369780201710900404568820614623389604871233097024", "price": "0.87", "size": "246.15", "side": "SELL", "hash": "171dcaee4be246d31eaa9ae0de52b4c9e4494430", "best_bid": "0.28", "best_ask": "0.39"}], "timestamp": "1769384117604", "event_type": "price_change"}}
{"_local_timestamp": "2026-01-25T23:35:17.861149+00:00", "data": {"market": "0x00d0e1da6e7e4dc781a84ecc8abd52830a652c0a3a870da7eef8ab4045ef09f1", "price_changes": [{"asset_id": "90310663610228569004344605376967586741522007794861385272228303981255357813672", "price": "0.1", "size": "590", "side": "BUY", "hash": "93c1f735c681840eef76d04e8d36f615ce29b45f", "best_bid": "0.61", "best_ask": "0.72"}, {"asset_id": "101066027929666724330809450129369780201710900404568820614623389604871233097024", "price": "0.9", "size": "590", "side": "SELL", "hash": "3e764059aa3b84da04f49ab31cc262a335a55ea6", "best_bid": "0.28", "best_ask": "0.39"}], "timestamp": "1769384117656", "event_type": "price_change"}}
{"_local_timestamp": "2026-01-25T23:35:17.919279+00:00", "data": {"market": "0x00d0e1da6e7e4dc781a84ecc8abd52830a652c0a3a870da7eef8ab4045ef09f1", "price_changes": [{"asset_id": "90310663610228569004344605376967586741522007794861385272228303981255357813672", "price": "0.06", "size": "600", "side": "BUY", "hash": "c62820f85857c862c565c0d3f8472da445c041e5", "best_bid": "0.61", "best_ask": "0.72"}, {"asset_id": "101066027929666724330809450129369780201710900404568820614623389604871233097024", "price": "0.94", "size": "600", "side": "SELL", "hash": "c8b69a4415815f469a39e83edfee0cab06d4791c", "best_bid": "0.28", "best_ask": "0.39"}], "timestamp": "1769384117701", "event_type": "price_change"}}
{"_local_timestamp": "2026-01-25T23:35:18.034119+00:00", "data": {"market": "0x00d0e1da6e7e4dc781a84ecc8abd52830a652c0a3a870da7eef8ab4045ef09f1", "price_changes": [{"asset_id": "101066027929666724330809450129369780201710900404568820614623389604871233097024", "price": "0.29", "size": "100", "side": "BUY", "hash": "53c0debf6c2c954cd712a58568665f0ee7bdd5d5", "best_bid": "0.29", "best_ask": "0.39"}, {"asset_id": "90310663610228569004344605376967586741522007794861385272228303981255357813672", "price": "0.71", "size": "100", "side": "SELL", "hash": "c0d441beddfcbcbf4846325d8b91291d2ed2f211", "best_bid": "0.61", "best_ask": "0.71"}], "timestamp": "1769384117805", "event_type": "price_change"}}
{"_local_timestamp": "2026-01-25T23:35:18.034701+00:00", "data": {"market": "0x00d0e1da6e7e4dc781a84ecc8abd52830a652c0a3a870da7eef8ab4045ef09f1", "price_changes": [{"asset_id": "90310663610228569004344605376967586741522007794861385272228303981255357813672", "price": "0.61", "size": "107.76", "side": "BUY", "hash": "76297c92dcb986a3e9841641b19ff4c941159b62", "best_bid": "0.61", "best_ask": "0.71"}, {"asset_id": "101066027929666724330809450129369780201710900404568820614623389604871233097024", "price": "0.39", "size": "107.76", "side": "SELL", "hash": "15b6294827c8ad6e4e0cb89c3354b0b3f776259a", "best_bid": "0.29", "best_ask": "0.39"}], "timestamp": "1769384117808", "event_type": "price_change"}}
{"_local_timestamp": "2026-01-25T23:35:18.215694+00:00", "data": {"market": "0x00d0e1da6e7e4dc781a84ecc8abd52830a652c0a3a870da7eef8ab4045ef09f1", "price_changes": [{"asset_id": "90310663610228569004344605376967586741522007794861385272228303981255357813672", "price": "0.72", "size": "28", "side": "SELL", "hash": "56b900546ece2c0befa8464224c8a71ddf4b9c00", "best_bid": "0.61", "best_ask": "0.71"}, {"asset_id": "101066027929666724330809450129369780201710900404568820614623389604871233097024", "price": "0.28", "size": "28", "side": "BUY", "hash": "2e823b2dcf236a892d2a0f3a2c471d817451f21b", "best_bid": "0.29", "best_ask": "0.39"}], "timestamp": "1769384117987", "event_type": "price_change"}}
{"_local_timestamp": "2026-01-25T23:35:18.252192+00:00", "data": {"market": "0x00d0e1da6e7e4dc781a84ecc8abd52830a652c0a3a870da7eef8ab4045ef09f1", "price_changes": [{"asset_id": "90310663610228569004344605376967586741522007794861385272228303981255357813672", "price": "0.74", "size": "64.61", "side": "SELL", "hash": "c0b96c7d6870ea45476133bab982978133fba4e7", "best_bid": "0.61", "best_ask": "0.71"}, {"asset_id": "101066027929666724330809450129369780201710900404568820614623389604871233097024", "price": "0.26", "size": "64.61", "side": "BUY", "hash": "7201a23489ea10db764471f0e65ab9c373115af3", "best_bid": "0.29", "best_ask": "0.39"}], "timestamp": "1769384118030", "event_type": "price_change"}}
{"_local_timestamp": "2026-01-25T23:35:18.739501+00:00", "data": {"market": "0x00d0e1da6e7e4dc781a84ecc8abd52830a652c0a3a870da7eef8ab4045ef09f1", "price_changes": [{"asset_id": "90310663610228569004344605376967586741522007794861385272228303981255357813672", "price": "0.6", "size": "30", "side": "BUY", "hash": "da82b4fb180559b4e6ab35bd922748a59e681e8d", "best_bid": "0.61", "best_ask": "0.71"}, {"asset_id": "101066027929666724330809450129369780201710900404568820614623389604871233097024", "price": "0.4", "size": "30", "side": "SELL", "hash": "6e2a7c0155ab2886be6e286a083d947739cdbcdd", "best_bid": "0.29", "best_ask": "0.39"}], "timestamp": "1769384118534", "event_type": "price_change"}}
{"_local_timestamp": "2026-01-25T23:35:18.795507+00:00", "data": {"market": "0x00d0e1da6e7e4dc781a84ecc8abd52830a652c0a3a870da7eef8ab4045ef09f1", "price_changes": [{"asset_id": "90310663610228569004344605376967586741522007794861385272228303981255357813672", "price": "0.61", "size": "115.45", "side": "BUY", "hash": "46a8356b2c146de8b5e79e03da5d68f00844e0a0", "best_bid": "0.61", "best_ask": "0.71"}, {"asset_id": "101066027929666724330809450129369780201710900404568820614623389604871233097024", "price": "0.39", "size": "115.45", "side": "SELL", "hash": "930436affe7ba28f530d3cec15d13c6813aabef1", "best_bid": "0.29", "best_ask": "0.39"}], "timestamp": "1769384118578", "event_type": "price_change"}}
{"_local_timestamp": "2026-01-25T23:35:18.971180+00:00", "data": {"market": "0x00d0e1da6e7e4dc781a84ecc8abd52830a652c0a3a870da7eef8ab4045ef09f1", "price_changes": [{"asset_id": "90310663610228569004344605376967586741522007794861385272228303981255357813672", "price": "0.62", "size": "30", "side": "BUY", "hash": "d4f8602f9eb96227683762edd0b5501254c0984a", "best_bid": "0.62", "best_ask": "0.71"}, {"asset_id": "101066027929666724330809450129369780201710900404568820614623389604871233097024", "price": "0.38", "size": "30", "side": "SELL", "hash": "8962df2b5b5097c9f36e2a1e15b75e5ebdc140f1", "best_bid": "0.29", "best_ask": "0.38"}], "timestamp": "1769384118741", "event_type": "price_change"}}
{"_local_timestamp": "2026-01-25T23:35:19.004091+00:00", "data": {"market": "0x00d0e1da6e7e4dc781a84ecc8abd52830a652c0a3a870da7eef8ab4045ef09f1", "price_changes": [{"asset_id": "101066027929666724330809450129369780201710900404568820614623389604871233097024", "price": "0.14", "size": "0", "side": "BUY", "hash": "db7e6ff895d3dbbe2df560bb753dd3e59a979fa4", "best_bid": "0.29", "best_ask": "0.38"}, {"asset_id": "90310663610228569004344605376967586741522007794861385272228303981255357813672", "price": "0.86", "size": "0", "side": "SELL", "hash": "4b1fd7220d04a42c720b353e4958c15e3a3f61e4", "best_bid": "0.62", "best_ask": "0.71"}], "timestamp": "1769384118787", "event_type": "price_change"}}
{"_local_timestamp": "2026-01-25T23:35:19.004522+00:00", "data": {"market": "0x00d0e1da6e7e4dc781a84ecc8abd52830a652c0a3a870da7eef8ab4045ef09f1", "price_changes": [{"asset_id": "101066027929666724330809450129369780201710900404568820614623389604871233097024", "price": "0.04", "size": "5.77", "side": "BUY", "hash": "db7e6ff895d3dbbe2df560bb753dd3e59a979fa4", "best_bid": "0.29", "best_ask": "0.38"}, {"asset_id": "90310663610228569004344605376967586741522007794861385272228303981255357813672", "price": "0.96", "size": "5.77", "side": "SELL", "hash": "4b1fd7220d04a42c720b353e4958c15e3a3f61e4", "best_bid": "0.62", "best_ask": "0.71"}], "timestamp": "1769384118787", "event_type": "price_change"}}
{"_local_timestamp": "2026-01-25T23:35:19.004890+00:00", "data": {"market": "0x00d0e1da6e7e4dc781a84ecc8abd52830a652c0a3a870da7eef8ab4045ef09f1", "price_changes": [{"asset_id": "101066027929666724330809450129369780201710900404568820614623389604871233097024", "price": "0.12", "size": "0", "side": "BUY", "hash": "db7e6ff895d3dbbe2df560bb753dd3e59a979fa4", "best_bid": "0.29", "best_ask": "0.38"}, {"asset_id": "90310663610228569004344605376967586741522007794861385272228303981255357813672", "price": "0.88", "size": "0", "side": "SELL", "hash": "4b1fd7220d04a42c720b353e4958c15e3a3f61e4", "best_bid": "0.62", "best_ask": "0.71"}], "timestamp": "1769384118787", "event_type": "price_change"}}
{"_local_timestamp": "2026-01-25T23:35:19.005256+00:00", "data": {"market": "0x00d0e1da6e7e4dc781a84ecc8abd52830a652c0a3a870da7eef8ab4045ef09f1", "price_changes": [{"asset_id": "101066027929666724330809450129369780201710900404568820614623389604871233097024", "price": "0.1", "size": "278.95", "side": "BUY", "hash": "db7e6ff895d3dbbe2df560bb753dd3e59a979fa4", "best_bid": "0.29", "best_ask": "0.38"}, {"asset_id": "90310663610228569004344605376967586741522007794861385272228303981255357813672", "price": "0.9", "size": "278.95", "side": "SELL", "hash": "4b1fd7220d04a42c720b353e4958c15e3a3f61e4", "best_bid": "0.62", "best_ask": "0.71"}], "timestamp": "1769384118787", "event_type": "price_change"}}
{"_local_timestamp": "2026-01-25T23:35:19.005609+00:00", "data": {"market": "0x00d0e1da6e7e4dc781a84ecc8abd52830a652c0a3a870da7eef8ab4045ef09f1", "price_changes": [{"asset_id": "101066027929666724330809450129369780201710900404568820614623389604871233097024", "price": "0.16", "size": "219.04", "side": "BUY", "hash": "db7e6ff895d3dbbe2df560bb753dd3e59a979fa4", "best_bid": "0.29", "best_ask": "0.38"}, {"asset_id": "90310663610228569004344605376967586741522007794861385272228303981255357813672", "price": "0.84", "size": "219.04", "side": "SELL", "hash": "4b1fd7220d04a42c720b353e4958c15e3a3f61e4", "best_bid": "0.62", "best_ask": "0.71"}], "timestamp": "1769384118787", "event_type": "price_change"}}
{"_local_timestamp": "2026-01-25T23:35:19.005971+00:00", "data": {"market": "0x00d0e1da6e7e4dc781a84ecc8abd52830a652c0a3a870da7eef8ab4045ef09f1", "price_changes": [{"asset_id": "101066027929666724330809450129369780201710900404568820614623389604871233097024", "price": "0.06", "size": "0", "side": "BUY", "hash": "db7e6ff895d3dbbe2df560bb753dd3e59a979fa4", "best_bid": "0.29", "best_ask": "0.38"}, {"asset_id": "90310663610228569004344605376967586741522007794861385272228303981255357813672", "price": "0.94", "size": "0", "side": "SELL", "hash": "4b1fd7220d04a42c720b353e4958c15e3a3f61e4", "best_bid": "0.62", "best_ask": "0.71"}], "timestamp": "1769384118787", "event_type": "price_change"}}
{"_local_timestamp": "2026-01-25T23:35:19.006350+00:00", "data": {"market": "0x00d0e1da6e7e4dc781a84ecc8abd52830a652c0a3a870da7eef8ab4045ef09f1", "price_changes": [{"asset_id": "101066027929666724330809450129369780201710900404568820614623389604871233097024", "price": "0.08", "size": "0", "side": "BUY", "hash": "db7e6ff895d3dbbe2df560bb753dd3e59a979fa4", "best_bid": "0.29", "best_ask": "0.38"}, {"asset_id": "90310663610228569004344605376967586741522007794861385272228303981255357813672", "price": "0.92", "size": "0", "side": "SELL", "hash": "4b1fd7220d04a42c720b353e4958c15e3a3f61e4", "best_bid": "0.62", "best_ask": "0.71"}], "timestamp": "1769384118787", "event_type": "price_change"}}
{"_local_timestamp": "2026-01-25T23:35:19.042100+00:00", "data": {"market": "0x00d0e1da6e7e4dc781a84ecc8abd52830a652c0a3a870da7eef8ab4045ef09f1", "price_changes": [{"asset_id": "90310663610228569004344605376967586741522007794861385272228303981255357813672", "price": "0.16", "size": "37.15", "side": "BUY", "hash": "0985e8a9d4e4ca1661ae41c77ad79112747595c8", "best_bid": "0.62", "best_ask": "0.71"}, {"asset_id": "101066027929666724330809450129369780201710900404568820614623389604871233097024", "price": "0.84", "size": "37.15", "side": "SELL", "hash": "ecf26a738212dedb5d26f79e09cbfcdc8465a44e", "best_bid": "0.29", "best_ask": "0.38"}], "timestamp": "1769384118822", "event_type": "price_change"}}
{"_local_timestamp": "2026-01-25T23:35:19.042665+00:00", "data": {"market": "0x00d0e1da6e7e4dc781a84ecc8abd52830a652c0a3a870da7eef8ab4045ef09f1", "price_changes": [{"asset_id": "90310663610228569004344605376967586741522007794861385272228303981255357813672", "price": "0.1", "size": "250", "side": "BUY", "hash": "0985e8a9d4e4ca1661ae41c77ad79112747595c8", "best_bid": "0.62", "best_ask": "0.71"}, {"asset_id": "101066027929666724330809450129369780201710900404568820614623389604871233097024", "price": "0.9", "size": "250", "side": "SELL", "hash": "ecf26a738212dedb5d26f79e09cbfcdc8465a44e", "best_bid": "0.29", "best_ask": "0.38"}], "timestamp": "1769384118822", "event_type": "price_change"}}
{"_local_timestamp": "2026-01-25T23:35:19.043137+00:00", "data": {"market": "0x00d0e1da6e7e4dc781a84ecc8abd52830a652c0a3a870da7eef8ab4045ef09f1", "price_changes": [{"asset_id": "90310663610228569004344605376967586741522007794861385272228303981255357813672", "price": "0.13", "size": "0", "side": "BUY", "hash": "0985e8a9d4e4ca1661ae41c77ad79112747595c8", "best_bid": "0.62", "best_ask": "0.71"}, {"asset_id": "101066027929666724330809450129369780201710900404568820614623389604871233097024", "price": "0.87", "size": "0", "side": "SELL", "hash": "ecf26a738212dedb5d26f79e09cbfcdc8465a44e", "best_bid": "0.29", "best_ask": "0.38"}], "timestamp": "1769384118822", "event_type": "price_change"}}
{"_local_timestamp": "2026-01-25T23:35:19.043548+00:00", "data": {"market": "0x00d0e1da6e7e4dc781a84ecc8abd52830a652c0a3a870da7eef8ab4045ef09f1", "price_changes": [{"asset_id": "90310663610228569004344605376967586741522007794861385272228303981255357813672", "price": "0.06", "size": "0", "side": "BUY", "hash": "0985e8a9d4e4ca1661ae41c77ad79112747595c8", "best_bid": "0.62", "best_ask": "0.71"}, {"asset_id": "101066027929666724330809450129369780201710900404568820614623389604871233097024", "price": "0.94", "size": "0", "side": "SELL", "hash": "ecf26a738212dedb5d26f79e09cbfcdc8465a44e", "best_bid": "0.29", "best_ask": "0.38"}], "timestamp": "1769384118822", "event_type": "price_change"}}
{"_local_timestamp": "2026-01-25T23:35:19.074782+00:00", "data": {"market": "0x00d0e1da6e7e4dc781a84ecc8abd52830a652c0a3a870da7eef8ab4045ef09f1", "price_changes": [{"asset_id": "90310663610228569004344605376967586741522007794861385272228303981255357813672", "price": "0.19", "size": "650", "side": "BUY", "hash": "0985e8a9d4e4ca1661ae41c77ad79112747595c8", "best_bid": "0.62", "best_ask": "0.71"}, {"asset_id": "101066027929666724330809450129369780201710900404568820614623389604871233097024", "price": "0.81", "size": "650", "side": "SELL", "hash": "ecf26a738212dedb5d26f79e09cbfcdc8465a44e", "best_bid": "0.29", "best_ask": "0.38"}], "timestamp": "1769384118822", "event_type": "price_change"}}
{"_local_timestamp": "2026-01-25T23:35:19.076389+00:00", "data": {"market": "0x00d0e1da6e7e4dc781a84ecc8abd52830a652c0a3a870da7eef8ab4045ef09f1", "price_changes": [{"asset_id": "90310663610228569004344605376967586741522007794861385272228303981255357813672", "price": "0.23", "size": "0", "side": "BUY", "hash": "0985e8a9d4e4ca1661ae41c77ad79112747595c8", "best_bid": "0.62", "best_ask": "0.71"}, {"asset_id": "101066027929666724330809450129369780201710900404568820614623389604871233097024", "price": "0.77", "size": "0", "side": "SELL", "hash": "ecf26a738212dedb5d26f79e09cbfcdc8465a44e", "best_bid": "0.29", "best_ask": "0.38"}], "timestamp": "1769384118822", "event_type": "price_change"}}
{"_local_timestamp": "2026-01-25T23:35:19.077015+00:00", "data": {"market": "0x00d0e1da6e7e4dc781a84ecc8abd52830a652c0a3a870da7eef8ab4045ef09f1", "price_changes": [{"asset_id": "90310663610228569004344605376967586741522007794861385272228303981255357813672", "price": "0.26", "size": "50", "side": "BUY", "hash": "0985e8a9d4e4ca1661ae41c77ad79112747595c8", "best_bid": "0.62", "best_ask": "0.71"}, {"asset_id": "101066027929666724330809450129369780201710900404568820614623389604871233097024", "price": "0.74", "size": "50", "side": "SELL", "hash": "ecf26a738212dedb5d26f79e09cbfcdc8465a44e", "best_bid": "0.29", "best_ask": "0.38"}], "timestamp": "1769384118822", "event_type": "price_change"}}
{"_local_timestamp": "2026-01-25T23:35:19.718234+00:00", "data": {"market": "0x00d0e1da6e7e4dc781a84ecc8abd52830a652c0a3a870da7eef8ab4045ef09f1", "price_changes": [{"asset_id": "101066027929666724330809450129369780201710900404568820614623389604871233097024", "price": "0.29", "size": "130", "side": "BUY", "hash": "1bdad47ca4bd67984b97da6b5b503ef73d217e5d", "best_bid": "0.29", "best_ask": "0.38"}, {"asset_id": "90310663610228569004344605376967586741522007794861385272228303981255357813672", "price": "0.71", "size": "130", "side": "SELL", "hash": "3c0b8857d0afc4525e39f965a53d82cc1c90c7eb", "best_bid": "0.62", "best_ask": "0.71"}], "timestamp": "1769384119515", "event_type": "price_change"}}
{"_local_timestamp": "2026-01-25T23:35:21.387544+00:00", "data": {"market": "0x00d0e1da6e7e4dc781a84ecc8abd52830a652c0a3a870da7eef8ab4045ef09f1", "price_changes": [{"asset_id": "101066027929666724330809450129369780201710900404568820614623389604871233097024", "price": "0.3", "size": "25", "side": "BUY", "hash": "29c6320dc0d71cfdd2c687d5345eaef840c9fd60", "best_bid": "0.3", "best_ask": "0.38"}, {"asset_id": "90310663610228569004344605376967586741522007794861385272228303981255357813672", "price": "0.7", "size": "25", "side": "SELL", "hash": "3c3895b9d429ebbcb2679c76bd6d9bcfc38be1a9", "best_bid": "0.62", "best_ask": "0.7"}], "timestamp": "1769384121179", "event_type": "price_change"}}
{"_local_timestamp": "2026-01-25T23:35:21.795521+00:00", "data": {"market": "0x00d0e1da6e7e4dc781a84ecc8abd52830a652c0a3a870da7eef8ab4045ef09f1", "price_changes": [{"asset_id": "101066027929666724330809450129369780201710900404568820614623389604871233097024", "price": "0.29", "size": "30", "side": "BUY", "hash": "48bb8629396ba7d2afebdccf878fc6c3d5733a87", "best_bid": "0.3", "best_ask": "0.38"}, {"asset_id": "90310663610228569004344605376967586741522007794861385272228303981255357813672", "price": "0.71", "size": "30", "side": "SELL", "hash": "48d799fbfca5b6049aa37a505f755cf7c6b03815", "best_bid": "0.62", "best_ask": "0.7"}], "timestamp": "1769384121585", "event_type": "price_change"}}
{"_local_timestamp": "2026-01-25T23:35:21.796041+00:00", "data": {"market": "0x00d0e1da6e7e4dc781a84ecc8abd52830a652c0a3a870da7eef8ab4045ef09f1", "price_changes": [{"asset_id": "90310663610228569004344605376967586741522007794861385272228303981255357813672", "price": "0.61", "size": "15.45", "side": "BUY", "hash": "d10ed94d3bd944d9f6f34c05c8f4ef6cfbd5c95c", "best_bid": "0.62", "best_ask": "0.7"}, {"asset_id": "101066027929666724330809450129369780201710900404568820614623389604871233097024", "price": "0.39", "size": "15.45", "side": "SELL", "hash": "f2f8d34fac61a23014b3609b178739f944759790", "best_bid": "0.3", "best_ask": "0.38"}], "timestamp": "1769384121585", "event_type": "price_change"}}
{"_local_timestamp": "2026-01-25T23:35:21.967727+00:00", "data": {"market": "0x00d0e1da6e7e4dc781a84ecc8abd52830a652c0a3a870da7eef8ab4045ef09f1", "price_changes": [{"asset_id": "101066027929666724330809450129369780201710900404568820614623389604871233097024", "price": "0.29", "size": "0", "side": "BUY", "hash": "cb09ac8fcea74f3ec8b93c6465f3107257e645c5", "best_bid": "0.3", "best_ask": "0.38"}, {"asset_id": "90310663610228569004344605376967586741522007794861385272228303981255357813672", "price": "0.71", "size": "0", "side": "SELL", "hash": "14ab6e11e6ccff8cccb4344452ff11b740f2bfce", "best_bid": "0.62", "best_ask": "0.7"}], "timestamp": "1769384121762", "event_type": "price_change"}}
{"_local_timestamp": "2026-01-25T23:35:22.003820+00:00", "data": {"market": "0x00d0e1da6e7e4dc781a84ecc8abd52830a652c0a3a870da7eef8ab4045ef09f1", "price_changes": [{"asset_id": "101066027929666724330809450129369780201710900404568820614623389604871233097024", "price": "0.25", "size": "130", "side": "BUY", "hash": "87e1de838e9c5d30174b860793c4b1584c5ffdbd", "best_bid": "0.3", "best_ask": "0.38"}, {"asset_id": "90310663610228569004344605376967586741522007794861385272228303981255357813672", "price": "0.75", "size": "130", "side": "SELL", "hash": "c2eec13d6e5400e8a2bf154b0321dd5a830f0f9a", "best_bid": "0.62", "best_ask": "0.7"}], "timestamp": "1769384121799", "event_type": "price_change"}}
{"_local_timestamp": "2026-01-25T23:35:22.277501+00:00", "data": {"market": "0x00d0e1da6e7e4dc781a84ecc8abd52830a652c0a3a870da7eef8ab4045ef09f1", "price_changes": [{"asset_id": "90310663610228569004344605376967586741522007794861385272228303981255357813672", "price": "0.61", "size": "7.76", "side": "BUY", "hash": "170534ed47c0b535e8b1d140e12a565b8aed922c", "best_bid": "0.62", "best_ask": "0.7"}, {"asset_id": "101066027929666724330809450129369780201710900404568820614623389604871233097024", "price": "0.39", "size": "7.76", "side": "SELL", "hash": "e969c79f9592972acf6589fa93c0c593d0c80b6b", "best_bid": "0.3", "best_ask": "0.38"}], "timestamp": "1769384122046", "event_type": "price_change"}}
{"_local_timestamp": "2026-01-25T23:35:22.328185+00:00", "data": {"market": "0x00d0e1da6e7e4dc781a84ecc8abd52830a652c0a3a870da7eef8ab4045ef09f1", "price_changes": [{"asset_id": "90310663610228569004344605376967586741522007794861385272228303981255357813672", "price": "0.59", "size": "85.6", "side": "BUY", "hash": "a5328ddc25cad842e691e1d4b916da137a87c3b9", "best_bid": "0.62", "best_ask": "0.7"}, {"asset_id": "101066027929666724330809450129369780201710900404568820614623389604871233097024", "price": "0.41", "size": "85.6", "side": "SELL", "hash": "c41527d2b33613b8c9b8c1f4d82b553cd4442a0a", "best_bid": "0.3", "best_ask": "0.38"}], "timestamp": "1769384122108", "event_type": "price_change"}}
{"_local_timestamp": "2026-01-25T23:35:22.328770+00:00", "data": {"market": "0x00d0e1da6e7e4dc781a84ecc8abd52830a652c0a3a870da7eef8ab4045ef09f1", "price_changes": [{"asset_id": "90310663610228569004344605376967586741522007794861385272228303981255357813672", "price": "0.6", "size": "130", "side": "BUY", "hash": "89b456d7c4dd49d354155d217edf998829f01416", "best_bid": "0.62", "best_ask": "0.7"}, {"asset_id": "101066027929666724330809450129369780201710900404568820614623389604871233097024", "price": "0.4", "size": "130", "side": "SELL", "hash": "54356c87a8e181b8e6ed222c28a45fefd31d3bff", "best_bid": "0.3", "best_ask": "0.38"}], "timestamp": "1769384122118", "event_type": "price_change"}}
{"_local_timestamp": "2026-01-25T23:35:22.329209+00:00", "data": {"market": "0x00d0e1da6e7e4dc781a84ecc8abd52830a652c0a3a870da7eef8ab4045ef09f1", "price_changes": [{"asset_id": "101066027929666724330809450129369780201710900404568820614623389604871233097024", "price": "0.27", "size": "100", "side": "BUY", "hash": "01ada29979c4f5ba31b17aecaf67fbdf882ca7c2", "best_bid": "0.3", "best_ask": "0.38"}, {"asset_id": "90310663610228569004344605376967586741522007794861385272228303981255357813672", "price": "0.73", "size": "100", "side": "SELL", "hash": "3149b5578b5628efee2847b8084aca4015fea881", "best_bid": "0.62", "best_ask": "0.7"}], "timestamp": "1769384122119", "event_type": "price_change"}}
{"_local_timestamp": "2026-01-25T23:35:22.949751+00:00", "data": {"market": "0x00d0e1da6e7e4dc781a84ecc8abd52830a652c0a3a870da7eef8ab4045ef09f1", "price_changes": [{"asset_id": "101066027929666724330809450129369780201710900404568820614623389604871233097024", "price": "0.25", "size": "100", "side": "BUY", "hash": "0b6928624d670ec27913d7542465d28cf1fb6418", "best_bid": "0.3", "best_ask": "0.38"}, {"asset_id": "90310663610228569004344605376967586741522007794861385272228303981255357813672", "price": "0.75", "size": "100", "side": "SELL", "hash": "130c45f6a745311cbb73024c3e65e88828d19a0b", "best_bid": "0.62", "best_ask": "0.7"}], "timestamp": "1769384122745", "event_type": "price_change"}}
{"_local_timestamp": "2026-01-25T23:35:23.029107+00:00", "data": {"market": "0x00d0e1da6e7e4dc781a84ecc8abd52830a652c0a3a870da7eef8ab4045ef09f1", "price_changes": [{"asset_id": "101066027929666724330809450129369780201710900404568820614623389604871233097024", "price": "0.27", "size": "130", "side": "BUY", "hash": "8c8e42a6fc47bff05e8173d7393f34f5453fbe72", "best_bid": "0.3", "best_ask": "0.38"}, {"asset_id": "90310663610228569004344605376967586741522007794861385272228303981255357813672", "price": "0.73", "size": "130", "side": "SELL", "hash": "95c22c2e64a61ebde569e6da8e439d3153ba54c4", "best_bid": "0.62", "best_ask": "0.7"}], "timestamp": "1769384122818", "event_type": "price_change"}}
{"_local_timestamp": "2026-01-25T23:35:23.060820+00:00", "data": {"market": "0x00d0e1da6e7e4dc781a84ecc8abd52830a652c0a3a870da7eef8ab4045ef09f1", "price_changes": [{"asset_id": "90310663610228569004344605376967586741522007794861385272228303981255357813672", "price": "0.63", "size": "30", "side": "BUY", "hash": "e2ce685ba21302a1244651ddd88b478a135a9e9a", "best_bid": "0.63", "best_ask": "0.7"}, {"asset_id": "101066027929666724330809450129369780201710900404568820614623389604871233097024", "price": "0.37", "size": "30", "side": "SELL", "hash": "ab01a872bb1831ae40ff525748bc59ee9d5af9b7", "best_bid": "0.3", "best_ask": "0.37"}], "timestamp": "1769384122852", "event_type": "price_change"}}
{"_local_timestamp": "2026-01-25T23:35:23.363808+00:00", "data": {"market": "0x00d0e1da6e7e4dc781a84ecc8abd52830a652c0a3a870da7eef8ab4045ef09f1", "price_changes": [{"asset_id": "90310663610228569004344605376967586741522007794861385272228303981255357813672", "price": "0.6", "size": "100", "side": "BUY", "hash": "240ceb74e4e4ed180cbbce4cf3890de6a79a3e1b", "best_bid": "0.63", "best_ask": "0.7"}, {"asset_id": "101066027929666724330809450129369780201710900404568820614623389604871233097024", "price": "0.4", "size": "100", "side": "SELL", "hash": "29fc5d714202e6744bffff6a9c0864eeb2c6b359", "best_bid": "0.3", "best_ask": "0.37"}], "timestamp": "1769384123161", "event_type": "price_change"}}
{"_local_timestamp": "2026-01-25T23:35:23.843724+00:00", "data": {"market": "0x00d0e1da6e7e4dc781a84ecc8abd52830a652c0a3a870da7eef8ab4045ef09f1", "price_changes": [{"asset_id": "90310663610228569004344605376967586741522007794861385272228303981255357813672", "price": "0.74", "size": "42.3", "side": "SELL", "hash": "cde0ad0f96527626a4532e45049624a4ac551721", "best_bid": "0.63", "best_ask": "0.7"}, {"asset_id": "101066027929666724330809450129369780201710900404568820614623389604871233097024", "price": "0.26", "size": "42.3", "side": "BUY", "hash": "3b211c5ef15ce06009250beb20ad1e8cdecc22ad", "best_bid": "0.3", "best_ask": "0.37"}], "timestamp": "1769384123636", "event_type": "price_change"}}
{"_local_timestamp": "2026-01-25T23:35:23.952817+00:00", "data": {"market": "0x00d0e1da6e7e4dc781a84ecc8abd52830a652c0a3a870da7eef8ab4045ef09f1", "price_changes": [{"asset_id": "90310663610228569004344605376967586741522007794861385272228303981255357813672", "price": "0.72", "size": "50.31", "side": "SELL", "hash": "744222698fc2375ab6e5f94bb6f03c4af7326d30", "best_bid": "0.63", "best_ask": "0.7"}, {"asset_id": "101066027929666724330809450129369780201710900404568820614623389604871233097024", "price": "0.28", "size": "50.31", "side": "BUY", "hash": "54a2c96c196e2984022dc41960cfd80d40bc10fc", "best_bid": "0.3", "best_ask": "0.37"}], "timestamp": "1769384123695", "event_type": "price_change"}}
{"_local_timestamp": "2026-01-25T23:35:23.983447+00:00", "data": {"market": "0x00d0e1da6e7e4dc781a84ecc8abd52830a652c0a3a870da7eef8ab4045ef09f1", "price_changes": [{"asset_id": "90310663610228569004344605376967586741522007794861385272228303981255357813672", "price": "0.62", "size": "0", "side": "BUY", "hash": "1a3a1d36c3293b1a77796c90c3b33bec6524b58d", "best_bid": "0.63", "best_ask": "0.7"}, {"asset_id": "101066027929666724330809450129369780201710900404568820614623389604871233097024", "price": "0.38", "size": "0", "side": "SELL", "hash": "8f4b38d65b2ab9ef8c8fe8903d52070b6f4c812a", "best_bid": "0.3", "best_ask": "0.37"}], "timestamp": "1769384123775", "event_type": "price_change"}}
{"_local_timestamp": "2026-01-25T23:35:24.017551+00:00", "data": {"market": "0x00d0e1da6e7e4dc781a84ecc8abd52830a652c0a3a870da7eef8ab4045ef09f1", "price_changes": [{"asset_id": "90310663610228569004344605376967586741522007794861385272228303981255357813672", "price": "0.61", "size": "37.76", "side": "BUY", "hash": "083b1c68c692ce2dbed1291bd2d7b8e975a4bd75", "best_bid": "0.63", "best_ask": "0.7"}, {"asset_id": "101066027929666724330809450129369780201710900404568820614623389604871233097024", "price": "0.39", "size": "37.76", "side": "SELL", "hash": "d1f64b523d294dd94344fb1ed6ecbfb48fe9d7c2", "best_bid": "0.3", "best_ask": "0.37"}], "timestamp": "1769384123816", "event_type": "price_change"}}
{"_local_timestamp": "2026-01-25T23:35:26.022012+00:00", "data": {"market": "0x00d0e1da6e7e4dc781a84ecc8abd52830a652c0a3a870da7eef8ab4045ef09f1", "price_changes": [{"asset_id": "90310663610228569004344605376967586741522007794861385272228303981255357813672", "price": "0.59", "size": "77.91", "side": "BUY", "hash": "d418872c284c0ff14952b5bb9e258391f192b246", "best_bid": "0.63", "best_ask": "0.7"}, {"asset_id": "101066027929666724330809450129369780201710900404568820614623389604871233097024", "price": "0.41", "size": "77.91", "side": "SELL", "hash": "81a3c6962866726a89ee79287e588efcf15bf6cb", "best_bid": "0.3", "best_ask": "0.37"}], "timestamp": "1769384125801", "event_type": "price_change"}}
{"_local_timestamp": "2026-01-25T23:35:26.126032+00:00", "data": {"market": "0x00d0e1da6e7e4dc781a84ecc8abd52830a652c0a3a870da7eef8ab4045ef09f1", "price_changes": [{"asset_id": "90310663610228569004344605376967586741522007794861385272228303981255357813672", "price": "0.6", "size": "0", "side": "BUY", "hash": "f22f4b73e99decfd3eb5995bdb6a29d045a5a7fc", "best_bid": "0.63", "best_ask": "0.7"}, {"asset_id": "101066027929666724330809450129369780201710900404568820614623389604871233097024", "price": "0.4", "size": "0", "side": "SELL", "hash": "472d8aed5a093e90788be89810835c3650cc6771", "best_bid": "0.3", "best_ask": "0.37"}], "timestamp": "1769384125908", "event_type": "price_change"}}
{"_local_timestamp": "2026-01-25T23:35:26.127213+00:00", "data": {"market": "0x00d0e1da6e7e4dc781a84ecc8abd52830a652c0a3a870da7eef8ab4045ef09f1", "price_changes": [{"asset_id": "101066027929666724330809450129369780201710900404568820614623389604871233097024", "price": "0.27", "size": "30", "side": "BUY", "hash": "c050fbbb5763b3e49d27fbad4f1cf0b1c666b656", "best_bid": "0.3", "best_ask": "0.37"}, {"asset_id": "90310663610228569004344605376967586741522007794861385272228303981255357813672", "price": "0.73", "size": "30", "side": "SELL", "hash": "72308bea9e9f44c249924a504264ecbaea22bd29", "best_bid": "0.63", "best_ask": "0.7"}], "timestamp": "1769384125908", "event_type": "price_change"}}
{"_local_timestamp": "2026-01-25T23:35:26.435032+00:00", "data": {"market": "0x00d0e1da6e7e4dc781a84ecc8abd52830a652c0a3a870da7eef8ab4045ef09f1", "price_changes": [{"asset_id": "101066027929666724330809450129369780201710900404568820614623389604871233097024", "price": "0.3", "size": "0", "side": "BUY", "hash": "a65d0d3887a5576b6f36ba4e497f2bba4966705d", "best_bid": "0.28", "best_ask": "0.37"}, {"asset_id": "90310663610228569004344605376967586741522007794861385272228303981255357813672", "price": "0.7", "size": "0", "side": "SELL", "hash": "2693aba20bdba00d0b46dbc7b7fd1fbecc38c845", "best_bid": "0.63", "best_ask": "0.72"}], "timestamp": "1769384126212", "event_type": "price_change"}}
{"_local_timestamp": "2026-01-25T23:35:26.944530+00:00", "data": {"market": "0x00d0e1da6e7e4dc781a84ecc8abd52830a652c0a3a870da7eef8ab4045ef09f1", "price_changes": [{"asset_id": "90310663610228569004344605376967586741522007794861385272228303981255357813672", "price": "0.62", "size": "100", "side": "BUY", "hash": "2d27054389e9b98dfaade7636f7c7ee94317b3ee", "best_bid": "0.63", "best_ask": "0.72"}, {"asset_id": "101066027929666724330809450129369780201710900404568820614623389604871233097024", "price": "0.38", "size": "100", "side": "SELL", "hash": "aaec2b04ac21584f168d24a5d10ad87db3f9c6c0", "best_bid": "0.28", "best_ask": "0.37"}], "timestamp": "1769384126587", "event_type": "price_change"}}
{"_local_timestamp": "2026-01-25T23:35:26.945275+00:00", "data": {"market": "0x00d0e1da6e7e4dc781a84ecc8abd52830a652c0a3a870da7eef8ab4045ef09f1", "price_changes": [{"asset_id": "101066027929666724330809450129369780201710900404568820614623389604871233097024", "price": "0.29", "size": "100", "side": "BUY", "hash": "52f19658f94486a43cfb882c7ec3817a1be7f64d", "best_bid": "0.29", "best_ask": "0.37"}, {"asset_id": "90310663610228569004344605376967586741522007794861385272228303981255357813672", "price": "0.71", "size": "100", "side": "SELL", "hash": "6d2d3cef1f9a192199c3fe73ea688af0cdb3244b", "best_bid": "0.63", "best_ask": "0.71"}], "timestamp": "1769384126590", "event_type": "price_change"}}
{"_local_timestamp": "2026-01-25T23:35:27.049563+00:00", "data": {"market": "0x00d0e1da6e7e4dc781a84ecc8abd52830a652c0a3a870da7eef8ab4045ef09f1", "price_changes": [{"asset_id": "101066027929666724330809450129369780201710900404568820614623389604871233097024", "price": "0.27", "size": "0", "side": "BUY", "hash": "6298aff2a09f006ca23873e127db6b6fce4614a3", "best_bid": "0.29", "best_ask": "0.37"}, {"asset_id": "90310663610228569004344605376967586741522007794861385272228303981255357813672", "price": "0.73", "size": "0", "side": "SELL", "hash": "004a945ab17d42be00273e29f70f0069db7565d5", "best_bid": "0.63", "best_ask": "0.71"}], "timestamp": "1769384126756", "event_type": "price_change"}}
{"_local_timestamp": "2026-01-25T23:35:27.072809+00:00", "data": {"market": "0x00d0e1da6e7e4dc781a84ecc8abd52830a652c0a3a870da7eef8ab4045ef09f1", "price_changes": [{"asset_id": "101066027929666724330809450129369780201710900404568820614623389604871233097024", "price": "0.25", "size": "130", "side": "BUY", "hash": "bb249d9bdd19c97a70788ead4433fbba6a231948", "best_bid": "0.29", "best_ask": "0.37"}, {"asset_id": "90310663610228569004344605376967586741522007794861385272228303981255357813672", "price": "0.75", "size": "130", "side": "SELL", "hash": "01f0d78524376ece0eb5f3eea13b423234a8e8f9", "best_bid": "0.63", "best_ask": "0.71"}], "timestamp": "1769384126817", "event_type": "price_change"}}
{"_local_timestamp": "2026-01-25T23:35:27.099561+00:00", "data": {"market": "0x00d0e1da6e7e4dc781a84ecc8abd52830a652c0a3a870da7eef8ab4045ef09f1", "price_changes": [{"asset_id": "90310663610228569004344605376967586741522007794861385272228303981255357813672", "price": "0.62", "size": "107.69", "side": "BUY", "hash": "34f017c0eeb6b6d42d092f7be568f006bb45c40c", "best_bid": "0.63", "best_ask": "0.71"}, {"asset_id": "101066027929666724330809450129369780201710900404568820614623389604871233097024", "price": "0.38", "size": "107.69", "side": "SELL", "hash": "817d95f680fd0aa487a877a7f0b0e7bf555eeed5", "best_bid": "0.29", "best_ask": "0.37"}], "timestamp": "1769384126854", "event_type": "price_change"}}
{"_local_timestamp": "2026-01-25T23:35:27.764433+00:00", "data": {"market": "0x00d0e1da6e7e4dc781a84ecc8abd52830a652c0a3a870da7eef8ab4045ef09f1", "price_changes": [{"asset_id": "101066027929666724330809450129369780201710900404568820614623389604871233097024", "price": "0.25", "size": "100", "side": "BUY", "hash": "ffbe89ae1cc7823e2937c4281fe8b9f98aabdb34", "best_bid": "0.29", "best_ask": "0.37"}, {"asset_id": "90310663610228569004344605376967586741522007794861385272228303981255357813672", "price": "0.75", "size": "100", "side": "SELL", "hash": "3a3e77557f5bc8651fc354bb8a064800c51f99a6", "best_bid": "0.63", "best_ask": "0.71"}], "timestamp": "1769384127528", "event_type": "price_change"}}
{"_local_timestamp": "2026-01-25T23:35:27.802467+00:00", "data": {"market": "0x00d0e1da6e7e4dc781a84ecc8abd52830a652c0a3a870da7eef8ab4045ef09f1", "price_changes": [{"asset_id": "101066027929666724330809450129369780201710900404568820614623389604871233097024", "price": "0.29", "size": "130", "side": "BUY", "hash": "11baaf251757c5d68bd5d916252f9f226bbc9d58", "best_bid": "0.29", "best_ask": "0.37"}, {"asset_id": "90310663610228569004344605376967586741522007794861385272228303981255357813672", "price": "0.71", "size": "130", "side": "SELL", "hash": "581dcc59f551156f5f11e6c3cf4148e7aabd1fbc", "best_bid": "0.63", "best_ask": "0.71"}], "timestamp": "1769384127579", "event_type": "price_change"}}
{"_local_timestamp": "2026-01-25T23:35:28.847810+00:00", "data": {"market": "0x00d0e1da6e7e4dc781a84ecc8abd52830a652c0a3a870da7eef8ab4045ef09f1", "price_changes": [{"asset_id": "90310663610228569004344605376967586741522007794861385272228303981255357813672", "price": "0.63", "size": "60", "side": "BUY", "hash": "abc2f2e6f48a454e75d4874f09b9f5bc037c472e", "best_bid": "0.63", "best_ask": "0.71"}, {"asset_id": "101066027929666724330809450129369780201710900404568820614623389604871233097024", "price": "0.37", "size": "60", "side": "SELL", "hash": "77c609993ac1c3ae74271a4c0882cb3bc7349e6a", "best_bid": "0.29", "best_ask": "0.37"}], "timestamp": "1769384128644", "event_type": "price_change"}}
{"_local_timestamp": "2026-01-25T23:35:28.899558+00:00", "data": {"market": "0x00d0e1da6e7e4dc781a84ecc8abd52830a652c0a3a870da7eef8ab4045ef09f1", "price_changes": [{"asset_id": "90310663610228569004344605376967586741522007794861385272228303981255357813672", "price": "0.61", "size": "7.76", "side": "BUY", "hash": "f6f67500141cbf3d3298a434b50746fb7fedb735", "best_bid": "0.63", "best_ask": "0.71"}, {"asset_id": "101066027929666724330809450129369780201710900404568820614623389604871233097024", "price": "0.39", "size": "7.76", "side": "SELL", "hash": "6405c887c12f697c6d060a65bdc0e855a2b3f3fc", "best_bid": "0.29", "best_ask": "0.37"}], "timestamp": "1769384128690", "event_type": "price_change"}}
{"_local_timestamp": "2026-01-25T23:35:29.127283+00:00", "data": {"market": "0x00d0e1da6e7e4dc781a84ecc8abd52830a652c0a3a870da7eef8ab4045ef09f1", "price_changes": [{"asset_id": "90310663610228569004344605376967586741522007794861385272228303981255357813672", "price": "0.62", "size": "100", "side": "BUY", "hash": "0e79b7a107f2ffc6c3657e8e58701782161b09d1", "best_bid": "0.63", "best_ask": "0.71"}, {"asset_id": "101066027929666724330809450129369780201710900404568820614623389604871233097024", "price": "0.38", "size": "100", "side": "SELL", "hash": "dc5cab2ef8861f270d3ce69cab4474ab8a25c0d6", "best_bid": "0.29", "best_ask": "0.37"}], "timestamp": "1769384128908", "event_type": "price_change"}}
{"_local_timestamp": "2026-01-25T23:35:29.254681+00:00", "data": {"market": "0x00d0e1da6e7e4dc781a84ecc8abd52830a652c0a3a870da7eef8ab4045ef09f1", "price_changes": [{"asset_id": "90310663610228569004344605376967586741522007794861385272228303981255357813672", "price": "0.63", "size": "67.69", "side": "BUY", "hash": "d84cbb331e9e1c1705ca25207df0298f9005fddb", "best_bid": "0.63", "best_ask": "0.71"}, {"asset_id": "101066027929666724330809450129369780201710900404568820614623389604871233097024", "price": "0.37", "size": "67.69", "side": "SELL", "hash": "c54d865ff9f4fb4da3a3f8cbcf1df6c0266ab8e5", "best_bid": "0.29", "best_ask": "0.37"}], "timestamp": "1769384129033", "event_type": "price_change"}}
{"_local_timestamp": "2026-01-25T23:35:30.643327+00:00", "data": {"market": "0x00d0e1da6e7e4dc781a84ecc8abd52830a652c0a3a870da7eef8ab4045ef09f1", "price_changes": [{"asset_id": "90310663610228569004344605376967586741522007794861385272228303981255357813672", "price": "0.62", "size": "0", "side": "BUY", "hash": "ea5833d451e193eee7136cbc2f32d9658fbd9973", "best_bid": "0.63", "best_ask": "0.71"}, {"asset_id": "101066027929666724330809450129369780201710900404568820614623389604871233097024", "price": "0.38", "size": "0", "side": "SELL", "hash": "9fcd46f9d4a6eb89d0e4e4bd0ee644489fcc2b76", "best_bid": "0.29", "best_ask": "0.37"}], "timestamp": "1769384130405", "event_type": "price_change"}}
{"_local_timestamp": "2026-01-25T23:35:30.986587+00:00", "data": {"market": "0x00d0e1da6e7e4dc781a84ecc8abd52830a652c0a3a870da7eef8ab4045ef09f1", "price_changes": [{"asset_id": "101066027929666724330809450129369780201710900404568820614623389604871233097024", "price": "0.16", "size": "169.04", "side": "BUY", "hash": "3526a3aa318eac9782969c8a94b956b95a8f4cca", "best_bid": "0.29", "best_ask": "0.37"}, {"asset_id": "90310663610228569004344605376967586741522007794861385272228303981255357813672", "price": "0.84", "size": "169.04", "side": "SELL", "hash": "5ab2042e8039a0100c1f4ab65fa585b777d882d5", "best_bid": "0.63", "best_ask": "0.71"}], "timestamp": "1769384130737", "event_type": "price_change"}}
{"_local_timestamp": "2026-01-25T23:35:31.194480+00:00", "data": {"market": "0x00d0e1da6e7e4dc781a84ecc8abd52830a652c0a3a870da7eef8ab4045ef09f1", "price_changes": [{"asset_id": "90310663610228569004344605376967586741522007794861385272228303981255357813672", "price": "0.6", "size": "100", "side": "BUY", "hash": "312e6fa682c02023cdbccc543670647154e8f27f", "best_bid": "0.63", "best_ask": "0.71"}, {"asset_id": "101066027929666724330809450129369780201710900404568820614623389604871233097024", "price": "0.4", "size": "100", "side": "SELL", "hash": "e83d754d5ab873b41295af46d14a7daaafc2bf18", "best_bid": "0.29", "best_ask": "0.37"}], "timestamp": "1769384130978", "event_type": "price_change"}}
{"_local_timestamp": "2026-01-25T23:35:31.511310+00:00", "data": {"market": "0x00d0e1da6e7e4dc781a84ecc8abd52830a652c0a3a870da7eef8ab4045ef09f1", "price_changes": [{"asset_id": "101066027929666724330809450129369780201710900404568820614623389604871233097024", "price": "0.28", "size": "22.31", "side": "BUY", "hash": "3905b6a885a81768a041d9262d4c4540579ef643", "best_bid": "0.29", "best_ask": "0.37"}, {"asset_id": "90310663610228569004344605376967586741522007794861385272228303981255357813672", "price": "0.72", "size": "22.31", "side": "SELL", "hash": "fabc0a1e3e9da8a3c183a3942fa80ae881d75fd7", "best_bid": "0.63", "best_ask": "0.71"}], "timestamp": "1769384131242", "event_type": "price_change"}}
{"_local_timestamp": "2026-01-25T23:35:31.592267+00:00", "data": {"market": "0x00d0e1da6e7e4dc781a84ecc8abd52830a652c0a3a870da7eef8ab4045ef09f1", "price_changes": [{"asset_id": "101066027929666724330809450129369780201710900404568820614623389604871233097024", "price": "0.3", "size": "25", "side": "BUY", "hash": "2473b7a7b315b9328a64db99da8d77b73bc3d826", "best_bid": "0.3", "best_ask": "0.37"}, {"asset_id": "90310663610228569004344605376967586741522007794861385272228303981255357813672", "price": "0.7", "size": "25", "side": "SELL", "hash": "21fb14d70cc7d9ace3df5501d52b9d0266f44b4a", "best_bid": "0.63", "best_ask": "0.7"}], "timestamp": "1769384131295", "event_type": "price_change"}}
{"_local_timestamp": "2026-01-25T23:35:34.955579+00:00", "data": {"market": "0x00d0e1da6e7e4dc781a84ecc8abd52830a652c0a3a870da7eef8ab4045ef09f1", "price_changes": [{"asset_id": "101066027929666724330809450129369780201710900404568820614623389604871233097024", "price": "0.29", "size": "30", "side": "BUY", "hash": "fa8e6ecb96d286f53336d2246360fdbb9ed478c1", "best_bid": "0.3", "best_ask": "0.37"}, {"asset_id": "90310663610228569004344605376967586741522007794861385272228303981255357813672", "price": "0.71", "size": "30", "side": "SELL", "hash": "21a8e897e1d58aac1967eac1f298b2d8905140e6", "best_bid": "0.63", "best_ask": "0.7"}], "timestamp": "1769384134712", "event_type": "price_change"}}
{"_local_timestamp": "2026-01-25T23:35:35.066249+00:00", "data": {"market": "0x00d0e1da6e7e4dc781a84ecc8abd52830a652c0a3a870da7eef8ab4045ef09f1", "price_changes": [{"asset_id": "90310663610228569004344605376967586741522007794861385272228303981255357813672", "price": "0.61", "size": "37.76", "side": "BUY", "hash": "fab7c7ca3d0f163a4a6e1fc9fba749a0d90bc065", "best_bid": "0.63", "best_ask": "0.7"}, {"asset_id": "101066027929666724330809450129369780201710900404568820614623389604871233097024", "price": "0.39", "size": "37.76", "side": "SELL", "hash": "c6e2a12bea618f0c4de4d1030124035845ca794b", "best_bid": "0.3", "best_ask": "0.37"}], "timestamp": "1769384134833", "event_type": "price_change"}}
{"_local_timestamp": "2026-01-25T23:35:35.333452+00:00", "data": {"market": "0x00d0e1da6e7e4dc781a84ecc8abd52830a652c0a3a870da7eef8ab4045ef09f1", "price_changes": [{"asset_id": "101066027929666724330809450129369780201710900404568820614623389604871233097024", "price": "0.29", "size": "0", "side": "BUY", "hash": "94df8ec915c61cb0617b61f2768631339d5cdf10", "best_bid": "0.3", "best_ask": "0.37"}, {"asset_id": "90310663610228569004344605376967586741522007794861385272228303981255357813672", "price": "0.71", "size": "0", "side": "SELL", "hash": "17526c3608575cccd58125c342e85edf68e2ac72", "best_bid": "0.63", "best_ask": "0.7"}], "timestamp": "1769384135046", "event_type": "price_change"}}
{"_local_timestamp": "2026-01-25T23:35:35.356306+00:00", "data": {"market": "0x00d0e1da6e7e4dc781a84ecc8abd52830a652c0a3a870da7eef8ab4045ef09f1", "price_changes": [{"asset_id": "101066027929666724330809450129369780201710900404568820614623389604871233097024", "price": "0.25", "size": "130", "side": "BUY", "hash": "0b8b4d60786ee3d1a9c9d30798e3c92fcf75ae0b", "best_bid": "0.3", "best_ask": "0.37"}, {"asset_id": "90310663610228569004344605376967586741522007794861385272228303981255357813672", "price": "0.75", "size": "130", "side": "SELL", "hash": "af7d9944cc265d6b586f8b6fbfbc5a992123261e", "best_bid": "0.63", "best_ask": "0.7"}], "timestamp": "1769384135099", "event_type": "price_change"}}
{"_local_timestamp": "2026-01-25T23:35:35.383509+00:00", "data": {"market": "0x00d0e1da6e7e4dc781a84ecc8abd52830a652c0a3a870da7eef8ab4045ef09f1", "price_changes": [{"asset_id": "90310663610228569004344605376967586741522007794861385272228303981255357813672", "price": "0.63", "size": "37.69", "side": "BUY", "hash": "6381c92132a346359172eba6b87dfef25ae4bb46", "best_bid": "0.63", "best_ask": "0.7"}, {"asset_id": "101066027929666724330809450129369780201710900404568820614623389604871233097024", "price": "0.37", "size": "37.69", "side": "SELL", "hash": "4022f456d810ba57bddc1273277eee15e67f7eed", "best_bid": "0.3", "best_ask": "0.37"}], "timestamp": "1769384135146", "event_type": "price_change"}}
{"_local_timestamp": "2026-01-25T23:35:35.512769+00:00", "data": {"market": "0x00d0e1da6e7e4dc781a84ecc8abd52830a652c0a3a870da7eef8ab4045ef09f1", "price_changes": [{"asset_id": "101066027929666724330809450129369780201710900404568820614623389604871233097024", "price": "0.27", "size": "100", "side": "BUY", "hash": "bfe0ef42dca8014b50a8ec95cad1d34ba890c179", "best_bid": "0.3", "best_ask": "0.37"}, {"asset_id": "90310663610228569004344605376967586741522007794861385272228303981255357813672", "price": "0.73", "size": "100", "side": "SELL", "hash": "dbfe1b10fbdf54a2dc831c702958065e08939244", "best_bid": "0.63", "best_ask": "0.7"}], "timestamp": "1769384135285", "event_type": "price_change"}}
{"_local_timestamp": "2026-01-25T23:35:36.339842+00:00", "data": {"market": "0x00d0e1da6e7e4dc781a84ecc8abd52830a652c0a3a870da7eef8ab4045ef09f1", "price_changes": [{"asset_id": "90310663610228569004344605376967586741522007794861385272228303981255357813672", "price": "0.72", "size": "0", "side": "SELL", "hash": "8853ad17f99db7725b99e609fdc10f1e9fef9968", "best_bid": "0.63", "best_ask": "0.7"}, {"asset_id": "101066027929666724330809450129369780201710900404568820614623389604871233097024", "price": "0.28", "size": "0", "side": "BUY", "hash": "d811971f0c71b83986a7759b100e334a4ebfa049", "best_bid": "0.3", "best_ask": "0.37"}], "timestamp": "1769384136108", "event_type": "price_change"}}
{"_local_timestamp": "2026-01-25T23:35:36.364810+00:00", "data": {"market": "0x00d0e1da6e7e4dc781a84ecc8abd52830a652c0a3a870da7eef8ab4045ef09f1", "price_changes": [{"asset_id": "90310663610228569004344605376967586741522007794861385272228303981255357813672", "price": "0.74", "size": "64.61", "side": "SELL", "hash": "0c1afb63c2fafac85d352a904cf6670f08098a82", "best_bid": "0.63", "best_ask": "0.7"}, {"asset_id": "101066027929666724330809450129369780201710900404568820614623389604871233097024", "price": "0.26", "size": "64.61", "side": "BUY", "hash": "a4742c5e30f22736d5b8e07100f490bd71e76f9f", "best_bid": "0.3", "best_ask": "0.37"}], "timestamp": "1769384136145", "event_type": "price_change"}}
{"_local_timestamp": "2026-01-25T23:35:37.356719+00:00", "data": {"market": "0x00d0e1da6e7e4dc781a84ecc8abd52830a652c0a3a870da7eef8ab4045ef09f1", "price_changes": [{"asset_id": "90310663610228569004344605376967586741522007794861385272228303981255357813672", "price": "0.63", "size": "30", "side": "BUY", "hash": "d4782cca24b433ab0e12650fb588aa6869c20d06", "best_bid": "0.63", "best_ask": "0.7"}, {"asset_id": "101066027929666724330809450129369780201710900404568820614623389604871233097024", "price": "0.37", "size": "30", "side": "SELL", "hash": "0f44f6695c03aabd0f84027cfed3b7670b04c34b", "best_bid": "0.3", "best_ask": "0.37"}], "timestamp": "1769384137130", "event_type": "price_change"}}
{"_local_timestamp": "2026-01-25T23:35:37.406379+00:00", "data": {"market": "0x00d0e1da6e7e4dc781a84ecc8abd52830a652c0a3a870da7eef8ab4045ef09f1", "price_changes": [{"asset_id": "90310663610228569004344605376967586741522007794861385272228303981255357813672", "price": "0.6", "size": "107.69", "side": "BUY", "hash": "cf57393d6fc080e0fb5119da752d93d38aba6665", "best_bid": "0.63", "best_ask": "0.7"}, {"asset_id": "101066027929666724330809450129369780201710900404568820614623389604871233097024", "price": "0.4", "size": "107.69", "side": "SELL", "hash": "2481f0bb1d94526bd348090feccd2bc3e32baa09", "best_bid": "0.3", "best_ask": "0.37"}], "timestamp": "1769384137181", "event_type": "price_change"}}
{"_local_timestamp": "2026-01-25T23:35:38.106995+00:00", "data": {"market": "0x00d0e1da6e7e4dc781a84ecc8abd52830a652c0a3a870da7eef8ab4045ef09f1", "price_changes": [{"asset_id": "90310663610228569004344605376967586741522007794861385272228303981255357813672", "price": "0.63", "size": "0", "side": "BUY", "hash": "11a21610aab1b23ba51d296a454505ab493263c1", "best_bid": "0.61", "best_ask": "0.7"}, {"asset_id": "101066027929666724330809450129369780201710900404568820614623389604871233097024", "price": "0.37", "size": "0", "side": "SELL", "hash": "9f73e5370c33b936e6c3c4630834a5c811eb6d3d", "best_bid": "0.3", "best_ask": "0.39"}], "timestamp": "1769384137964", "event_type": "price_change"}}
{"_local_timestamp": "2026-01-25T23:35:38.188590+00:00", "data": {"market": "0x00d0e1da6e7e4dc781a84ecc8abd52830a652c0a3a870da7eef8ab4045ef09f1", "price_changes": [{"asset_id": "90310663610228569004344605376967586741522007794861385272228303981255357813672", "price": "0.61", "size": "67.76", "side": "BUY", "hash": "e17842a2d6c35a8fb354f38ebfe529c5fdfb8fa9", "best_bid": "0.61", "best_ask": "0.7"}, {"asset_id": "101066027929666724330809450129369780201710900404568820614623389604871233097024", "price": "0.39", "size": "67.76", "side": "SELL", "hash": "1dabf23f0fcec768338b0cd9b3da3b965bf40f1f", "best_bid": "0.3", "best_ask": "0.39"}], "timestamp": "1769384138073", "event_type": "price_change"}}
{"_local_timestamp": "2026-01-25T23:35:39.035098+00:00", "data": {"market": "0x00d0e1da6e7e4dc781a84ecc8abd52830a652c0a3a870da7eef8ab4045ef09f1", "price_changes": [{"asset_id": "101066027929666724330809450129369780201710900404568820614623389604871233097024", "price": "0.25", "size": "100", "side": "BUY", "hash": "2e88ab3e9fbc2d1d856ebea29faff9b50e8b9796", "best_bid": "0.3", "best_ask": "0.39"}, {"asset_id": "90310663610228569004344605376967586741522007794861385272228303981255357813672", "price": "0.75", "size": "100", "side": "SELL", "hash": "a66256b6da38a8e685a949a8df78c5e8a5d19cf1", "best_bid": "0.61", "best_ask": "0.7"}], "timestamp": "1769384138967", "event_type": "price_change"}}
{"_local_timestamp": "2026-01-25T23:35:39.054437+00:00", "data": {"market": "0x00d0e1da6e7e4dc781a84ecc8abd52830a652c0a3a870da7eef8ab4045ef09f1", "price_changes": [{"asset_id": "90310663610228569004344605376967586741522007794861385272228303981255357813672", "price": "0.6", "size": "7.69", "side": "BUY", "hash": "bc00d2ec3bf7203b9945b7ffd4e006f370985237", "best_bid": "0.61", "best_ask": "0.7"}, {"asset_id": "101066027929666724330809450129369780201710900404568820614623389604871233097024", "price": "0.4", "size": "7.69", "side": "SELL", "hash": "2b660287974bec808749b419061933935d89b1e4", "best_bid": "0.3", "best_ask": "0.39"}], "timestamp": "1769384138988", "event_type": "price_change"}}
{"_local_timestamp": "2026-01-25T23:35:39.524054+00:00", "data": {"market": "0x00d0e1da6e7e4dc781a84ecc8abd52830a652c0a3a870da7eef8ab4045ef09f1", "price_changes": [{"asset_id": "90310663610228569004344605376967586741522007794861385272228303981255357813672", "price": "0.62", "size": "100", "side": "BUY", "hash": "adec8610bab7c2864c7f178236582b3815dd1d44", "best_bid": "0.62", "best_ask": "0.7"}, {"asset_id": "101066027929666724330809450129369780201710900404568820614623389604871233097024", "price": "0.38", "size": "100", "side": "SELL", "hash": "2736342536c4bf1ec69b196eae32f26dad4f9b95", "best_bid": "0.3", "best_ask": "0.38"}], "timestamp": "1769384139457", "event_type": "price_change"}}
{"_local_timestamp": "2026-01-25T23:35:39.896247+00:00", "data": {"market": "0x00d0e1da6e7e4dc781a84ecc8abd52830a652c0a3a870da7eef8ab4045ef09f1", "price_changes": [{"asset_id": "90310663610228569004344605376967586741522007794861385272228303981255357813672", "price": "0.74", "size": "42.3", "side": "SELL", "hash": "097bde4588adf66622e2e3aa2ed648b69b6918c6", "best_bid": "0.62", "best_ask": "0.7"}, {"asset_id": "101066027929666724330809450129369780201710900404568820614623389604871233097024", "price": "0.26", "size": "42.3", "side": "BUY", "hash": "a476983da42ae0b4e7911ff7e68061e897999b66", "best_bid": "0.3", "best_ask": "0.38"}], "timestamp": "1769384139830", "event_type": "price_change"}}
{"_local_timestamp": "2026-01-25T23:35:39.962514+00:00", "data": {"market": "0x00d0e1da6e7e4dc781a84ecc8abd52830a652c0a3a870da7eef8ab4045ef09f1", "price_changes": [{"asset_id": "90310663610228569004344605376967586741522007794861385272228303981255357813672", "price": "0.72", "size": "22.31", "side": "SELL", "hash": "5c84c0d63cf1635a210bd1eb30b92b82b1e8836a", "best_bid": "0.62", "best_ask": "0.7"}, {"asset_id": "101066027929666724330809450129369780201710900404568820614623389604871233097024", "price": "0.28", "size": "22.31", "side": "BUY", "hash": "71b2997bade0adc1b421f26b208660e8aeaf6510", "best_bid": "0.3", "best_ask": "0.38"}], "timestamp": "1769384139898", "event_type": "price_change"}}
{"_local_timestamp": "2026-01-25T23:35:40.408607+00:00", "data": {"market": "0x00d0e1da6e7e4dc781a84ecc8abd52830a652c0a3a870da7eef8ab4045ef09f1", "price_changes": [{"asset_id": "90310663610228569004344605376967586741522007794861385272228303981255357813672", "price": "0.63", "size": "30", "side": "BUY", "hash": "3cc811b5de7b59dce43352c9118ea5b348965fa1", "best_bid": "0.63", "best_ask": "0.7"}, {"asset_id": "101066027929666724330809450129369780201710900404568820614623389604871233097024", "price": "0.37", "size": "30", "side": "SELL", "hash": "4259c45937089393a1875a4284bd30f8f138f80d", "best_bid": "0.3", "best_ask": "0.37"}], "timestamp": "1769384140342", "event_type": "price_change"}}
{"_local_timestamp": "2026-01-25T23:35:40.471881+00:00", "data": {"market": "0x00d0e1da6e7e4dc781a84ecc8abd52830a652c0a3a870da7eef8ab4045ef09f1", "price_changes": [{"asset_id": "90310663610228569004344605376967586741522007794861385272228303981255357813672", "price": "0.61", "size": "37.76", "side": "BUY", "hash": "40dafdf59dac63291f9b4c55fe26a074eda3975a", "best_bid": "0.63", "best_ask": "0.7"}, {"asset_id": "101066027929666724330809450129369780201710900404568820614623389604871233097024", "price": "0.39", "size": "37.76", "side": "SELL", "hash": "0a362958e4ededd1c75268b251e1925731dca95e", "best_bid": "0.3", "best_ask": "0.37"}], "timestamp": "1769384140403", "event_type": "price_change"}}
{"_local_timestamp": "2026-01-25T23:35:40.975048+00:00", "data": {"market": "0x00d0e1da6e7e4dc781a84ecc8abd52830a652c0a3a870da7eef8ab4045ef09f1", "price_changes": [{"asset_id": "90310663610228569004344605376967586741522007794861385272228303981255357813672", "price": "0.64", "size": "30", "side": "BUY", "hash": "d5f87ba0362ca35531801c7f6c474e2f34e5389d", "best_bid": "0.64", "best_ask": "0.7"}, {"asset_id": "101066027929666724330809450129369780201710900404568820614623389604871233097024", "price": "0.36", "size": "30", "side": "SELL", "hash": "d19ed2eb6b703e32c87cdcae899193637bbd8cc4", "best_bid": "0.3", "best_ask": "0.36"}], "timestamp": "1769384140900", "event_type": "price_change"}}
{"_local_timestamp": "2026-01-25T23:35:41.264737+00:00", "data": {"market": "0x00d0e1da6e7e4dc781a84ecc8abd52830a652c0a3a870da7eef8ab4045ef09f1", "price_changes": [{"asset_id": "90310663610228569004344605376967586741522007794861385272228303981255357813672", "price": "0.61", "size": "7.76", "side": "BUY", "hash": "891d90ddb89d07bfffac1473d5b61956c8646916", "best_bid": "0.64", "best_ask": "0.7"}, {"asset_id": "101066027929666724330809450129369780201710900404568820614623389604871233097024", "price": "0.39", "size": "7.76", "side": "SELL", "hash": "9b8295453f52d428243521b67b3fa15c921e9314", "best_bid": "0.3", "best_ask": "0.36"}], "timestamp": "1769384141199", "event_type": "price_change"}}
{"_local_timestamp": "2026-01-25T23:35:41.423396+00:00", "data": {"market": "0x00d0e1da6e7e4dc781a84ecc8abd52830a652c0a3a870da7eef8ab4045ef09f1", "price_changes": [{"asset_id": "101066027929666724330809450129369780201710900404568820614623389604871233097024", "price": "0.3", "size": "0", "side": "BUY", "hash": "53e9f04a08988d953da80efac4bfc49215166c43", "best_bid": "0.28", "best_ask": "0.36"}, {"asset_id": "90310663610228569004344605376967586741522007794861385272228303981255357813672", "price": "0.7", "size": "0", "side": "SELL", "hash": "f3c41bc59051aa026154e0862ce0bbe098aba68a", "best_bid": "0.64", "best_ask": "0.72"}], "timestamp": "1769384141354", "event_type": "price_change"}}
{"_local_timestamp": "2026-01-25T23:35:42.272453+00:00", "data": {"market": "0x00d0e1da6e7e4dc781a84ecc8abd52830a652c0a3a870da7eef8ab4045ef09f1", "price_changes": [{"asset_id": "90310663610228569004344605376967586741522007794861385272228303981255357813672", "price": "0.6", "size": "0", "side": "BUY", "hash": "c8fa96ea8f887e4aefb58761c8acbe674a7894e4", "best_bid": "0.64", "best_ask": "0.72"}, {"asset_id": "101066027929666724330809450129369780201710900404568820614623389604871233097024", "price": "0.4", "size": "0", "side": "SELL", "hash": "6ca4877cddd5cfa3ad2bf5de648cb6ee9366d9ee", "best_bid": "0.28", "best_ask": "0.36"}], "timestamp": "1769384142195", "event_type": "price_change"}}
{"_local_timestamp": "2026-01-25T23:35:42.319381+00:00", "data": {"market": "0x00d0e1da6e7e4dc781a84ecc8abd52830a652c0a3a870da7eef8ab4045ef09f1", "price_changes": [{"asset_id": "90310663610228569004344605376967586741522007794861385272228303981255357813672", "price": "0.62", "size": "107.69", "side": "BUY", "hash": "932c20339ca51a289dce4333d7d378a9b725b900", "best_bid": "0.64", "best_ask": "0.72"}, {"asset_id": "101066027929666724330809450129369780201710900404568820614623389604871233097024", "price": "0.38", "size": "107.69", "side": "SELL", "hash": "3916d41f65ada8c3130ad106d582fc7bced21d38", "best_bid": "0.28", "best_ask": "0.36"}], "timestamp": "1769384142251", "event_type": "price_change"}}
{"_local_timestamp": "2026-01-25T23:35:43.144989+00:00", "data": {"market": "0x00d0e1da6e7e4dc781a84ecc8abd52830a652c0a3a870da7eef8ab4045ef09f1", "price_changes": [{"asset_id": "90310663610228569004344605376967586741522007794861385272228303981255357813672", "price": "0.62", "size": "7.69", "side": "BUY", "hash": "73e56c3a931a59aa9152cff972fb8cf51cd22ce4", "best_bid": "0.64", "best_ask": "0.72"}, {"asset_id": "101066027929666724330809450129369780201710900404568820614623389604871233097024", "price": "0.38", "size": "7.69", "side": "SELL", "hash": "365d45a3365a218b49bc753d0c9d86052c6c4cbc", "best_bid": "0.28", "best_ask": "0.36"}], "timestamp": "1769384143074", "event_type": "price_change"}}
{"_local_timestamp": "2026-01-25T23:35:43.154631+00:00", "data": {"market": "0x00d0e1da6e7e4dc781a84ecc8abd52830a652c0a3a870da7eef8ab4045ef09f1", "price_changes": [{"asset_id": "101066027929666724330809450129369780201710900404568820614623389604871233097024", "price": "0.27", "size": "130", "side": "BUY", "hash": "03e8b617f5b60f77a5638228cb80753b9e9db727", "best_bid": "0.28", "best_ask": "0.36"}, {"asset_id": "90310663610228569004344605376967586741522007794861385272228303981255357813672", "price": "0.73", "size": "130", "side": "SELL", "hash": "7718f70a41950aaf7f74219c6d27b4f2b4643758", "best_bid": "0.64", "best_ask": "0.72"}], "timestamp": "1769384143083", "event_type": "price_change"}}
{"_local_timestamp": "2026-01-25T23:35:43.538844+00:00", "data": {"market": "0x00d0e1da6e7e4dc781a84ecc8abd52830a652c0a3a870da7eef8ab4045ef09f1", "price_changes": [{"asset_id": "90310663610228569004344605376967586741522007794861385272228303981255357813672", "price": "0.6", "size": "100", "side": "BUY", "hash": "b292f3ecc4e98562085e66dfb3de710dc7efa748", "best_bid": "0.64", "best_ask": "0.72"}, {"asset_id": "101066027929666724330809450129369780201710900404568820614623389604871233097024", "price": "0.4", "size": "100", "side": "SELL", "hash": "9efa218c136de06d9c2fb9450f4cfac9925b4958", "best_bid": "0.28", "best_ask": "0.36"}], "timestamp": "1769384143474", "event_type": "price_change"}}
{"_local_timestamp": "2026-01-25T23:35:44.141500+00:00", "data": {"market": "0x00d0e1da6e7e4dc781a84ecc8abd52830a652c0a3a870da7eef8ab4045ef09f1", "price_changes": [{"asset_id": "90310663610228569004344605376967586741522007794861385272228303981255357813672", "price": "0.62", "size": "0", "side": "BUY", "hash": "7d41e66018c8a036ddff451da4f25698cf151f9a", "best_bid": "0.64", "best_ask": "0.72"}, {"asset_id": "101066027929666724330809450129369780201710900404568820614623389604871233097024", "price": "0.38", "size": "0", "side": "SELL", "hash": "f460671c3d6e8fbdff94704a8f075f4e65c14642", "best_bid": "0.28", "best_ask": "0.36"}], "timestamp": "1769384144065", "event_type": "price_change"}}
{"_local_timestamp": "2026-01-25T23:35:44.198813+00:00", "data": {"market": "0x00d0e1da6e7e4dc781a84ecc8abd52830a652c0a3a870da7eef8ab4045ef09f1", "price_changes": [{"asset_id": "90310663610228569004344605376967586741522007794861385272228303981255357813672", "price": "0.59", "size": "85.6", "side": "BUY", "hash": "bae1cbdb2effcee50b70c3c67bc1d662edf5c1e6", "best_bid": "0.64", "best_ask": "0.72"}, {"asset_id": "101066027929666724330809450129369780201710900404568820614623389604871233097024", "price": "0.41", "size": "85.6", "side": "SELL", "hash": "60a950cb1e6e8544351b106d5cf774ae6f2503dd", "best_bid": "0.28", "best_ask": "0.36"}], "timestamp": "1769384144133", "event_type": "price_change"}}
{"_local_timestamp": "2026-01-25T23:35:45.521124+00:00", "data": {"market": "0x00d0e1da6e7e4dc781a84ecc8abd52830a652c0a3a870da7eef8ab4045ef09f1", "price_changes": [{"asset_id": "90310663610228569004344605376967586741522007794861385272228303981255357813672", "price": "0.63", "size": "0", "side": "BUY", "hash": "5bb27ecc376441c854b6a27fdf57c534806c8164", "best_bid": "0.64", "best_ask": "0.72"}, {"asset_id": "101066027929666724330809450129369780201710900404568820614623389604871233097024", "price": "0.37", "size": "0", "side": "SELL", "hash": "2f70d0dd2a13b4112da7b5b281b309185409dfc8", "best_bid": "0.28", "best_ask": "0.36"}], "timestamp": "1769384145445", "event_type": "price_change"}}
{"_local_timestamp": "2026-01-25T23:35:45.600435+00:00", "data": {"market": "0x00d0e1da6e7e4dc781a84ecc8abd52830a652c0a3a870da7eef8ab4045ef09f1", "price_changes": [{"asset_id": "90310663610228569004344605376967586741522007794861385272228303981255357813672", "price": "0.59", "size": "77.91", "side": "BUY", "hash": "5afa38b66c520f23abd884e7619707c32ab454f5", "best_bid": "0.64", "best_ask": "0.72"}, {"asset_id": "101066027929666724330809450129369780201710900404568820614623389604871233097024", "price": "0.41", "size": "77.91", "side": "SELL", "hash": "a217a249fe2fa1a67393435d1c7858c40ccbbc51", "best_bid": "0.28", "best_ask": "0.36"}], "timestamp": "1769384145537", "event_type": "price_change"}}
{"_local_timestamp": "2026-01-25T23:35:45.611503+00:00", "data": {"market": "0x00d0e1da6e7e4dc781a84ecc8abd52830a652c0a3a870da7eef8ab4045ef09f1", "price_changes": [{"asset_id": "90310663610228569004344605376967586741522007794861385272228303981255357813672", "price": "0.61", "size": "37.76", "side": "BUY", "hash": "9ba50e42817e4a298fa79a8a5bf4b6ce29a29cde", "best_bid": "0.64", "best_ask": "0.72"}, {"asset_id": "101066027929666724330809450129369780201710900404568820614623389604871233097024", "price": "0.39", "size": "37.76", "side": "SELL", "hash": "bc70c3918c31653f88fed2ea0b99142cd034cc40", "best_bid": "0.28", "best_ask": "0.36"}], "timestamp": "1769384145548", "event_type": "price_change"}}
{"_local_timestamp": "2026-01-25T23:35:45.683365+00:00", "data": {"market": "0x00d0e1da6e7e4dc781a84ecc8abd52830a652c0a3a870da7eef8ab4045ef09f1", "price_changes": [{"asset_id": "90310663610228569004344605376967586741522007794861385272228303981255357813672", "price": "0.6", "size": "107.69", "side": "BUY", "hash": "adc14a0675731f30bcf189827be27bedf5da903f", "best_bid": "0.64", "best_ask": "0.72"}, {"asset_id": "101066027929666724330809450129369780201710900404568820614623389604871233097024", "price": "0.4", "size": "107.69", "side": "SELL", "hash": "f1c788244c87e29d788ee524ab6968ecdb42e6ed", "best_bid": "0.28", "best_ask": "0.36"}], "timestamp": "1769384145612", "event_type": "price_change"}}
{"_local_timestamp": "2026-01-25T23:35:46.207004+00:00", "data": {"market": "0x00d0e1da6e7e4dc781a84ecc8abd52830a652c0a3a870da7eef8ab4045ef09f1", "price_changes": [{"asset_id": "90310663610228569004344605376967586741522007794861385272228303981255357813672", "price": "0.6", "size": "100", "side": "BUY", "hash": "aeaf89b05cf573ecae5de737907ad6fae550b5a4", "best_bid": "0.64", "best_ask": "0.72"}, {"asset_id": "101066027929666724330809450129369780201710900404568820614623389604871233097024", "price": "0.4", "size": "100", "side": "SELL", "hash": "2b73f82f4c8f51b697cad4f0a4fe88ed23b7f44e", "best_bid": "0.28", "best_ask": "0.36"}], "timestamp": "1769384146143", "event_type": "price_change"}}
