{"_local_timestamp": "2026-01-25T23:33:34.289504+00:00", "data": [{"market": "0x00d0e1da6e7e4dc781a84ecc8abd52830a652c0a3a870da7eef8ab4045ef09f1", "asset_id": "101066027929666724330809450129369780201710900404568820614623389604871233097024", "timestamp": "1769384013547", "hash": "fb6e12cbdda6472995659f5f6b64d31b16d8e1f7", "bids": [{"price": "0.01", "size": "6500"}, {"price": "0.02", "size": "6315.5"}, {"price": "0.03", "size": "200"}, {"price": "0.04", "size": "922.25"}, {"price": "0.06", "size": "566.66"}, {"price": "0.08", "size": "400"}, {"price": "0.1", "size": "558.95"}, {"price": "0.11", "size": "592.07"}, {"price": "0.12", "size": "216.66"}, {"price": "0.13", "size": "50"}, {"price": "0.14", "size": "171.42"}, {"price": "0.16", "size": "344.04"}, {"price": "0.24", "size": "54.16"}, {"price": "0.25", "size": "66.66"}, {"price": "0.26", "size": "42.3"}, {"price": "0.28", "size": "116.97"}, {"price": "0.31", "size": "66.66"}, {"price": "0.32", "size": "100"}], "asks": [{"price": "0.99", "size": "9514.96"}, {"price": "0.98", "size": "5250"}, {"price": "0.97", "size": "200"}, {"price": "0.96", "size": "756.79"}, {"price": "0.92", "size": "4750"}, {"price": "0.9", "size": "250"}, {"price": "0.89", "size": "1459.25"}, {"price": "0.88", "size": "4150"}, {"price": "0.84", "size": "37.15"}, {"price": "0.83", "size": "11"}, {"price": "0.81", "size": "650"}, {"price": "0.78", "size": "110"}, {"price": "0.74", "size": "100"}, {"price": "0.73", "size": "200"}, {"price": "0.72", "size": "16.97"}, {"price": "0.7", "size": "16.97"}, {"price": "0.63", "size": "14.7"}, {"price": "0.55", "size": "900.33"}, {"price": "0.52", "size": "677.08"}, {"price": "0.5", "size": "403.16"}, {"price": "0.49", "size": "11.64"}, {"price": "0.41", "size": "89.55"}, {"price": "0.4", "size": "63.33"}, {"price": "0.39", "size": "130"}], "event_type": "book", "last_trade_price": "0.600"}, {"market": "0x00d0e1da6e7e4dc781a84ecc8abd52830a652c0a3a870da7eef8ab4045ef09f1", "asset_id": "90310663610228569004344605376967586741522007794861385272228303981255357813672", "timestamp": "1769384013547", "hash": "4d84a6ccc3623d2dff0a58d4705ba7310d4b8d74", "bids": [{"price": "0.01", "size": "9514.96"}, {"price": "0.02", "size": "5250"}, {"price": "0.03", "size": "200"}, {"price": "0.04", "size": "756.79"}, {"price": "0.08", "size": "4750"}, {"price": "0.1", "size": "250"}, {"price": "0.11", "size": "1459.25"}, {"price": "0.12", "size": "4150"}, {"price": "0.16", "size": "37.15"}, {"price": "0.17", "size": "11"}, {"price": "0.19", "size": "650"}, {"price": "0.22", "size": "110"}, {"price": "0.26", "size": "100"}, {"price": "0.27", "size": "200"}, {"price": "0.28", "size": "16.97"}, {"price": "0.3", "size": "16.97"}, {"price": "0.37", "size": "14.7"}, {"price": "0.45", "size": "900.33"}, {"price": "0.48", "size": "677.08"}, {"price": "0.5", "size": "403.16"}, {"price": "0.51", "size": "11.64"}, {"price": "0.59", "size": "89.55"}, {"price": "0.6", "size": "63.33"}, {"price": "0.61", "size": "130"}], "asks": [{"price": "0.99", "size": "6500"}, {"price": "0.98", "size": "6315.5"}, {"price": "0.97", "size": "200"}, {"price": "0.96", "size": "922.25"}, {"price": "0.94", "size": "566.66"}, {"price": "0.92", "size": "400"}, {"price": "0.9", "size": "558.95"}, {"price": "0.89", "size": "592.07"}, {"price": "0.88", "size": "216.66"}, {"price": "0.87", "size": "50"}, {"price": "0.86", "size": "171.42"}, {"price": "0.84", "size": "344.04"}, {"price": "0.76", "size": "54.16"}, {"price": "0.75", "size": "66.66"}, {"price": "0.74", "size": "42.3"}, {"price": "0.72", "size": "116.97"}, {"price": "0.69", "size": "66.66"}, {"price": "0.68", "size": "100"}], "event_type": "book", "last_trade_price": "0.600"}]}
{"_local_timestamp": "2026-01-25T23:33:40.342033+00:00", "data": {"market": "0x00d0e1da6e7e4dc781a84ecc8abd52830a652c0a3a870da7eef8ab4045ef09f1", "price_changes": [{"asset_id": "90310663610228569004344605376967586741522007794861385272228303981255357813672", "price": "0.26", "size": "50", "side": "BUY", "hash": "1f111f4afd109cadc53f3a1d6c664aafac67649c", "best_bid": "0.61", "best_ask": "0.68"}, {"asset_id": "101066027929666724330809450129369780201710900404568820614623389604871233097024", "price": "0.74", "size": "50", "side": "SELL", "hash": "f664cd631c8173b4ef64799f0a3a765642041d23", "best_bid": "0.32", "best_ask": "0.39"}], "timestamp": "1769384020105", "event_type": "price_change"}}
{"_local_timestamp": "2026-01-25T23:33:40.688446+00:00", "data": {"market": "0x00d0e1da6e7e4dc781a84ecc8abd52830a652c0a3a870da7eef8ab4045ef09f1", "price_changes": [{"asset_id": "90310663610228569004344605376967586741522007794861385272228303981255357813672", "price": "0.27", "size": "250", "side": "BUY", "hash": "e6f332c99254ae40dffc861218dfab5110f0fc59", "best_bid": "0.61", "best_ask": "0.68"}, {"asset_id": "101066027929666724330809450129369780201710900404568820614623389604871233097024", "price": "0.73", "size": "250", "side": "SELL", "hash": "459c3cf88097f670a4b0fc3aea509563080d85f5", "best_bid": "0.32", "best_ask": "0.39"}], "timestamp": "1769384020532", "event_type": "price_change"}}
{"_local_timestamp": "2026-01-25T23:33:49.139647+00:00", "data": {"market": "0x00d0e1da6e7e4dc781a84ecc8abd52830a652c0a3a870da7eef8ab4045ef09f1", "price_changes": [{"asset_id": "101066027929666724330809450129369780201710900404568820614623389604871233097024", "price": "0.04", "size": "905.77", "side": "BUY", "hash": "368062832a8f68d4033e2978d9c8a3b8c996e955", "best_bid": "0.32", "best_ask": "0.39"}, {"asset_id": "90310663610228569004344605376967586741522007794861385272228303981255357813672", "price": "0.96", "size": "905.77", "side": "SELL", "hash": "cfe5adb443241784212e54f51331141e83521504", "best_bid": "0.61", "best_ask": "0.68"}], "timestamp": "1769384029066", "event_type": "price_change"}}
{"_local_timestamp": "2026-01-25T23:33:49.434558+00:00", "data": {"market": "0x00d0e1da6e7e4dc781a84ecc8abd52830a652c0a3a870da7eef8ab4045ef09f1", "price_changes": [{"asset_id": "101066027929666724330809450129369780201710900404568820614623389604871233097024", "price": "0.09", "size": "7.32", "side": "BUY", "hash": "2bd7eeecced1dfae8e738978f54c2eaa37d29c02", "best_bid": "0.32", "best_ask": "0.39"}, {"asset_id": "90310663610228569004344605376967586741522007794861385272228303981255357813672", "price": "0.91", "size": "7.32", "side": "SELL", "hash": "c9c2f017f407bd801c5be56b81d18c9e5fedd17f", "best_bid": "0.61", "best_ask": "0.68"}], "timestamp": "1769384029367", "event_type": "price_change"}}
{"_local_timestamp": "2026-01-25T23:33:56.375668+00:00", "data": {"market": "0x00d0e1da6e7e4dc781a84ecc8abd52830a652c0a3a870da7eef8ab4045ef09f1", "price_changes": [{"asset_id": "90310663610228569004344605376967586741522007794861385272228303981255357813672", "price": "0.6", "size": "0", "side": "BUY", "hash": "599cfcd684918c538eac85fefac7bd86ae6c4971", "best_bid": "0.61", "best_ask": "0.68"}, {"asset_id": "101066027929666724330809450129369780201710900404568820614623389604871233097024", "price": "0.4", "size": "0", "side": "SELL", "hash": "68f5df57d887e8153eca342e9ffb7f472cd34ce4", "best_bid": "0.32", "best_ask": "0.39"}], "timestamp": "1769384036304", "event_type": "price_change"}}
{"_local_timestamp": "2026-01-25T23:33:57.558574+00:00", "data": {"market": "0x00d0e1da6e7e4dc781a84ecc8abd52830a652c0a3a870da7eef8ab4045ef09f1", "price_changes": [{"asset_id": "90310663610228569004344605376967586741522007794861385272228303981255357813672", "price": "0.51", "size": "41.64", "side": "BUY", "hash": "14a5e29999fa1774ce2f0f066c2b21b1b3e180d1", "best_bid": "0.61", "best_ask": "0.68"}, {"asset_id": "101066027929666724330809450129369780201710900404568820614623389604871233097024", "price": "0.49", "size": "41.64", "side": "SELL", "hash": "02339dcad706e6562970e92a1793ca043db10966", "best_bid": "0.32", "best_ask": "0.39"}], "timestamp": "1769384037494", "event_type": "price_change"}}
{"_local_timestamp": "2026-01-25T23:33:57.858575+00:00", "data": {"market": "0x00d0e1da6e7e4dc781a84ecc8abd52830a652c0a3a870da7eef8ab4045ef09f1", "price_changes": [{"asset_id": "90310663610228569004344605376967586741522007794861385272228303981255357813672", "price": "0.61", "size": "100", "side": "BUY", "hash": "cf09ff699077c4c9495af0f276124bad387e1e4a", "best_bid": "0.61", "best_ask": "0.68"}, {"asset_id": "101066027929666724330809450129369780201710900404568820614623389604871233097024", "price": "0.39", "size": "100", "side": "SELL", "hash": "b39b6a7916877514506f879c4248331d5a639532", "best_bid": "0.32", "best_ask": "0.39"}], "timestamp": "1769384037780", "event_type": "price_change"}}
{"_local_timestamp": "2026-01-25T23:33:57.921235+00:00", "data": {"market": "0x00d0e1da6e7e4dc781a84ecc8abd52830a652c0a3a870da7eef8ab4045ef09f1", "price_changes": [{"asset_id": "90310663610228569004344605376967586741522007794861385272228303981255357813672", "price": "0.61", "size": "0", "side": "BUY", "hash": "d84fd9b97b5667587fc651570215ece2c408f6c4", "best_bid": "0.59", "best_ask": "0.68"}, {"asset_id": "101066027929666724330809450129369780201710900404568820614623389604871233097024", "price": "0.39", "size": "0", "side": "SELL", "hash": "ad0c1bc0559e50ab658f25b3fa8e083288865564", "best_bid": "0.32", "best_ask": "0.41"}], "timestamp": "1769384037848", "event_type": "price_change"}}
{"_local_timestamp": "2026-01-25T23:33:58.681928+00:00", "data": {"market": "0x00d0e1da6e7e4dc781a84ecc8abd52830a652c0a3a870da7eef8ab4045ef09f1", "price_changes": [{"asset_id": "90310663610228569004344605376967586741522007794861385272228303981255357813672", "price": "0.51", "size": "141.64", "side": "BUY", "hash": "153adcde6c3393477a060127a19dabc36823e5d3", "best_bid": "0.59", "best_ask": "0.68"}, {"asset_id": "101066027929666724330809450129369780201710900404568820614623389604871233097024", "price": "0.49", "size": "141.64", "side": "SELL", "hash": "c7d838cbb30e34fee4a99bb877c4271dcd7d34f5", "best_bid": "0.32", "best_ask": "0.41"}], "timestamp": "1769384038608", "event_type": "price_change"}}
{"_local_timestamp": "2026-01-25T23:34:02.547866+00:00", "data": {"market": "0x00d0e1da6e7e4dc781a84ecc8abd52830a652c0a3a870da7eef8ab4045ef09f1", "price_changes": [{"asset_id": "90310663610228569004344605376967586741522007794861385272228303981255357813672", "price": "0.51", "size": "41.64", "side": "BUY", "hash": "3b35540151489e693299f44395733063b6c0b034", "best_bid": "0.59", "best_ask": "0.68"}, {"asset_id": "101066027929666724330809450129369780201710900404568820614623389604871233097024", "price": "0.49", "size": "41.64", "side": "SELL", "hash": "b872517e08bac657a22b7e0a2d432d7dd3208847", "best_bid": "0.32", "best_ask": "0.41"}], "timestamp": "1769384042405", "event_type": "price_change"}}
{"_local_timestamp": "2026-01-25T23:34:03.244172+00:00", "data": {"market": "0x00d0e1da6e7e4dc781a84ecc8abd52830a652c0a3a870da7eef8ab4045ef09f1", "price_changes": [{"asset_id": "90310663610228569004344605376967586741522007794861385272228303981255357813672", "price": "0.52", "size": "100", "side": "BUY", "hash": "6b2e0ee79b3e3d469ab6fd82e26467c14e576729", "best_bid": "0.59", "best_ask": "0.68"}, {"asset_id": "101066027929666724330809450129369780201710900404568820614623389604871233097024", "price": "0.48", "size": "100", "side": "SELL", "hash": "e68804763b7e34f7a0cd61e430105837234dc09b", "best_bid": "0.32", "best_ask": "0.41"}], "timestamp": "1769384043170", "event_type": "price_change"}}
{"_local_timestamp": "2026-01-25T23:34:09.649941+00:00", "data": {"market": "0x00d0e1da6e7e4dc781a84ecc8abd52830a652c0a3a870da7eef8ab4045ef09f1", "price_changes": [{"asset_id": "90310663610228569004344605376967586741522007794861385272228303981255357813672", "price": "0.53", "size": "30", "side": "BUY", "hash": "91cb0ba26167ac4d0e372091bc0fc831ee3bec4d", "best_bid": "0.59", "best_ask": "0.68"}, {"asset_id": "101066027929666724330809450129369780201710900404568820614623389604871233097024", "price": "0.47", "size": "30", "side": "SELL", "hash": "728ce23728205a0c3e4610704d35ac810d3bd635", "best_bid": "0.32", "best_ask": "0.41"}], "timestamp": "1769384049583", "event_type": "price_change"}}
{"_local_timestamp": "2026-01-25T23:34:09.943444+00:00", "data": {"market": "0x00d0e1da6e7e4dc781a84ecc8abd52830a652c0a3a870da7eef8ab4045ef09f1", "price_changes": [{"asset_id": "90310663610228569004344605376967586741522007794861385272228303981255357813672", "price": "0.51", "size": "11.64", "side": "BUY", "hash": "fef755c6f6b9ef7a728fa756b7620c164d3cad78", "best_bid": "0.59", "best_ask": "0.68"}, {"asset_id": "101066027929666724330809450129369780201710900404568820614623389604871233097024", "price": "0.49", "size": "11.64", "side": "SELL", "hash": "ee400850adc8729744fb8a343ca335fdf7d10b48", "best_bid": "0.32", "best_ask": "0.41"}], "timestamp": "1769384049868", "event_type": "price_change"}}
{"_local_timestamp": "2026-01-25T23:34:11.383258+00:00", "data": {"market": "0x00d0e1da6e7e4dc781a84ecc8abd52830a652c0a3a870da7eef8ab4045ef09f1", "price_changes": [{"asset_id": "90310663610228569004344605376967586741522007794861385272228303981255357813672", "price": "0.52", "size": "0", "side": "BUY", "hash": "da068ccbf824f465b6857c5f7e4eeb6d44467edd", "best_bid": "0.59", "best_ask": "0.68"}, {"asset_id": "101066027929666724330809450129369780201710900404568820614623389604871233097024", "price": "0.48", "size": "0", "side": "SELL", "hash": "d8037bfdbe35c9eb6ac4f298b347bf63a93fa2b4", "best_bid": "0.32", "best_ask": "0.41"}], "timestamp": "1769384051313", "event_type": "price_change"}}
{"_local_timestamp": "2026-01-25T23:34:12.097392+00:00", "data": {"market": "0x00d0e1da6e7e4dc781a84ecc8abd52830a652c0a3a870da7eef8ab4045ef09f1", "price_changes": [{"asset_id": "90310663610228569004344605376967586741522007794861385272228303981255357813672", "price": "0.51", "size": "111.64", "side": "BUY", "hash": "5d533fc837272126dea53cfb722d9eb9f984133e", "best_bid": "0.59", "best_ask": "0.68"}, {"asset_id": "101066027929666724330809450129369780201710900404568820614623389604871233097024", "price": "0.49", "size": "111.64", "side": "SELL", "hash": "ab911ef9191b829738ee90aa1703c489004a9e31", "best_bid": "0.32", "best_ask": "0.41"}], "timestamp": "1769384052026", "event_type": "price_change"}}
{"_local_timestamp": "2026-01-25T23:34:15.724364+00:00", "data": {"market": "0x00d0e1da6e7e4dc781a84ecc8abd52830a652c0a3a870da7eef8ab4045ef09f1", "price_changes": [{"asset_id": "90310663610228569004344605376967586741522007794861385272228303981255357813672", "price": "0.52", "size": "30", "side": "BUY", "hash": "75125a82b9874d32e29587c0a718582785d3199c", "best_bid": "0.59", "best_ask": "0.68"}, {"asset_id": "101066027929666724330809450129369780201710900404568820614623389604871233097024", "price": "0.48", "size": "30", "side": "SELL", "hash": "acac051792857c1d650c65bc04dce324fef18976", "best_bid": "0.32", "best_ask": "0.41"}], "timestamp": "1769384055649", "event_type": "price_change"}}
{"_local_timestamp": "2026-01-25T23:34:16.006233+00:00", "data": {"market": "0x00d0e1da6e7e4dc781a84ecc8abd52830a652c0a3a870da7eef8ab4045ef09f1", "price_changes": [{"asset_id": "90310663610228569004344605376967586741522007794861385272228303981255357813672", "price": "0.53", "size": "0", "side": "BUY", "hash": "36cb71dcec3bba2f37f1e77ea80c796fb04a730e", "best_bid": "0.59", "best_ask": "0.68"}, {"asset_id": "101066027929666724330809450129369780201710900404568820614623389604871233097024", "price": "0.47", "size": "0", "side": "SELL", "hash": "30424220118c571eafe37a16c11811dd3cd73ee0", "best_bid": "0.32", "best_ask": "0.41"}], "timestamp": "1769384055938", "event_type": "price_change"}}
{"_local_timestamp": "2026-01-25T23:34:43.646738+00:00", "data": {"market": "0x00d0e1da6e7e4dc781a84ecc8abd52830a652c0a3a870da7eef8ab4045ef09f1", "price_changes": [{"asset_id": "90310663610228569004344605376967586741522007794861385272228303981255357813672", "price": "0.22", "size": "10", "side": "BUY", "hash": "d658a2e59cf85034b2f015f74f2e0980a3e6704b", "best_bid": "0.59", "best_ask": "0.68"}, {"asset_id": "101066027929666724330809450129369780201710900404568820614623389604871233097024", "price": "0.78", "size": "10", "side": "SELL", "hash": "ebce80a6febb24ffd5602e4492bf120e76eda2a7", "best_bid": "0.32", "best_ask": "0.41"}], "timestamp": "1769384083548", "event_type": "price_change"}}
{"_local_timestamp": "2026-01-25T23:34:43.869678+00:00", "data": {"market": "0x00d0e1da6e7e4dc781a84ecc8abd52830a652c0a3a870da7eef8ab4045ef09f1", "price_changes": [{"asset_id": "90310663610228569004344605376967586741522007794861385272228303981255357813672", "price": "0.21", "size": "100", "side": "BUY", "hash": "39936ea456f5d3e4ad54bb114aee26ef2579410f", "best_bid": "0.59", "best_ask": "0.68"}, {"asset_id": "101066027929666724330809450129369780201710900404568820614623389604871233097024", "price": "0.79", "size": "100", "side": "SELL", "hash": "66be589c97b2a4af47bb9badd64b2c719f7ff862", "best_bid": "0.32", "best_ask": "0.41"}], "timestamp": "1769384083798", "event_type": "price_change"}}
{"_local_timestamp": "2026-01-25T23:35:00.046868+00:00", "data": {"market": "0x00d0e1da6e7e4dc781a84ecc8abd52830a652c0a3a870da7eef8ab4045ef09f1", "price_changes": [{"asset_id": "101066027929666724330809450129369780201710900404568820614623389604871233097024", "price": "0.01", "size": "7500", "side": "BUY", "hash": "f4390a2f6502d80500afe1c257a151df3b1287a1", "best_bid": "0.32", "best_ask": "0.41"}, {"asset_id": "90310663610228569004344605376967586741522007794861385272228303981255357813672", "price": "0.99", "size": "7500", "side": "SELL", "hash": "4eae10539e2983debb60f4b1f3a9154b05447b64", "best_bid": "0.59", "best_ask": "0.68"}], "timestamp": "1769384099970", "event_type": "price_change"}}
{"_local_timestamp": "2026-01-25T23:35:01.773238+00:00", "data": {"market": "0x00d0e1da6e7e4dc781a84ecc8abd52830a652c0a3a870da7eef8ab4045ef09f1", "price_changes": [{"asset_id": "90310663610228569004344605376967586741522007794861385272228303981255357813672", "price": "0.58", "size": "65.51", "side": "BUY", "hash": "4740226f9a3a2b56dfc8a3ea2ba86f6d4711b65a", "best_bid": "0.59", "best_ask": "0.68"}, {"asset_id": "101066027929666724330809450129369780201710900404568820614623389604871233097024", "price": "0.42", "size": "65.51", "side": "SELL", "hash": "cb82cdae4f99afffc0c003965c913934310f62da", "best_bid": "0.32", "best_ask": "0.41"}], "timestamp": "1769384101655", "event_type": "price_change"}}
{"_local_timestamp": "2026-01-25T23:35:04.593399+00:00", "data": {"market": "0x00d0e1da6e7e4dc781a84ecc8abd52830a652c0a3a870da7eef8ab4045ef09f1", "price_changes": [{"asset_id": "90310663610228569004344605376967586741522007794861385272228303981255357813672", "price": "0.51", "size": "11.64", "side": "BUY", "hash": "87b2ce9d28b91872d3a778a1cba603de182d4183", "best_bid": "0.59", "best_ask": "0.68"}, {"asset_id": "101066027929666724330809450129369780201710900404568820614623389604871233097024", "price": "0.49", "size": "11.64", "side": "SELL", "hash": "d607e9d64a8044403164b8a7c094291cce5b7c33", "best_bid": "0.32", "best_ask": "0.41"}], "timestamp": "1769384104437", "event_type": "price_change"}}
{"_local_timestamp": "2026-01-25T23:35:04.972419+00:00", "data": {"market": "0x00d0e1da6e7e4dc781a84ecc8abd52830a652c0a3a870da7eef8ab4045ef09f1", "price_changes": [{"asset_id": "90310663610228569004344605376967586741522007794861385272228303981255357813672", "price": "0.6", "size": "30", "side": "BUY", "hash": "0c28dae72bea8edc6e7a0d4dca30611a3cb1bf59", "best_bid": "0.6", "best_ask": "0.68"}, {"asset_id": "101066027929666724330809450129369780201710900404568820614623389604871233097024", "price": "0.4", "size": "30", "side": "SELL", "hash": "f4c2bd485eb333dc10e4f71e1942df1b7a0d889f", "best_bid": "0.32", "best_ask": "0.4"}], "timestamp": "1769384104816", "event_type": "price_change"}}
{"_local_timestamp": "2026-01-25T23:35:05.204709+00:00", "data": {"market": "0x00d0e1da6e7e4dc781a84ecc8abd52830a652c0a3a870da7eef8ab4045ef09f1", "price_changes": [{"asset_id": "90310663610228569004344605376967586741522007794861385272228303981255357813672", "price": "0.6", "size": "130", "side": "BUY", "hash": "d4bb17c18bf1fb27a92334b5e97a53744eed6698", "best_bid": "0.6", "best_ask": "0.68"}, {"asset_id": "101066027929666724330809450129369780201710900404568820614623389604871233097024", "price": "0.4", "size": "130", "side": "SELL", "hash": "1c2d33609a6b644faa09bbf4e30d5cada740114d", "best_bid": "0.32", "best_ask": "0.4"}], "timestamp": "1769384105050", "event_type": "price_change"}}
{"_local_timestamp": "2026-01-25T23:35:05.388466+00:00", "data": {"market": "0x00d0e1da6e7e4dc781a84ecc8abd52830a652c0a3a870da7eef8ab4045ef09f1", "price_changes": [{"asset_id": "90310663610228569004344605376967586741522007794861385272228303981255357813672", "price": "0.52", "size": "0", "side": "BUY", "hash": "4d95c97c2aff3a370d250b58a6f82f6488a17faa", "best_bid": "0.6", "best_ask": "0.68"}, {"asset_id": "101066027929666724330809450129369780201710900404568820614623389604871233097024", "price": "0.48", "size": "0", "side": "SELL", "hash": "481706ebc82139261265f06a0351483c21cfc47b", "best_bid": "0.32", "best_ask": "0.4"}], "timestamp": "1769384105241", "event_type": "price_change"}}
