{"_local_timestamp": "2026-01-25T23:33:34.289504+00:00", "data": [{"market": "0x00d0e1da6e7e4dc781a84ecc8abd52830a652c0a3a870da7eef8ab4045ef09f1", "asset_id": "101066027929666724330809450129369780201710900404568820614623389604871233097024", "timestamp": "1769384013547", "hash": "fb6e12cbdda6472995659f5f6b64d31b16d8e1f7", "bids": [{"price": "0.01", "size": "6500"}, {"price": "0.02", "size": "6315.5"}, {"price": "0.03", "size": "200"}, {"price": "0.04", "size": "922.25"}, {"price": "0.06", "size": "566.66"}, {"price": "0.08", "size": "400"}, {"price": "0.1", "size": "558.95"}, {"price": "0.11", "size": "592.07"}, {"price": "0.12", "size": "216.66"}, {"price": "0.13", "size": "50"}, {"price": "0.14", "size": "171.42"}, {"price": "0.16", "size": "344.04"}, {"price": "0.24", "size": "54.16"}, {"price": "0.25", "size": "66.66"}, {"price": "0.26", "size": "42.3"}, {"price": "0.28", "size": "116.97"}, {"price": "0.31", "size": "66.66"}, {"price": "0.32", "size": "100"}], "asks": [{"price": "0.99", "size": "9514.96"}, {"price": "0.98", "size": "5250"}, {"price": "0.97", "size": "200"}, {"price": "0.96", "size": "756.79"}, {"price": "0.92", "size": "4750"}, {"price": "0.9", "size": "250"}, {"price": "0.89", "size": "1459.25"}, {"price": "0.88", "size": "4150"}, {"price": "0.84", "size": "37.15"}, {"price": "0.83", "size": "11"}, {"price": "0.81", "size": "650"}, {"price": "0.78", "size": "110"}, {"price": "0.74", "size": "100"}, {"price": "0.73", "size": "200"}, {"price": "0.72", "size": "16.97"}, {"price": "0.7", "size": "16.97"}, {"price": "0.63", "size": "14.7"}, {"price": "0.55", "size": "900.33"}, {"price": "0.52", "size": "677.08"}, {"price": "0.5", "size": "403.16"}, {"price": "0.49", "size": "11.64"}, {"price": "0.41", "size": "89.55"}, {"price": "0.4", "size": "63.33"}, {"price": "0.39", "size": "130"}], "event_type": "book", "last_trade_price": "0.600"}, {"market": "0x00d0e1da6e7e4dc781a84ecc8abd52830a652c0a3a870da7eef8ab4045ef09f1", "asset_id": "90310663610228569004344605376967586741522007794861385272228303981255357813672", "timestamp": "1769384013547", "hash": "4d84a6ccc3623d2dff0a58d4705ba7310d4b8d74", "bids": [{"price": "0.01", "size": "9514.96"}, {"price": "0.02", "size": "5250"}, {"price": "0.03", "size": "200"}, {"price": "0.04", "size": "756.79"}, {"price": "0.08", "size": "4750"}, {"price": "0.1", "size": "250"}, {"price": "0.11", "size": "1459.25"}, {"price": "0.12", "size": "4150"}, {"price": "0.16", "size": "37.15"}, {"price": "0.17", "size": "11"}, {"price": "0.19", "size": "650"}, {"price": "0.22", "size": "110"}, {"price": "0.26", "size": "100"}, {"price": "0.27", "size": "200"}, {"price": "0.28", "size": "16.97"}, {"price": "0.3", "size": "16.97"}, {"price": "0.37", "size": "14.7"}, {"price": "0.45", "size": "900.33"}, {"price": "0.48", "size": "677.08"}, {"price": "0.5", "size": "403.16"}, {"price": "0.51", "size": "11.64"}, {"price": "0.59", "size": "89.55"}, {"price": "0.6", "size": "63.33"}, {"price": "0.61", "size": "130"}], "asks": [{"price": "0.99", "size": "6500"}, {"price": "0.98", "size": "6315.5"}, {"price": "0.97", "size": "200"}, {"price": "0.96", "size": "922.25"}, {"price": "0.94", "size": "566.66"}, {"price": "0.92", "size": "400"}, {"price": "0.9", "size": "558.95"}, {"price": "0.89", "size": "592.07"}, {"price": "0.88", "size": "216.66"}, {"price": "0.87", "size": "50"}, {"price": "0.86", "size": "171.42"}, {"price": "0.84", "size": "344.04"}, {"price": "0.76", "size": "54.16"}, {"price": "0.75", "size": "66.66"}, {"price": "0.74", "size": "42.3"}, {"price": "0.72", "size": "116.97"}, {"price": "0.69", "size": "66.66"}, {"price": "0.68", "size": "100"}], "event_type": "book", "last_trade_price": "0.600"}]}
{"_local_timestamp": "2026-01-25T23:33:40.342033+00:00", "data": {"market": "0x00d0e1da6e7e4dc781a84ecc8abd52830a652c0a3a870da7eef8ab4045ef09f1", "price_changes": [{"asset_id": "90310663610228569004344605376967586741522007794861385272228303981255357813672", "price": "0.26", "size": "50", "side": "BUY", "hash": "1f111f4afd109cadc53f3a1d6c664aafac67649c", "best_bid": "0.61", "best_ask": "0.68"}, {"asset_id": "101066027929666724330809450129369780201710900404568820614623389604871233097024", "price": "0.74", "size": "50", "side": "SELL", "hash": "f664cd631c8173b4ef64799f0a3a765642041d23", "best_bid": "0.32", "best_ask": "0.39"}], "timestamp": "1769384020105", "event_type": "price_change"}}
{"_local_timestamp": "2026-01-25T23:33:40.688446+00:00", "data": {"market": "0x00d0e1da6e7e4dc781a84ecc8abd52830a652c0a3a870da7eef8ab4045ef09f1", "price_changes": [{"asset_id": "90310663610228569004344605376967586741522007794861385272228303981255357813672", "price": "0.27", "size": "250", "side": "BUY", "hash": "e6f332c99254ae40dffc861218dfab5110f0fc59", "best_bid": "0.61", "best_ask": "0.68"}, {"asset_id": "101066027929666724330809450129369780201710900404568820614623389604871233097024", "price": "0.73", "size": "250", "side": "SELL", "hash": "459c3cf88097f670a4b0fc3aea509563080d85f5", "best_bid": "0.32", "best_ask": "0.39"}], "timestamp": "1769384020532", "event_type": "price_change"}}
{"_local_timestamp": "2026-01-25T23:33:49.139647+00:00", "data": {"market": "0x00d0e1da6e7e4dc781a84ecc8abd52830a652c0a3a870da7eef8ab4045ef09f1", "price_changes": [{"asset_id": "101066027929666724330809450129369780201710900404568820614623389604871233097024", "price": "0.04", "size": "905.77", "side": "BUY", "hash": "368062832a8f68d4033e2978d9c8a3b8c996e955", "best_bid": "0.32", "best_ask": "0.39"}, {"asset_id": "90310663610228569004344605376967586741522007794861385272228303981255357813672", "price": "0.96", "size": "905.77", "side": "SELL", "hash": "cfe5adb443241784212e54f51331141e83521504", "best_bid": "0.61", "best_ask": "0.68"}], "timestamp": "1769384029066", "event_type": "price_change"}}
{"_local_timestamp": "2026-01-25T23:33:49.434558+00:00", "data": {"market": "0x00d0e1da6e7e4dc781a84ecc8abd52830a652c0a3a870da7eef8ab4045ef09f1", "price_changes": [{"asset_id": "101066027929666724330809450129369780201710900404568820614623389604871233097024", "price": "0.09", "size": "7.32", "side": "BUY", "hash": "2bd7eeecced1dfae8e738978f54c2eaa37d29c02", "best_bid": "0.32", "best_ask": "0.39"}, {"asset_id": "90310663610228569004344605376967586741522007794861385272228303981255357813672", "price": "0.91", "size": "7.32", "side": "SELL", "hash": "c9c2f017f407bd801c5be56b81d18c9e5fedd17f", "best_bid": "0.61", "best_ask": "0.68"}], "timestamp": "1769384029367", "event_type": "price_change"}}
