{"_local_timestamp": "2026-01-25T23:40:56.507308+00:00", "data": [{"market": "0x9194a6b9338ef10dad9b40a9d72000869cde140799f922ad239f5ad2a62c1a1a", "asset_id": "74250841174126567462494975800987872184040450219048992791038927055749583058967", "timestamp": "1769384348405", "hash": "f98c3658ecfa1e9ee648bbd3401e9daf6f0d3afb", "bids": [{"price": "0.01", "size": "1930"}, {"price": "0.02", "size": "781.14"}, {"price": "0.03", "size": "433.33"}, {"price": "0.04", "size": "7.28"}, {"price": "0.05", "size": "419.75"}, {"price": "0.06", "size": "121.53"}, {"price": "0.07", "size": "30"}], "asks": [{"price": "0.99", "size": "12005.69"}, {"price": "0.98", "size": "4024"}, {"price": "0.97", "size": "9.07"}, {"price": "0.96", "size": "512"}, {"price": "0.95", "size": "30"}, {"price": "0.92", "size": "828"}, {"price": "0.91", "size": "400"}, {"price": "0.9", "size": "6.3"}, {"price": "0.87", "size": "650"}, {"price": "0.86", "size": "242.85"}, {"price": "0.84", "size": "64"}, {"price": "0.83", "size": "400"}, {"price": "0.82", "size": "177.77"}, {"price": "0.77", "size": "421.73"}, {"price": "0.76", "size": "210"}, {"price": "0.73", "size": "146.29"}, {"price": "0.68", "size": "207"}, {"price": "0.64", "size": "180.55"}, {"price": "0.52", "size": "24"}, {"price": "0.36", "size": "16"}, {"price": "0.34", "size": "124.96"}, {"price": "0.31", "size": "124.96"}, {"price": "0.3", "size": "50"}, {"price": "0.25", "size": "100"}, {"price": "0.24", "size": "100"}, {"price": "0.21", "size": "16.45"}, {"price": "0.2", "size": "50"}, {"price": "0.17", "size": "100"}, {"price": "0.16", "size": "100"}, {"price": "0.13", "size": "15"}, {"price": "0.11", "size": "355.13"}], "event_type": "book", "last_trade_price": "0.890"}, {"market": "0x9194a6b9338ef10dad9b40a9d72000869cde140799f922ad239f5ad2a62c1a1a", "asset_id": "48623189363969109069469954767991439036441545003777424262457355024376678251728", "timestamp": "1769384348405", "hash": "4366b15b767565fdc1ca563b7f6f4eb2534e5c2b", "bids": [{"price": "0.01", "size": "12005.69"}, {"price": "0.02", "size": "4024"}, {"price": "0.03", "size": "9.07"}, {"price": "0.04", "size": "512"}, {"price": "0.05", "size": "30"}, {"price": "0.08", "size": "828"}, {"price": "0.09", "size": "400"}, {"price": "0.1", "size": "6.3"}, {"price": "0.13", "size": "650"}, {"price": "0.14", "size": "242.85"}, {"price": "0.16", "size": "64"}, {"price": "0.17", "size": "400"}, {"price": "0.18", "size": "177.77"}, {"price": "0.23", "size": "421.73"}, {"price": "0.24", "size": "210"}, {"price": "0.27", "size": "146.29"}, {"price": "0.32", "size": "207"}, {"price": "0.36", "size": "180.55"}, {"price": "0.48", "size": "24"}, {"price": "0.64", "size": "16"}, {"price": "0.66", "size": "124.96"}, {"price": "0.69", "size": "124.96"}, {"price": "0.7", "size": "50"}, {"price": "0.75", "size": "100"}, {"price": "0.76", "size": "100"}, {"price": "0.79", "size": "16.45"}, {"price": "0.8", "size": "50"}, {"price": "0.83", "size": "100"}, {"price": "0.84", "size": "100"}, {"price": "0.87", "size": "15"}, {"price": "0.89", "size": "355.13"}], "asks": [{"price": "0.99", "size": "1930"}, {"price": "0.98", "size": "781.14"}, {"price": "0.97", "size": "433.33"}, {"price": "0.96", "size": "7.28"}, {"price": "0.95", "size": "419.75"}, {"price": "0.94", "size": "121.53"}, {"price": "0.93", "size": "30"}], "event_type": "book", "last_trade_price": "0.890"}]}
{"_local_timestamp": "2026-01-25T23:41:39.426832+00:00", "data": {"market": "0x9194a6b9338ef10dad9b40a9d72000869cde140799f922ad239f5ad2a62c1a1a", "price_changes": [{"asset_id": "48623189363969109069469954767991439036441545003777424262457355024376678251728", "price": "0.76", "size": "0", "side": "BUY", "hash": "b21250b89f52f5cff6e61342bf0f44f9a7d751f3", "best_bid": "0.89", "best_ask": "0.93"}, {"asset_id": "74250841174126567462494975800987872184040450219048992791038927055749583058967", "price": "0.24", "size": "0", "side": "SELL", "hash": "66e1d032381509d11990a83c5c058afc029f33db", "best_bid": "0.07", "best_ask": "0.11"}], "timestamp": "1769384499283", "event_type": "price_change"}}
{"_local_timestamp": "2026-01-25T23:41:39.989406+00:00", "data": {"market": "0x9194a6b9338ef10dad9b40a9d72000869cde140799f922ad239f5ad2a62c1a1a", "price_changes": [{"asset_id": "48623189363969109069469954767991439036441545003777424262457355024376678251728", "price": "0.85", "size": "100", "side": "BUY", "hash": "f01dae2e93ca75b68dcd34741b26ee1aabac3bd0", "best_bid": "0.89", "best_ask": "0.93"}, {"asset_id": "74250841174126567462494975800987872184040450219048992791038927055749583058967", "price": "0.15", "size": "100", "side": "SELL", "hash": "5e293da3a423ad0a38ba037cb7ab0ea174e1bc02", "best_bid": "0.07", "best_ask": "0.11"}], "timestamp": "1769384499837", "event_type": "price_change"}}
{"_local_timestamp": "2026-01-25T23:41:40.456689+00:00", "data": {"market": "0x9194a6b9338ef10dad9b40a9d72000869cde140799f922ad239f5ad2a62c1a1a", "price_changes": [{"asset_id": "48623189363969109069469954767991439036441545003777424262457355024376678251728", "price": "0.9", "size": "30", "side": "BUY", "hash": "996b2034d4537f5058ddb25e7bfe342f818e9bca", "best_bid": "0.9", "best_ask": "0.93"}, {"asset_id": "74250841174126567462494975800987872184040450219048992791038927055749583058967", "price": "0.1", "size": "30", "side": "SELL", "hash": "8edb1898c2ec17138ba08d9a8e18f295a1ae528e", "best_bid": "0.07", "best_ask": "0.1"}], "timestamp": "1769384500359", "event_type": "price_change"}}
{"_local_timestamp": "2026-01-25T23:41:43.319251+00:00", "data": {"market": "0x9194a6b9338ef10dad9b40a9d72000869cde140799f922ad239f5ad2a62c1a1a", "price_changes": [{"asset_id": "48623189363969109069469954767991439036441545003777424262457355024376678251728", "price": "0.84", "size": "0", "side": "BUY", "hash": "1fe7ace165880ec7d1ccb8f54f877cdf9d294b3d", "best_bid": "0.9", "best_ask": "0.93"}, {"asset_id": "74250841174126567462494975800987872184040450219048992791038927055749583058967", "price": "0.16", "size": "0", "side": "SELL", "hash": "d6ae1bb2a2949106794e09d54f720046159f501e", "best_bid": "0.07", "best_ask": "0.1"}], "timestamp": "1769384503245", "event_type": "price_change"}}
{"_local_timestamp": "2026-01-25T23:41:44.085595+00:00", "data": {"market": "0x9194a6b9338ef10dad9b40a9d72000869cde140799f922ad239f5ad2a62c1a1a", "price_changes": [{"asset_id": "48623189363969109069469954767991439036441545003777424262457355024376678251728", "price": "0.86", "size": "100", "side": "BUY", "hash": "5e046a4772eee421e46c5893e595ba24f69fc64b", "best_bid": "0.9", "best_ask": "0.93"}, {"asset_id": "74250841174126567462494975800987872184040450219048992791038927055749583058967", "price": "0.14", "size": "100", "side": "SELL", "hash": "f83d5bc16c54eddafa524a1a0752622ef163eadc", "best_bid": "0.07", "best_ask": "0.1"}], "timestamp": "1769384504016", "event_type": "price_change"}}
