{"_local_timestamp": "2026-01-25T23:40:59.955968+00:00", "data": [{"market": "0xdad4e6e57414a92fa03d4e15e8c2e07b85380a87ebb81904a5f67d1c8556ada4", "asset_id": "42723153620114986899527138677498119826187383530151579581130802432995564299860", "timestamp": "1769384311939", "hash": "4e90627c8d918ff9a0961f21150338a986946b0d", "bids": [{"price": "0.01", "size": "139.24"}, {"price": "0.02", "size": "30.2"}, {"price": "0.05", "size": "30"}, {"price": "0.06", "size": "20.56"}, {"price": "0.11", "size": "20"}, {"price": "0.13", "size": "21.26"}, {"price": "0.14", "size": "20"}], "asks": [{"price": "0.99", "size": "2128"}, {"price": "0.98", "size": "16.66"}, {"price": "0.89", "size": "20"}, {"price": "0.8", "size": "198.44"}], "event_type": "book", "last_trade_price": "0.100"}, {"market": "0x38fb69564ae311ef4ed9d34a1d5a3587828e4e660e67009d5a3cde08649c2171", "asset_id": "107685275791096286164005001565561436959674140290833663772296335256910172946680", "timestamp": "1769384418108", "hash": "4a8be9bd5fbda53782b0d344e087d579e6670d62", "bids": [{"price": "0.001", "size": "3052.59"}, {"price": "0.002", "size": "6.57"}, {"price": "0.003", "size": "1000"}, {"price": "0.004", "size": "11.36"}, {"price": "0.01", "size": "4123"}, {"price": "0.011", "size": "5.76"}, {"price": "0.02", "size": "1800"}, {"price": "0.021", "size": "8.82"}, {"price": "0.05", "size": "30"}, {"price": "0.051", "size": "39"}, {"price": "0.052", "size": "5.31"}, {"price": "0.06", "size": "400"}, {"price": "0.1", "size": "200"}, {"price": "0.104", "size": "13.55"}, {"price": "0.106", "size": "45"}, {"price": "0.107", "size": "20"}, {"price": "0.7", "size": "175.51"}], "asks": [{"price": "0.999", "size": "1056.44"}, {"price": "0.998", "size": "66.36"}, {"price": "0.99", "size": "28.96"}, {"price": "0.987", "size": "5"}, {"price": "0.986", "size": "44.99"}], "event_type": "book", "last_trade_price": "0.010"}, {"market": "0xdb63045c5fee5e17add600bc32ff4669ff182e7318ebf2de7ef76f57428e0637", "asset_id": "66239146285239552348107247662987123692248015882372466576713915175598480677131", "timestamp": "1769384311939", "hash": "ee474c1dcd8f54d42ea5320789cc6927da6bc7cc", "bids": [{"price": "0.01", "size": "128"}, {"price": "0.02", "size": "16.66"}, {"price": "0.11", "size": "20"}, {"price": "0.25", "size": "21.26"}], "asks": [{"price": "0.99", "size": "2336.27"}, {"price": "0.98", "size": "32.82"}, {"price": "0.95", "size": "10"}, {"price": "0.92", "size": "15.13"}, {"price": "0.91", "size": "20"}, {"price": "0.79", "size": "158.33"}], "event_type": "book", "last_trade_price": "0.250"}, {"market": "0xb15470d6545c9ffbd3525906a5d2798823f254a4da92793d60cb782eab0a60e6", "asset_id": "90789399138416550270325314131162808548653580120624904482557448689454324951485", "timestamp": "1769384452633", "hash": "b4261f7a8ea8e74936b3440ae9eb55684acc7b8c", "bids": [{"price": "0.01", "size": "129.65"}, {"price": "0.02", "size": "15.19"}, {"price": "0.05", "size": "30"}, {"price": "0.06", "size": "33"}, {"price": "0.07", "size": "23.28"}, {"price": "0.22", "size": "5"}, {"price": "0.25", "size": "8"}, {"price": "0.26", "size": "20"}, {"price": "0.7", "size": "26.6"}], "asks": [{"price": "0.99", "size": "21.46"}, {"price": "0.98", "size": "60.93"}], "event_type": "book", "last_trade_price": "0.980"}, {"market": "0xdad4e6e57414a92fa03d4e15e8c2e07b85380a87ebb81904a5f67d1c8556ada4", "asset_id": "114915801833091228296307497336880451877035366982188025096863607960278359963397", "timestamp": "1769384311939", "hash": "9a8d1fa43dee19e313674f4430b186ca4b9ff103", "bids": [{"price": "0.01", "size": "2128"}, {"price": "0.02", "size": "16.66"}, {"price": "0.11", "size": "20"}, {"price": "0.2", "size": "198.44"}], "asks": [{"price": "0.99", "size": "139.24"}, {"price": "0.98", "size": "30.2"}, {"price": "0.95", "size": "30"}, {"price": "0.94", "size": "20.56"}, {"price": "0.89", "size": "20"}, {"price": "0.87", "size": "21.26"}, {"price": "0.86", "size": "20"}], "event_type": "book", "last_trade_price": "0.100"}, {"market": "0x5b1ffbc2fb2e49e0f27a24b8060cc1ca4d858088244fb6541fbe7d98aec1edfc", "asset_id": "55988747984122854040927657837180471992842893619926975962847031786103973956230", "timestamp": "1769384418108", "hash": "7eac6efbf675bf28c204f0eb262ce0280db49108", "bids": [{"price": "0.001", "size": "1263.99"}, {"price": "0.002", "size": "477.64"}], "asks": [{"price": "0.999", "size": "5297.07"}, {"price": "0.998", "size": "35.89"}, {"price": "0.99", "size": "2123"}, {"price": "0.989", "size": "32.42"}, {"price": "0.95", "size": "30"}, {"price": "0.94", "size": "33"}, {"price": "0.939", "size": "5.08"}, {"price": "0.875", "size": "16"}, {"price": "0.846", "size": "8.14"}, {"price": "0.844", "size": "158.33"}, {"price": "0.842", "size": "45"}, {"price": "0.841", "size": "20"}, {"price": "0.53", "size": "19"}], "event_type": "book", "last_trade_price": "0.002"}, {"market": "0xdb63045c5fee5e17add600bc32ff4669ff182e7318ebf2de7ef76f57428e0637", "asset_id": "102218031695713464375543092457665843104124978678573987166043279966171620326426", "timestamp": "1769384311939", "hash": "a27bb37067f829fc485ab4e963ee209dd1c64fa8", "bids": [{"price": "0.01", "size": "2336.27"}, {"price": "0.02", "size": "32.82"}, {"price": "0.05", "size": "10"}, {"price": "0.08", "size": "15.13"}, {"price": "0.09", "size": "20"}, {"price": "0.21", "size": "158.33"}], "asks": [{"price": "0.99", "size": "128"}, {"price": "0.98", "size": "16.66"}, {"price": "0.89", "size": "20"}, {"price": "0.75", "size": "21.26"}], "event_type": "book", "last_trade_price": "0.250"}, {"market": "0x5b1ffbc2fb2e49e0f27a24b8060cc1ca4d858088244fb6541fbe7d98aec1edfc", "asset_id": "84699240558843336852681019637508402913334763466484851143834992522794763821922", "timestamp": "1769384418108", "hash": "0f6fbe021debe053d2e14cd4b6ea5d85645f9ab9", "bids": [{"price": "0.001", "size": "5297.07"}, {"price": "0.002", "size": "35.89"}, {"price": "0.01", "size": "2123"}, {"price": "0.011", "size": "32.42"}, {"price": "0.05", "size": "30"}, {"price": "0.06", "size": "33"}, {"price": "0.061", "size": "5.08"}, {"price": "0.125", "size": "16"}, {"price": "0.154", "size": "8.14"}, {"price": "0.156", "size": "158.33"}, {"price": "0.158", "size": "45"}, {"price": "0.159", "size": "20"}, {"price": "0.47", "size": "19"}], "asks": [{"price": "0.999", "size": "1263.99"}, {"price": "0.998", "size": "477.64"}], "event_type": "book", "last_trade_price": "0.002"}, {"market": "0xa7f543a60ae9bf63a2fb0761cb6c57f3b0fe6fe2f322badc1cf8efc18e1f06f3", "asset_id": "72064407257107698168904775231646130333321163294482054496695801991988860351955", "timestamp": "1769384428650", "hash": "cb0faa0b1f0e4720d3875c2dee497322220a384f", "bids": [{"price": "0.01", "size": "72.47"}], "asks": [{"price": "0.99", "size": "129.57"}, {"price": "0.98", "size": "15.01"}, {"price": "0.95", "size": "30"}, {"price": "0.94", "size": "33"}, {"price": "0.92", "size": "5.61"}, {"price": "0.91", "size": "22"}, {"price": "0.83", "size": "6.97"}, {"price": "0.82", "size": "20"}, {"price": "0.53", "size": "87.38"}, {"price": "0.35", "size": "9.43"}, {"price": "0.33", "size": "6.26"}], "event_type": "book", "last_trade_price": "0.010"}, {"market": "0x38fb69564ae311ef4ed9d34a1d5a3587828e4e660e67009d5a3cde08649c2171", "asset_id": "90521863996635153941760208041563651859877473351126931907472023157602367136987", "timestamp": "1769384418108", "hash": "041ec807a179bb029a8e9a834a99da1b5308d3c4", "bids": [{"price": "0.001", "size": "1056.44"}, {"price": "0.002", "size": "66.36"}, {"price": "0.01", "size": "28.96"}, {"price": "0.013", "size": "5"}, {"price": "0.014", "size": "44.99"}], "asks": [{"price": "0.999", "size": "3052.59"}, {"price": "0.998", "size": "6.57"}, {"price": "0.997", "size": "1000"}, {"price": "0.996", "size": "11.36"}, {"price": "0.99", "size": "4123"}, {"price": "0.989", "size": "5.76"}, {"price": "0.98", "size": "1800"}, {"price": "0.979", "size": "8.82"}, {"price": "0.95", "size": "30"}, {"price": "0.949", "size": "39"}, {"price": "0.948", "size": "5.31"}, {"price": "0.94", "size": "400"}, {"price": "0.9", "size": "200"}, {"price": "0.896", "size": "13.55"}, {"price": "0.894", "size": "45"}, {"price": "0.893", "size": "20"}, {"price": "0.3", "size": "175.51"}], "event_type": "book", "last_trade_price": "0.010"}, {"market": "0xb15470d6545c9ffbd3525906a5d2798823f254a4da92793d60cb782eab0a60e6", "asset_id": "17900375639478683655679670694975722771965736396567788561403630305042342586821", "timestamp": "1769384452633", "hash": "b5b9998fac66c5eacc3e5627045e0051d303093b", "bids": [{"price": "0.01", "size": "21.46"}, {"price": "0.02", "size": "60.93"}], "asks": [{"price": "0.99", "size": "129.65"}, {"price": "0.98", "size": "15.19"}, {"price": "0.95", "size": "30"}, {"price": "0.94", "size": "33"}, {"price": "0.93", "size": "23.28"}, {"price": "0.78", "size": "5"}, {"price": "0.75", "size": "8"}, {"price": "0.74", "size": "20"}, {"price": "0.3", "size": "26.6"}], "event_type": "book", "last_trade_price": "0.980"}, {"market": "0xa7f543a60ae9bf63a2fb0761cb6c57f3b0fe6fe2f322badc1cf8efc18e1f06f3", "asset_id": "60630035809502871670968527829832130899519184487844530148138037917820105333195", "timestamp": "1769384428650", "hash": "c69bebb39e4607eb443bfdbb59d09de9ccb5c645", "bids": [{"price": "0.01", "size": "129.57"}, {"price": "0.02", "size": "15.01"}, {"price": "0.05", "size": "30"}, {"price": "0.06", "size": "33"}, {"price": "0.08", "size": "5.61"}, {"price": "0.09", "size": "22"}, {"price": "0.17", "size": "6.97"}, {"price": "0.18", "size": "20"}, {"price": "0.47", "size": "87.38"}, {"price": "0.65", "size": "9.43"}, {"price": "0.67", "size": "6.26"}], "asks": [{"price": "0.99", "size": "72.47"}], "event_type": "book", "last_trade_price": "0.010"}]}
