{"_local_timestamp": "2026-01-25T23:40:59.955968+00:00", "data": [{"market": "0xdad4e6e57414a92fa03d4e15e8c2e07b85380a87ebb81904a5f67d1c8556ada4", "asset_id": "42723153620114986899527138677498119826187383530151579581130802432995564299860", "timestamp": "1769384311939", "hash": "4e90627c8d918ff9a0961f21150338a986946b0d", "bids": [{"price": "0.01", "size": "139.24"}, {"price": "0.02", "size": "30.2"}, {"price": "0.05", "size": "30"}, {"price": "0.06", "size": "20.56"}, {"price": "0.11", "size": "20"}, {"price": "0.13", "size": "21.26"}, {"price": "0.14", "size": "20"}], "asks": [{"price": "0.99", "size": "2128"}, {"price": "0.98", "size": "16.66"}, {"price": "0.89", "size": "20"}, {"price": "0.8", "size": "198.44"}], "event_type": "book", "last_trade_price": "0.100"}, {"market": "0x38fb69564ae311ef4ed9d34a1d5a3587828e4e660e67009d5a3cde08649c2171", "asset_id": "107685275791096286164005001565561436959674140290833663772296335256910172946680", "timestamp": "1769384418108", "hash": "4a8be9bd5fbda53782b0d344e087d579e6670d62", "bids": [{"price": "0.001", "size": "3052.59"}, {"price": "0.002", "size": "6.57"}, {"price": "0.003", "size": "1000"}, {"price": "0.004", "size": "11.36"}, {"price": "0.01", "size": "4123"}, {"price": "0.011", "size": "5.76"}, {"price": "0.02", "size": "1800"}, {"price": "0.021", "size": "8.82"}, {"price": "0.05", "size": "30"}, {"price": "0.051", "size": "39"}, {"price": "0.052", "size": "5.31"}, {"price": "0.06", "size": "400"}, {"price": "0.1", "size": "200"}, {"price": "0.104", "size": "13.55"}, {"price": "0.106", "size": "45"}, {"price": "0.107", "size": "20"}, {"price": "0.7", "size": "175.51"}], "asks": [{"price": "0.999", "size": "1056.44"}, {"price": "0.998", "size": "66.36"}, {"price": "0.99", "size": "28.96"}, {"price": "0.987", "size": "5"}, {"price": "0.986", "size": "44.99"}], "event_type": "book", "last_trade_price": "0.010"}, {"market": "0xdb63045c5fee5e17add600bc32ff4669ff182e7318ebf2de7ef76f57428e0637", "asset_id": "66239146285239552348107247662987123692248015882372466576713915175598480677131", "timestamp": "1769384311939", "hash": "ee474c1dcd8f54d42ea5320789cc6927da6bc7cc", "bids": [{"price": "0.01", "size": "128"}, {"price": "0.02", "size": "16.66"}, {"price": "0.11", "size": "20"}, {"price": "0.25", "size": "21.26"}], "asks": [{"price": "0.99", "size": "2336.27"}, {"price": "0.98", "size": "32.82"}, {"price": "0.95", "size": "10"}, {"price": "0.92", "size": "15.13"}, {"price": "0.91", "size": "20"}, {"price": "0.79", "size": "158.33"}], "event_type": "book", "last_trade_price": "0.250"}, {"market": "0xb15470d6545c9ffbd3525906a5d2798823f254a4da92793d60cb782eab0a60e6", "asset_id": "90789399138416550270325314131162808548653580120624904482557448689454324951485", "timestamp": "1769384452633", "hash": "b4261f7a8ea8e74936b3440ae9eb55684acc7b8c", "bids": [{"price": "0.01", "size": "129.65"}, {"price": "0.02", "size": "15.19"}, {"price": "0.05", "size": "30"}, {"price": "0.06", "size": "33"}, {"price": "0.07", "size": "23.28"}, {"price": "0.22", "size": "5"}, {"price": "0.25", "size": "8"}, {"price": "0.26", "size": "20"}, {"price": "0.7", "size": "26.6"}], "asks": [{"price": "0.99", "size": "21.46"}, {"price": "0.98", "size": "60.93"}], "event_type": "book", "last_trade_price": "0.980"}, {"market": "0xdad4e6e57414a92fa03d4e15e8c2e07b85380a87ebb81904a5f67d1c8556ada4", "asset_id": "114915801833091228296307497336880451877035366982188025096863607960278359963397", "timestamp": "1769384311939", "hash": "9a8d1fa43dee19e313674f4430b186ca4b9ff103", "bids": [{"price": "0.01", "size": "2128"}, {"price": "0.02", "size": "16.66"}, {"price": "0.11", "size": "20"}, {"price": "0.2", "size": "198.44"}], "asks": [{"price": "0.99", "size": "139.24"}, {"price": "0.98", "size": "30.2"}, {"price": "0.95", "size": "30"}, {"price": "0.94", "size": "20.56"}, {"price": "0.89", "size": "20"}, {"price": "0.87", "size": "21.26"}, {"price": "0.86", "size": "20"}], "event_type": "book", "last_trade_price": "0.100"}, {"market": "0x5b1ffbc2fb2e49e0f27a24b8060cc1ca4d858088244fb6541fbe7d98aec1edfc", "asset_id": "55988747984122854040927657837180471992842893619926975962847031786103973956230", "timestamp": "1769384418108", "hash": "7eac6efbf675bf28c204f0eb262ce0280db49108", "bids": [{"price": "0.001", "size": "1263.99"}, {"price": "0.002", "size": "477.64"}], "asks": [{"price": "0.999", "size": "5297.07"}, {"price": "0.998", "size": "35.89"}, {"price": "0.99", "size": "2123"}, {"price": "0.989", "size": "32.42"}, {"price": "0.95", "size": "30"}, {"price": "0.94", "size": "33"}, {"price": "0.939", "size": "5.08"}, {"price": "0.875", "size": "16"}, {"price": "0.846", "size": "8.14"}, {"price": "0.844", "size": "158.33"}, {"price": "0.842", "size": "45"}, {"price": "0.841", "size": "20"}, {"price": "0.53", "size": "19"}], "event_type": "book", "last_trade_price": "0.002"}, {"market": "0xdb63045c5fee5e17add600bc32ff4669ff182e7318ebf2de7ef76f57428e0637", "asset_id": "102218031695713464375543092457665843104124978678573987166043279966171620326426", "timestamp": "1769384311939", "hash": "a27bb37067f829fc485ab4e963ee209dd1c64fa8", "bids": [{"price": "0.01", "size": "2336.27"}, {"price": "0.02", "size": "32.82"}, {"price": "0.05", "size": "10"}, {"price": "0.08", "size": "15.13"}, {"price": "0.09", "size": "20"}, {"price": "0.21", "size": "158.33"}], "asks": [{"price": "0.99", "size": "128"}, {"price": "0.98", "size": "16.66"}, {"price": "0.89", "size": "20"}, {"price": "0.75", "size": "21.26"}], "event_type": "book", "last_trade_price": "0.250"}, {"market": "0x5b1ffbc2fb2e49e0f27a24b8060cc1ca4d858088244fb6541fbe7d98aec1edfc", "asset_id": "84699240558843336852681019637508402913334763466484851143834992522794763821922", "timestamp": "1769384418108", "hash": "0f6fbe021debe053d2e14cd4b6ea5d85645f9ab9", "bids": [{"price": "0.001", "size": "5297.07"}, {"price": "0.002", "size": "35.89"}, {"price": "0.01", "size": "2123"}, {"price": "0.011", "size": "32.42"}, {"price": "0.05", "size": "30"}, {"price": "0.06", "size": "33"}, {"price": "0.061", "size": "5.08"}, {"price": "0.125", "size": "16"}, {"price": "0.154", "size": "8.14"}, {"price": "0.156", "size": "158.33"}, {"price": "0.158", "size": "45"}, {"price": "0.159", "size": "20"}, {"price": "0.47", "size": "19"}], "asks": [{"price": "0.999", "size": "1263.99"}, {"price": "0.998", "size": "477.64"}], "event_type": "book", "last_trade_price": "0.002"}, {"market": "0xa7f543a60ae9bf63a2fb0761cb6c57f3b0fe6fe2f322badc1cf8efc18e1f06f3", "asset_id": "72064407257107698168904775231646130333321163294482054496695801991988860351955", "timestamp": "1769384428650", "hash": "cb0faa0b1f0e4720d3875c2dee497322220a384f", "bids": [{"price": "0.01", "size": "72.47"}], "asks": [{"price": "0.99", "size": "129.57"}, {"price": "0.98", "size": "15.01"}, {"price": "0.95", "size": "30"}, {"price": "0.94", "size": "33"}, {"price": "0.92", "size": "5.61"}, {"price": "0.91", "size": "22"}, {"price": "0.83", "size": "6.97"}, {"price": "0.82", "size": "20"}, {"price": "0.53", "size": "87.38"}, {"price": "0.35", "size": "9.43"}, {"price": "0.33", "size": "6.26"}], "event_type": "book", "last_trade_price": "0.010"}, {"market": "0x38fb69564ae311ef4ed9d34a1d5a3587828e4e660e67009d5a3cde08649c2171", "asset_id": "90521863996635153941760208041563651859877473351126931907472023157602367136987", "timestamp": "1769384418108", "hash": "041ec807a179bb029a8e9a834a99da1b5308d3c4", "bids": [{"price": "0.001", "size": "1056.44"}, {"price": "0.002", "size": "66.36"}, {"price": "0.01", "size": "28.96"}, {"price": "0.013", "size": "5"}, {"price": "0.014", "size": "44.99"}], "asks": [{"price": "0.999", "size": "3052.59"}, {"price": "0.998", "size": "6.57"}, {"price": "0.997", "size": "1000"}, {"price": "0.996", "size": "11.36"}, {"price": "0.99", "size": "4123"}, {"price": "0.989", "size": "5.76"}, {"price": "0.98", "size": "1800"}, {"price": "0.979", "size": "8.82"}, {"price": "0.95", "size": "30"}, {"price": "0.949", "size": "39"}, {"price": "0.948", "size": "5.31"}, {"price": "0.94", "size": "400"}, {"price": "0.9", "size": "200"}, {"price": "0.896", "size": "13.55"}, {"price": "0.894", "size": "45"}, {"price": "0.893", "size": "20"}, {"price": "0.3", "size": "175.51"}], "event_type": "book", "last_trade_price": "0.010"}, {"market": "0xb15470d6545c9ffbd3525906a5d2798823f254a4da92793d60cb782eab0a60e6", "asset_id": "17900375639478683655679670694975722771965736396567788561403630305042342586821", "timestamp": "1769384452633", "hash": "b5b9998fac66c5eacc3e5627045e0051d303093b", "bids": [{"price": "0.01", "size": "21.46"}, {"price": "0.02", "size": "60.93"}], "asks": [{"price": "0.99", "size": "129.65"}, {"price": "0.98", "size": "15.19"}, {"price": "0.95", "size": "30"}, {"price": "0.94", "size": "33"}, {"price": "0.93", "size": "23.28"}, {"price": "0.78", "size": "5"}, {"price": "0.75", "size": "8"}, {"price": "0.74", "size": "20"}, {"price": "0.3", "size": "26.6"}], "event_type": "book", "last_trade_price": "0.980"}, {"market": "0xa7f543a60ae9bf63a2fb0761cb6c57f3b0fe6fe2f322badc1cf8efc18e1f06f3", "asset_id": "60630035809502871670968527829832130899519184487844530148138037917820105333195", "timestamp": "1769384428650", "hash": "c69bebb39e4607eb443bfdbb59d09de9ccb5c645", "bids": [{"price": "0.01", "size": "129.57"}, {"price": "0.02", "size": "15.01"}, {"price": "0.05", "size": "30"}, {"price": "0.06", "size": "33"}, {"price": "0.08", "size": "5.61"}, {"price": "0.09", "size": "22"}, {"price": "0.17", "size": "6.97"}, {"price": "0.18", "size": "20"}, {"price": "0.47", "size": "87.38"}, {"price": "0.65", "size": "9.43"}, {"price": "0.67", "size": "6.26"}], "asks": [{"price": "0.99", "size": "72.47"}], "event_type": "book", "last_trade_price": "0.010"}]}
{"_local_timestamp": "2026-01-25T23:41:12.041980+00:00", "data": {"market": "0x5b1ffbc2fb2e49e0f27a24b8060cc1ca4d858088244fb6541fbe7d98aec1edfc", "price_changes": [{"asset_id": "84699240558843336852681019637508402913334763466484851143834992522794763821922", "price": "0.156", "size": "0", "side": "BUY", "hash": "b2cd3a48ecb3c6079ced950cc708f6283cda80e0", "best_bid": "0.47", "best_ask": "0.998"}, {"asset_id": "55988747984122854040927657837180471992842893619926975962847031786103973956230", "price": "0.844", "size": "0", "side": "SELL", "hash": "e3dfcc3a469390ef1ebaf397dc135770e126e064", "best_bid": "0.002", "best_ask": "0.53"}], "timestamp": "1769384471927", "event_type": "price_change"}}
{"_local_timestamp": "2026-01-25T23:41:15.834439+00:00", "data": {"market": "0xa7f543a60ae9bf63a2fb0761cb6c57f3b0fe6fe2f322badc1cf8efc18e1f06f3", "price_changes": [{"asset_id": "60630035809502871670968527829832130899519184487844530148138037917820105333195", "price": "0.08", "size": "0", "side": "BUY", "hash": "3e103fef8b24b5466efcb934b70d4db43c19f482", "best_bid": "0.67", "best_ask": "0.99"}, {"asset_id": "72064407257107698168904775231646130333321163294482054496695801991988860351955", "price": "0.92", "size": "0", "side": "SELL", "hash": "c86917cf218f903072ecb914f08c221454360cdb", "best_bid": "0.01", "best_ask": "0.33"}], "timestamp": "1769384475763", "event_type": "price_change"}}
{"_local_timestamp": "2026-01-25T23:41:15.836041+00:00", "data": {"market": "0xa7f543a60ae9bf63a2fb0761cb6c57f3b0fe6fe2f322badc1cf8efc18e1f06f3", "price_changes": [{"asset_id": "60630035809502871670968527829832130899519184487844530148138037917820105333195", "price": "0.17", "size": "0", "side": "BUY", "hash": "3e103fef8b24b5466efcb934b70d4db43c19f482", "best_bid": "0.67", "best_ask": "0.99"}, {"asset_id": "72064407257107698168904775231646130333321163294482054496695801991988860351955", "price": "0.83", "size": "0", "side": "SELL", "hash": "c86917cf218f903072ecb914f08c221454360cdb", "best_bid": "0.01", "best_ask": "0.33"}], "timestamp": "1769384475763", "event_type": "price_change"}}
{"_local_timestamp": "2026-01-25T23:41:18.349090+00:00", "data": {"market": "0xa7f543a60ae9bf63a2fb0761cb6c57f3b0fe6fe2f322badc1cf8efc18e1f06f3", "price_changes": [{"asset_id": "60630035809502871670968527829832130899519184487844530148138037917820105333195", "price": "0.18", "size": "0", "side": "BUY", "hash": "a8af73dada201f977078eeee30124b5326bac561", "best_bid": "0.67", "best_ask": "0.99"}, {"asset_id": "72064407257107698168904775231646130333321163294482054496695801991988860351955", "price": "0.82", "size": "0", "side": "SELL", "hash": "a44a534e9b1ddc49563718664dc3032950795a5c", "best_bid": "0.01", "best_ask": "0.33"}], "timestamp": "1769384478226", "event_type": "price_change"}}
{"_local_timestamp": "2026-01-25T23:41:18.383360+00:00", "data": {"market": "0xa7f543a60ae9bf63a2fb0761cb6c57f3b0fe6fe2f322badc1cf8efc18e1f06f3", "price_changes": [{"asset_id": "60630035809502871670968527829832130899519184487844530148138037917820105333195", "price": "0.1", "size": "20", "side": "BUY", "hash": "058585f1866556ec2bcb29207f9840681da2a74d", "best_bid": "0.67", "best_ask": "0.99"}, {"asset_id": "72064407257107698168904775231646130333321163294482054496695801991988860351955", "price": "0.9", "size": "20", "side": "SELL", "hash": "ec1741517153e877ee69158c365109ddef731607", "best_bid": "0.01", "best_ask": "0.33"}], "timestamp": "1769384478252", "event_type": "price_change"}}
{"_local_timestamp": "2026-01-25T23:41:18.610698+00:00", "data": {"market": "0xa7f543a60ae9bf63a2fb0761cb6c57f3b0fe6fe2f322badc1cf8efc18e1f06f3", "price_changes": [{"asset_id": "60630035809502871670968527829832130899519184487844530148138037917820105333195", "price": "0.07", "size": "8.17", "side": "BUY", "hash": "964731fd4589e6d696578a5d9d699652c839f005", "best_bid": "0.67", "best_ask": "0.99"}, {"asset_id": "72064407257107698168904775231646130333321163294482054496695801991988860351955", "price": "0.93", "size": "8.17", "side": "SELL", "hash": "7afc8554918736b00a3b35cf5d0fb46f81e22a3a", "best_bid": "0.01", "best_ask": "0.33"}], "timestamp": "1769384478547", "event_type": "price_change"}}
{"_local_timestamp": "2026-01-25T23:41:18.616885+00:00", "data": {"market": "0xa7f543a60ae9bf63a2fb0761cb6c57f3b0fe6fe2f322badc1cf8efc18e1f06f3", "price_changes": [{"asset_id": "60630035809502871670968527829832130899519184487844530148138037917820105333195", "price": "0.19", "size": "5.58", "side": "BUY", "hash": "657c00fe703be3290fb082ca2350c7b42e94d01b", "best_bid": "0.67", "best_ask": "0.99"}, {"asset_id": "72064407257107698168904775231646130333321163294482054496695801991988860351955", "price": "0.81", "size": "5.58", "side": "SELL", "hash": "c7dc1fe741bc33bf2f94db440d1e106c7e8a3c0b", "best_bid": "0.01", "best_ask": "0.33"}], "timestamp": "1769384478551", "event_type": "price_change"}}
{"_local_timestamp": "2026-01-25T23:41:19.201178+00:00", "data": {"market": "0x38fb69564ae311ef4ed9d34a1d5a3587828e4e660e67009d5a3cde08649c2171", "price_changes": [{"asset_id": "107685275791096286164005001565561436959674140290833663772296335256910172946680", "price": "0.104", "size": "0", "side": "BUY", "hash": "4c18cc2008d4b74e3a4fe23e9f04bad70f400c39", "best_bid": "0.7", "best_ask": "0.986"}, {"asset_id": "90521863996635153941760208041563651859877473351126931907472023157602367136987", "price": "0.896", "size": "0", "side": "SELL", "hash": "9fc17e0b8655e92edd3d7be4193cdc12a62ddfc1", "best_bid": "0.014", "best_ask": "0.3"}], "timestamp": "1769384479119", "event_type": "price_change"}}
{"_local_timestamp": "2026-01-25T23:41:21.793595+00:00", "data": {"market": "0x38fb69564ae311ef4ed9d34a1d5a3587828e4e660e67009d5a3cde08649c2171", "price_changes": [{"asset_id": "107685275791096286164005001565561436959674140290833663772296335256910172946680", "price": "0.108", "size": "13.05", "side": "BUY", "hash": "146c4afdb8820a24fbb8e0aef9c82daec53e7a5c", "best_bid": "0.7", "best_ask": "0.986"}, {"asset_id": "90521863996635153941760208041563651859877473351126931907472023157602367136987", "price": "0.892", "size": "13.05", "side": "SELL", "hash": "ec8971137265a97a45d817dfebf2162ffa17c7c4", "best_bid": "0.014", "best_ask": "0.3"}], "timestamp": "1769384481728", "event_type": "price_change"}}
{"_local_timestamp": "2026-01-25T23:41:23.820282+00:00", "data": {"market": "0x38fb69564ae311ef4ed9d34a1d5a3587828e4e660e67009d5a3cde08649c2171", "price_changes": [{"asset_id": "107685275791096286164005001565561436959674140290833663772296335256910172946680", "price": "0.107", "size": "0", "side": "BUY", "hash": "f80337f0a14306bc8e2a02abaa036d6a7603e919", "best_bid": "0.7", "best_ask": "0.986"}, {"asset_id": "90521863996635153941760208041563651859877473351126931907472023157602367136987", "price": "0.893", "size": "0", "side": "SELL", "hash": "d5541dc3c57728db9a6772becd9bb2da8de53631", "best_bid": "0.014", "best_ask": "0.3"}], "timestamp": "1769384483753", "event_type": "price_change"}}
{"_local_timestamp": "2026-01-25T23:41:23.847093+00:00", "data": {"market": "0x38fb69564ae311ef4ed9d34a1d5a3587828e4e660e67009d5a3cde08649c2171", "price_changes": [{"asset_id": "107685275791096286164005001565561436959674140290833663772296335256910172946680", "price": "0.109", "size": "20", "side": "BUY", "hash": "e1edf4c7571f877e8dbaf183cc7398dfbc4bf102", "best_bid": "0.7", "best_ask": "0.986"}, {"asset_id": "90521863996635153941760208041563651859877473351126931907472023157602367136987", "price": "0.891", "size": "20", "side": "SELL", "hash": "f4cfe79f5e4bc8582efe78e4396b0fb1da105b19", "best_bid": "0.014", "best_ask": "0.3"}], "timestamp": "1769384483780", "event_type": "price_change"}}
{"_local_timestamp": "2026-01-25T23:41:25.125130+00:00", "data": {"market": "0xa7f543a60ae9bf63a2fb0761cb6c57f3b0fe6fe2f322badc1cf8efc18e1f06f3", "price_changes": [{"asset_id": "72064407257107698168904775231646130333321163294482054496695801991988860351955", "price": "0.33", "size": "0", "side": "SELL", "hash": "b7ee06c4af16370c1ae721b414f9dc9182a9e254", "best_bid": "0.01", "best_ask": "0.35"}, {"asset_id": "60630035809502871670968527829832130899519184487844530148138037917820105333195", "price": "0.67", "size": "0", "side": "BUY", "hash": "3181375fe68635fccfda0ff6b3191fab2b5e125b", "best_bid": "0.65", "best_ask": "0.99"}], "timestamp": "1769384485061", "event_type": "price_change"}}
{"_local_timestamp": "2026-01-25T23:41:27.836592+00:00", "data": {"market": "0xa7f543a60ae9bf63a2fb0761cb6c57f3b0fe6fe2f322badc1cf8efc18e1f06f3", "price_changes": [{"asset_id": "72064407257107698168904775231646130333321163294482054496695801991988860351955", "price": "0.34", "size": "6.26", "side": "SELL", "hash": "42997039c867c7d54d66b6cd0974dbb78cbde4a3", "best_bid": "0.01", "best_ask": "0.34"}, {"asset_id": "60630035809502871670968527829832130899519184487844530148138037917820105333195", "price": "0.66", "size": "6.26", "side": "BUY", "hash": "1faf5392019f75f1d2abecf0a0f302a30ef97c11", "best_bid": "0.66", "best_ask": "0.99"}], "timestamp": "1769384487760", "event_type": "price_change"}}
{"_local_timestamp": "2026-01-25T23:41:27.858535+00:00", "data": {"market": "0xdad4e6e57414a92fa03d4e15e8c2e07b85380a87ebb81904a5f67d1c8556ada4", "price_changes": [{"asset_id": "42723153620114986899527138677498119826187383530151579581130802432995564299860", "price": "0.19", "size": "20", "side": "BUY", "hash": "55d2354a7d62d56b79fc2a183b24dcbd84a769ee", "best_bid": "0.19", "best_ask": "0.8"}, {"asset_id": "114915801833091228296307497336880451877035366982188025096863607960278359963397", "price": "0.81", "size": "20", "side": "SELL", "hash": "be09e6c2692287e9ecc3da964deecbb80af997b3", "best_bid": "0.2", "best_ask": "0.81"}], "timestamp": "1769384487787", "event_type": "price_change"}}
{"_local_timestamp": "2026-01-25T23:41:29.301820+00:00", "data": {"market": "0xdad4e6e57414a92fa03d4e15e8c2e07b85380a87ebb81904a5f67d1c8556ada4", "price_changes": [{"asset_id": "42723153620114986899527138677498119826187383530151579581130802432995564299860", "price": "0.14", "size": "0", "side": "BUY", "hash": "eb66d7c28d04974118b64eef041b4f3fc1e84a81", "best_bid": "0.19", "best_ask": "0.8"}, {"asset_id": "114915801833091228296307497336880451877035366982188025096863607960278359963397", "price": "0.86", "size": "0", "side": "SELL", "hash": "0dd9787c02c32f5e403d998cd7b41f5fc847cadd", "best_bid": "0.2", "best_ask": "0.81"}], "timestamp": "1769384489233", "event_type": "price_change"}}
{"_local_timestamp": "2026-01-25T23:41:29.323561+00:00", "data": {"market": "0xdb63045c5fee5e17add600bc32ff4669ff182e7318ebf2de7ef76f57428e0637", "price_changes": [{"asset_id": "102218031695713464375543092457665843104124978678573987166043279966171620326426", "price": "0.23", "size": "20", "side": "BUY", "hash": "5e516057b2d1eaf0b478fc3eef76fb59bac87ac5", "best_bid": "0.23", "best_ask": "0.75"}, {"asset_id": "66239146285239552348107247662987123692248015882372466576713915175598480677131", "price": "0.77", "size": "20", "side": "SELL", "hash": "688c04d55ea28ff7ce480c5de6e4b5ed75eb8dad", "best_bid": "0.25", "best_ask": "0.77"}], "timestamp": "1769384489254", "event_type": "price_change"}}
{"_local_timestamp": "2026-01-25T23:41:29.324549+00:00", "data": {"market": "0xdad4e6e57414a92fa03d4e15e8c2e07b85380a87ebb81904a5f67d1c8556ada4", "price_changes": [{"asset_id": "42723153620114986899527138677498119826187383530151579581130802432995564299860", "price": "0.2", "size": "20", "side": "BUY", "hash": "489341d7f3c8202d7fbc0c2fa2bed9d8eb9487fa", "best_bid": "0.2", "best_ask": "0.8"}, {"asset_id": "114915801833091228296307497336880451877035366982188025096863607960278359963397", "price": "0.8", "size": "20", "side": "SELL", "hash": "0fe893f25787c6144c120d6478997393ab2f6963", "best_bid": "0.2", "best_ask": "0.8"}], "timestamp": "1769384489254", "event_type": "price_change"}}
{"_local_timestamp": "2026-01-25T23:41:29.349592+00:00", "data": {"market": "0x5b1ffbc2fb2e49e0f27a24b8060cc1ca4d858088244fb6541fbe7d98aec1edfc", "price_changes": [{"asset_id": "84699240558843336852681019637508402913334763466484851143834992522794763821922", "price": "0.478", "size": "20", "side": "BUY", "hash": "af8080f63b8ed0f03cd2cab7bf6fbf357d7cfd60", "best_bid": "0.478", "best_ask": "0.998"}, {"asset_id": "55988747984122854040927657837180471992842893619926975962847031786103973956230", "price": "0.522", "size": "20", "side": "SELL", "hash": "dabbf22a4b9899868305bdb1cafc4e9a77c8182d", "best_bid": "0.002", "best_ask": "0.522"}], "timestamp": "1769384489273", "event_type": "price_change"}}
{"_local_timestamp": "2026-01-25T23:41:29.354221+00:00", "data": {"market": "0xdad4e6e57414a92fa03d4e15e8c2e07b85380a87ebb81904a5f67d1c8556ada4", "price_changes": [{"asset_id": "42723153620114986899527138677498119826187383530151579581130802432995564299860", "price": "0.19", "size": "0", "side": "BUY", "hash": "69a979b91e65604d06e5b591c829df45e4bf6f73", "best_bid": "0.2", "best_ask": "0.8"}, {"asset_id": "114915801833091228296307497336880451877035366982188025096863607960278359963397", "price": "0.81", "size": "0", "side": "SELL", "hash": "358608be337f876376a8b8dc1ffcdf5962352959", "best_bid": "0.2", "best_ask": "0.8"}], "timestamp": "1769384489291", "event_type": "price_change"}}
{"_local_timestamp": "2026-01-25T23:41:29.636296+00:00", "data": {"market": "0xdad4e6e57414a92fa03d4e15e8c2e07b85380a87ebb81904a5f67d1c8556ada4", "price_changes": [{"asset_id": "42723153620114986899527138677498119826187383530151579581130802432995564299860", "price": "0.2", "size": "0", "side": "BUY", "hash": "0333ce0fb451f97c02e78944ceeee00bbdc166e4", "best_bid": "0.13", "best_ask": "0.8"}, {"asset_id": "114915801833091228296307497336880451877035366982188025096863607960278359963397", "price": "0.8", "size": "0", "side": "SELL", "hash": "3342343e503c3a461c711d0b72a06c76c052cf60", "best_bid": "0.2", "best_ask": "0.87"}], "timestamp": "1769384489569", "event_type": "price_change"}}
{"_local_timestamp": "2026-01-25T23:41:29.659448+00:00", "data": {"market": "0xdad4e6e57414a92fa03d4e15e8c2e07b85380a87ebb81904a5f67d1c8556ada4", "price_changes": [{"asset_id": "42723153620114986899527138677498119826187383530151579581130802432995564299860", "price": "0.14", "size": "20", "side": "BUY", "hash": "453aeb57560df7ab73b719be10058221b4c28b9a", "best_bid": "0.14", "best_ask": "0.8"}, {"asset_id": "114915801833091228296307497336880451877035366982188025096863607960278359963397", "price": "0.86", "size": "20", "side": "SELL", "hash": "e1e3516d68ea4e559b8d572b7df5d8bdd740bf09", "best_bid": "0.2", "best_ask": "0.86"}], "timestamp": "1769384489592", "event_type": "price_change"}}
{"_local_timestamp": "2026-01-25T23:41:29.660856+00:00", "data": {"market": "0xdad4e6e57414a92fa03d4e15e8c2e07b85380a87ebb81904a5f67d1c8556ada4", "price_changes": [{"asset_id": "42723153620114986899527138677498119826187383530151579581130802432995564299860", "price": "0.25", "size": "20", "side": "BUY", "hash": "291b62f26658b2dcc503643293b2a788cda81627", "best_bid": "0.25", "best_ask": "0.8"}, {"asset_id": "114915801833091228296307497336880451877035366982188025096863607960278359963397", "price": "0.75", "size": "20", "side": "SELL", "hash": "7ee29e6d1e4874052399fb8fc5c78cd5754ac52f", "best_bid": "0.2", "best_ask": "0.75"}], "timestamp": "1769384489592", "event_type": "price_change"}}
{"_local_timestamp": "2026-01-25T23:41:39.291246+00:00", "data": {"market": "0x5b1ffbc2fb2e49e0f27a24b8060cc1ca4d858088244fb6541fbe7d98aec1edfc", "price_changes": [{"asset_id": "84699240558843336852681019637508402913334763466484851143834992522794763821922", "price": "0.01", "size": "123", "side": "BUY", "hash": "c38b80a4b338e25227eaa361c02baaf266bad05d", "best_bid": "0.478", "best_ask": "0.998"}, {"asset_id": "55988747984122854040927657837180471992842893619926975962847031786103973956230", "price": "0.99", "size": "123", "side": "SELL", "hash": "1e77eb92e3418b141127e1a2c88563925a7c1955", "best_bid": "0.002", "best_ask": "0.522"}], "timestamp": "1769384499208", "event_type": "price_change"}}
{"_local_timestamp": "2026-01-25T23:41:47.914332+00:00", "data": {"market": "0x5b1ffbc2fb2e49e0f27a24b8060cc1ca4d858088244fb6541fbe7d98aec1edfc", "price_changes": [{"asset_id": "84699240558843336852681019637508402913334763466484851143834992522794763821922", "price": "0.47", "size": "0", "side": "BUY", "hash": "3aaeaa7c24eba1cd8b6db05ec6171f78ca18b053", "best_bid": "0.478", "best_ask": "0.998"}, {"asset_id": "55988747984122854040927657837180471992842893619926975962847031786103973956230", "price": "0.53", "size": "0", "side": "SELL", "hash": "ad3f7cda1b2c90692a3ce2fd6528bcf5cb64e7e2", "best_bid": "0.002", "best_ask": "0.522"}], "timestamp": "1769384507851", "event_type": "price_change"}}
{"_local_timestamp": "2026-01-25T23:41:51.973309+00:00", "data": {"market": "0xa7f543a60ae9bf63a2fb0761cb6c57f3b0fe6fe2f322badc1cf8efc18e1f06f3", "price_changes": [{"asset_id": "60630035809502871670968527829832130899519184487844530148138037917820105333195", "price": "0.66", "size": "63.83", "side": "BUY", "hash": "a1e3a9fb8772476f2b7256498895a7fb89d67cc2", "best_bid": "0.66", "best_ask": "0.99"}, {"asset_id": "72064407257107698168904775231646130333321163294482054496695801991988860351955", "price": "0.34", "size": "63.83", "side": "SELL", "hash": "be8589a4a55879376215421c7101d5916f511fca", "best_bid": "0.01", "best_ask": "0.34"}], "timestamp": "1769384511864", "event_type": "price_change"}}
{"_local_timestamp": "2026-01-25T23:41:58.893004+00:00", "data": {"market": "0x38fb69564ae311ef4ed9d34a1d5a3587828e4e660e67009d5a3cde08649c2171", "price_changes": [{"asset_id": "90521863996635153941760208041563651859877473351126931907472023157602367136987", "price": "0.002", "size": "72.55", "side": "BUY", "hash": "036b06a2da3bffbc92cb34abca445bfea15b9ccd", "best_bid": "0.014", "best_ask": "0.3"}, {"asset_id": "107685275791096286164005001565561436959674140290833663772296335256910172946680", "price": "0.998", "size": "72.55", "side": "SELL", "hash": "37b57553af8aa8e27246a7b267f0e948d57b6cd3", "best_bid": "0.7", "best_ask": "0.986"}], "timestamp": "1769384518821", "event_type": "price_change"}}
{"_local_timestamp": "2026-01-25T23:42:21.982095+00:00", "data": {"market": "0x5b1ffbc2fb2e49e0f27a24b8060cc1ca4d858088244fb6541fbe7d98aec1edfc", "price_changes": [{"asset_id": "84699240558843336852681019637508402913334763466484851143834992522794763821922", "price": "0.154", "size": "0", "side": "BUY", "hash": "d758092ebca0292c5063099c5206cbde95f62576", "best_bid": "0.478", "best_ask": "0.998"}, {"asset_id": "55988747984122854040927657837180471992842893619926975962847031786103973956230", "price": "0.846", "size": "0", "side": "SELL", "hash": "91a405754f73981b77f453d668b060a7b654466b", "best_bid": "0.002", "best_ask": "0.522"}], "timestamp": "1769384541878", "event_type": "price_change"}}
{"_local_timestamp": "2026-01-25T23:42:21.983276+00:00", "data": {"market": "0xdb63045c5fee5e17add600bc32ff4669ff182e7318ebf2de7ef76f57428e0637", "price_changes": [{"asset_id": "102218031695713464375543092457665843104124978678573987166043279966171620326426", "price": "0.02", "size": "22.49", "side": "BUY", "hash": "fb8a940ee4d842518e3141026c30c033095f6262", "best_bid": "0.23", "best_ask": "0.75"}, {"asset_id": "66239146285239552348107247662987123692248015882372466576713915175598480677131", "price": "0.98", "size": "22.49", "side": "SELL", "hash": "7e58df1b14212eb1e86a0dea7c474515a384cded", "best_bid": "0.25", "best_ask": "0.77"}], "timestamp": "1769384541878", "event_type": "price_change"}}
{"_local_timestamp": "2026-01-25T23:42:21.984030+00:00", "data": {"market": "0xdb63045c5fee5e17add600bc32ff4669ff182e7318ebf2de7ef76f57428e0637", "price_changes": [{"asset_id": "102218031695713464375543092457665843104124978678573987166043279966171620326426", "price": "0.08", "size": "0", "side": "BUY", "hash": "fb8a940ee4d842518e3141026c30c033095f6262", "best_bid": "0.23", "best_ask": "0.75"}, {"asset_id": "66239146285239552348107247662987123692248015882372466576713915175598480677131", "price": "0.92", "size": "0", "side": "SELL", "hash": "7e58df1b14212eb1e86a0dea7c474515a384cded", "best_bid": "0.25", "best_ask": "0.77"}], "timestamp": "1769384541878", "event_type": "price_change"}}
{"_local_timestamp": "2026-01-25T23:42:22.284747+00:00", "data": {"market": "0xdb63045c5fee5e17add600bc32ff4669ff182e7318ebf2de7ef76f57428e0637", "price_changes": [{"asset_id": "102218031695713464375543092457665843104124978678573987166043279966171620326426", "price": "0.09", "size": "0", "side": "BUY", "hash": "5384b9982dc42d0c73c847f16dd79d8ad2423de7", "best_bid": "0.23", "best_ask": "0.75"}, {"asset_id": "66239146285239552348107247662987123692248015882372466576713915175598480677131", "price": "0.91", "size": "0", "side": "SELL", "hash": "754a5ebf8866291531daf91f3b6389b649983ace", "best_bid": "0.25", "best_ask": "0.77"}], "timestamp": "1769384542182", "event_type": "price_change"}}
{"_local_timestamp": "2026-01-25T23:42:22.306940+00:00", "data": {"market": "0xdb63045c5fee5e17add600bc32ff4669ff182e7318ebf2de7ef76f57428e0637", "price_changes": [{"asset_id": "102218031695713464375543092457665843104124978678573987166043279966171620326426", "price": "0.06", "size": "20", "side": "BUY", "hash": "10e51ccab50f8664c37a62324b7559043c3e2a5c", "best_bid": "0.23", "best_ask": "0.75"}, {"asset_id": "66239146285239552348107247662987123692248015882372466576713915175598480677131", "price": "0.94", "size": "20", "side": "SELL", "hash": "811ce18d2388e5e01c9e1d9508b8179d1ebe621f", "best_bid": "0.25", "best_ask": "0.77"}], "timestamp": "1769384542205", "event_type": "price_change"}}
{"_local_timestamp": "2026-01-25T23:42:25.580267+00:00", "data": {"market": "0xdb63045c5fee5e17add600bc32ff4669ff182e7318ebf2de7ef76f57428e0637", "price_changes": [{"asset_id": "102218031695713464375543092457665843104124978678573987166043279966171620326426", "price": "0.06", "size": "26.11", "side": "BUY", "hash": "35292c5075857e95bbc86a57658253e0bfdc8b3a", "best_bid": "0.23", "best_ask": "0.75"}, {"asset_id": "66239146285239552348107247662987123692248015882372466576713915175598480677131", "price": "0.94", "size": "26.11", "side": "SELL", "hash": "8f47678f4441dc42bdb827701d860637b0484b87", "best_bid": "0.25", "best_ask": "0.77"}], "timestamp": "1769384545465", "event_type": "price_change"}}
{"_local_timestamp": "2026-01-25T23:42:25.581160+00:00", "data": {"market": "0x5b1ffbc2fb2e49e0f27a24b8060cc1ca4d858088244fb6541fbe7d98aec1edfc", "price_changes": [{"asset_id": "84699240558843336852681019637508402913334763466484851143834992522794763821922", "price": "0.16", "size": "7.83", "side": "BUY", "hash": "20ba1ac30958b629d34e844678ed20d788a86860", "best_bid": "0.478", "best_ask": "0.998"}, {"asset_id": "55988747984122854040927657837180471992842893619926975962847031786103973956230", "price": "0.84", "size": "7.83", "side": "SELL", "hash": "6428eaf456b83be508cecee112fdd5a20af0c7a8", "best_bid": "0.002", "best_ask": "0.522"}], "timestamp": "1769384545465", "event_type": "price_change"}}
{"_local_timestamp": "2026-01-25T23:42:25.581942+00:00", "data": {"market": "0xdb63045c5fee5e17add600bc32ff4669ff182e7318ebf2de7ef76f57428e0637", "price_changes": [{"asset_id": "102218031695713464375543092457665843104124978678573987166043279966171620326426", "price": "0.1", "size": "10.5", "side": "BUY", "hash": "1a13ddd87acb9946da20e535384ff8379c7dcaba", "best_bid": "0.23", "best_ask": "0.75"}, {"asset_id": "66239146285239552348107247662987123692248015882372466576713915175598480677131", "price": "0.9", "size": "10.5", "side": "SELL", "hash": "3ccddaa6015a49c6d645ff2df31f14f4efaae6b1", "best_bid": "0.25", "best_ask": "0.77"}], "timestamp": "1769384545466", "event_type": "price_change"}}
{"_local_timestamp": "2026-01-25T23:42:26.602761+00:00", "data": {"market": "0xdad4e6e57414a92fa03d4e15e8c2e07b85380a87ebb81904a5f67d1c8556ada4", "price_changes": [{"asset_id": "42723153620114986899527138677498119826187383530151579581130802432995564299860", "price": "0.01", "size": "123", "side": "BUY", "hash": "c5a0eb2fb8853d6661f256e3f30a5704f71c8d0f", "best_bid": "0.25", "best_ask": "0.8"}, {"asset_id": "114915801833091228296307497336880451877035366982188025096863607960278359963397", "price": "0.99", "size": "123", "side": "SELL", "hash": "b26e103a53a50acdb232d1f937d3129aa286b96f", "best_bid": "0.2", "best_ask": "0.75"}], "timestamp": "1769384546495", "event_type": "price_change"}}
{"_local_timestamp": "2026-01-25T23:42:26.603595+00:00", "data": {"market": "0xdad4e6e57414a92fa03d4e15e8c2e07b85380a87ebb81904a5f67d1c8556ada4", "price_changes": [{"asset_id": "42723153620114986899527138677498119826187383530151579581130802432995564299860", "price": "0.02", "size": "18.82", "side": "BUY", "hash": "c5a0eb2fb8853d6661f256e3f30a5704f71c8d0f", "best_bid": "0.25", "best_ask": "0.8"}, {"asset_id": "114915801833091228296307497336880451877035366982188025096863607960278359963397", "price": "0.98", "size": "18.82", "side": "SELL", "hash": "b26e103a53a50acdb232d1f937d3129aa286b96f", "best_bid": "0.2", "best_ask": "0.75"}], "timestamp": "1769384546495", "event_type": "price_change"}}
{"_local_timestamp": "2026-01-25T23:42:26.604462+00:00", "data": {"market": "0xdad4e6e57414a92fa03d4e15e8c2e07b85380a87ebb81904a5f67d1c8556ada4", "price_changes": [{"asset_id": "42723153620114986899527138677498119826187383530151579581130802432995564299860", "price": "0.06", "size": "9.07", "side": "BUY", "hash": "c5a0eb2fb8853d6661f256e3f30a5704f71c8d0f", "best_bid": "0.25", "best_ask": "0.8"}, {"asset_id": "114915801833091228296307497336880451877035366982188025096863607960278359963397", "price": "0.94", "size": "9.07", "side": "SELL", "hash": "b26e103a53a50acdb232d1f937d3129aa286b96f", "best_bid": "0.2", "best_ask": "0.75"}], "timestamp": "1769384546495", "event_type": "price_change"}}
{"_local_timestamp": "2026-01-25T23:42:27.739233+00:00", "data": {"market": "0xdb63045c5fee5e17add600bc32ff4669ff182e7318ebf2de7ef76f57428e0637", "price_changes": [{"asset_id": "102218031695713464375543092457665843104124978678573987166043279966171620326426", "price": "0.06", "size": "6.11", "side": "BUY", "hash": "7de44ace8d9e3ea38b23b5483ec0ac95e0c913f5", "best_bid": "0.23", "best_ask": "0.75"}, {"asset_id": "66239146285239552348107247662987123692248015882372466576713915175598480677131", "price": "0.94", "size": "6.11", "side": "SELL", "hash": "e1c97dac2cac5d6b2ed2de2b7c0fbe1b3d736adc", "best_bid": "0.25", "best_ask": "0.77"}], "timestamp": "1769384547631", "event_type": "price_change"}}
{"_local_timestamp": "2026-01-25T23:42:27.761345+00:00", "data": {"market": "0x5b1ffbc2fb2e49e0f27a24b8060cc1ca4d858088244fb6541fbe7d98aec1edfc", "price_changes": [{"asset_id": "84699240558843336852681019637508402913334763466484851143834992522794763821922", "price": "0.159", "size": "0", "side": "BUY", "hash": "724c5625997406184c1a8f70a553da6e46e0fbbf", "best_bid": "0.478", "best_ask": "0.998"}, {"asset_id": "55988747984122854040927657837180471992842893619926975962847031786103973956230", "price": "0.841", "size": "0", "side": "SELL", "hash": "9f7281521855d9044b8a45c1aa5005b61f9fe574", "best_bid": "0.002", "best_ask": "0.522"}], "timestamp": "1769384547631", "event_type": "price_change"}}
{"_local_timestamp": "2026-01-25T23:42:27.770047+00:00", "data": {"market": "0xdb63045c5fee5e17add600bc32ff4669ff182e7318ebf2de7ef76f57428e0637", "price_changes": [{"asset_id": "102218031695713464375543092457665843104124978678573987166043279966171620326426", "price": "0.11", "size": "20", "side": "BUY", "hash": "6caa98cc232ac898322badced23abff9d7d43a47", "best_bid": "0.23", "best_ask": "0.75"}, {"asset_id": "66239146285239552348107247662987123692248015882372466576713915175598480677131", "price": "0.89", "size": "20", "side": "SELL", "hash": "263008cc5315a226bcafc7db527eeac465f7e6c0", "best_bid": "0.25", "best_ask": "0.77"}], "timestamp": "1769384547660", "event_type": "price_change"}}
{"_local_timestamp": "2026-01-25T23:42:27.771831+00:00", "data": {"market": "0x5b1ffbc2fb2e49e0f27a24b8060cc1ca4d858088244fb6541fbe7d98aec1edfc", "price_changes": [{"asset_id": "84699240558843336852681019637508402913334763466484851143834992522794763821922", "price": "0.161", "size": "20", "side": "BUY", "hash": "2343ff7eb73f58d58d471a26c04364ceaec839c3", "best_bid": "0.478", "best_ask": "0.998"}, {"asset_id": "55988747984122854040927657837180471992842893619926975962847031786103973956230", "price": "0.839", "size": "20", "side": "SELL", "hash": "2b1e09c19e740a7b1b48e3a7f682fd61f32cf861", "best_bid": "0.002", "best_ask": "0.522"}], "timestamp": "1769384547660", "event_type": "price_change"}}
{"_local_timestamp": "2026-01-25T23:42:29.817028+00:00", "data": {"market": "0xdad4e6e57414a92fa03d4e15e8c2e07b85380a87ebb81904a5f67d1c8556ada4", "price_changes": [{"asset_id": "42723153620114986899527138677498119826187383530151579581130802432995564299860", "price": "0.01", "size": "135.71", "side": "BUY", "hash": "0c5652099fa0104f6cf9339f330998802fd53c55", "best_bid": "0.25", "best_ask": "0.8"}, {"asset_id": "114915801833091228296307497336880451877035366982188025096863607960278359963397", "price": "0.99", "size": "135.71", "side": "SELL", "hash": "bb8f5072bf8994b5df0547e7a266469a0496ba1a", "best_bid": "0.2", "best_ask": "0.75"}], "timestamp": "1769384549725", "event_type": "price_change"}}
{"_local_timestamp": "2026-01-25T23:42:29.818085+00:00", "data": {"market": "0xdad4e6e57414a92fa03d4e15e8c2e07b85380a87ebb81904a5f67d1c8556ada4", "price_changes": [{"asset_id": "42723153620114986899527138677498119826187383530151579581130802432995564299860", "price": "0.14", "size": "26.8", "side": "BUY", "hash": "69eba80c8fb74e7920431b95537daf77ac53e68a", "best_bid": "0.25", "best_ask": "0.8"}, {"asset_id": "114915801833091228296307497336880451877035366982188025096863607960278359963397", "price": "0.86", "size": "26.8", "side": "SELL", "hash": "8882a22a09f2db348d807245a1dd9f27239fa139", "best_bid": "0.2", "best_ask": "0.75"}], "timestamp": "1769384549726", "event_type": "price_change"}}
{"_local_timestamp": "2026-01-25T23:42:30.821336+00:00", "data": {"market": "0xdad4e6e57414a92fa03d4e15e8c2e07b85380a87ebb81904a5f67d1c8556ada4", "price_changes": [{"asset_id": "42723153620114986899527138677498119826187383530151579581130802432995564299860", "price": "0.14", "size": "6.8", "side": "BUY", "hash": "f0ea437f4179adfe46047bf076a313afa723f62a", "best_bid": "0.25", "best_ask": "0.8"}, {"asset_id": "114915801833091228296307497336880451877035366982188025096863607960278359963397", "price": "0.86", "size": "6.8", "side": "SELL", "hash": "7f9e3fa146693e4ac891dd74fd7b3414f52617be", "best_bid": "0.2", "best_ask": "0.75"}], "timestamp": "1769384550727", "event_type": "price_change"}}
{"_local_timestamp": "2026-01-25T23:42:30.845297+00:00", "data": {"market": "0xdad4e6e57414a92fa03d4e15e8c2e07b85380a87ebb81904a5f67d1c8556ada4", "price_changes": [{"asset_id": "42723153620114986899527138677498119826187383530151579581130802432995564299860", "price": "0.15", "size": "20", "side": "BUY", "hash": "818c8114af8f19bc5d2acf110d8cc8d22c8bbc6f", "best_bid": "0.25", "best_ask": "0.8"}, {"asset_id": "114915801833091228296307497336880451877035366982188025096863607960278359963397", "price": "0.85", "size": "20", "side": "SELL", "hash": "832d8585d7612154e037b2be81f64b5f6415ee15", "best_bid": "0.2", "best_ask": "0.75"}], "timestamp": "1769384550750", "event_type": "price_change"}}
{"_local_timestamp": "2026-01-25T23:42:40.996655+00:00", "data": {"market": "0x5b1ffbc2fb2e49e0f27a24b8060cc1ca4d858088244fb6541fbe7d98aec1edfc", "price_changes": [{"asset_id": "84699240558843336852681019637508402913334763466484851143834992522794763821922", "price": "0.001", "size": "6297.07", "side": "BUY", "hash": "8dbfe509ed2a6a2e06350c9eb3655d2dc320f4ed", "best_bid": "0.478", "best_ask": "0.998"}, {"asset_id": "55988747984122854040927657837180471992842893619926975962847031786103973956230", "price": "0.999", "size": "6297.07", "side": "SELL", "hash": "4c697c533472cceb016b30b2b1950ba8e09dbfe7", "best_bid": "0.002", "best_ask": "0.522"}], "timestamp": "1769384560870", "event_type": "price_change"}}
{"_local_timestamp": "2026-01-25T23:42:41.130153+00:00", "data": {"market": "0x5b1ffbc2fb2e49e0f27a24b8060cc1ca4d858088244fb6541fbe7d98aec1edfc", "price_changes": [{"asset_id": "84699240558843336852681019637508402913334763466484851143834992522794763821922", "price": "0.001", "size": "6288.99", "side": "BUY", "hash": "32c9153e391881a179a91849307cc6bdb19c35b3", "best_bid": "0.478", "best_ask": "0.998"}, {"asset_id": "55988747984122854040927657837180471992842893619926975962847031786103973956230", "price": "0.999", "size": "6288.99", "side": "SELL", "hash": "4e72ef3f6f731079a407d9909006d6757afc762c", "best_bid": "0.002", "best_ask": "0.522"}], "timestamp": "1769384561000", "event_type": "price_change"}}
{"_local_timestamp": "2026-01-25T23:42:41.133222+00:00", "data": {"market": "0x5b1ffbc2fb2e49e0f27a24b8060cc1ca4d858088244fb6541fbe7d98aec1edfc", "price_changes": [{"asset_id": "84699240558843336852681019637508402913334763466484851143834992522794763821922", "price": "0.002", "size": "0", "side": "BUY", "hash": "2f58333a476722bec1d7fe1bb7e78a90567cd762", "best_bid": "0.478", "best_ask": "0.998"}, {"asset_id": "55988747984122854040927657837180471992842893619926975962847031786103973956230", "price": "0.998", "size": "0", "side": "SELL", "hash": "981fb05b806f0042f28c5a9b6b0a316384db8d51", "best_bid": "0.002", "best_ask": "0.522"}], "timestamp": "1769384561002", "event_type": "price_change"}}
{"_local_timestamp": "2026-01-25T23:42:45.080279+00:00", "data": {"market": "0xdb63045c5fee5e17add600bc32ff4669ff182e7318ebf2de7ef76f57428e0637", "price_changes": [{"asset_id": "102218031695713464375543092457665843104124978678573987166043279966171620326426", "price": "0.23", "size": "59", "side": "BUY", "hash": "ead0d9063ae5dbbf9279c07b559c6a76b9842632", "best_bid": "0.23", "best_ask": "0.75"}, {"asset_id": "66239146285239552348107247662987123692248015882372466576713915175598480677131", "price": "0.77", "size": "59", "side": "SELL", "hash": "de06b23c8d585871cb826bcd638325236d89879e", "best_bid": "0.25", "best_ask": "0.77"}], "timestamp": "1769384564963", "event_type": "price_change"}}
{"_local_timestamp": "2026-01-25T23:42:45.081312+00:00", "data": {"market": "0xdad4e6e57414a92fa03d4e15e8c2e07b85380a87ebb81904a5f67d1c8556ada4", "price_changes": [{"asset_id": "42723153620114986899527138677498119826187383530151579581130802432995564299860", "price": "0.26", "size": "19", "side": "BUY", "hash": "0faf42f39d6bc830bcdc4cb5a1358c18e26528ce", "best_bid": "0.26", "best_ask": "0.8"}, {"asset_id": "114915801833091228296307497336880451877035366982188025096863607960278359963397", "price": "0.74", "size": "19", "side": "SELL", "hash": "07519ed9e6d66039e91400f3ffe97a23a4446fe7", "best_bid": "0.2", "best_ask": "0.74"}], "timestamp": "1769384564963", "event_type": "price_change"}}
{"_local_timestamp": "2026-01-25T23:42:45.082197+00:00", "data": {"market": "0x38fb69564ae311ef4ed9d34a1d5a3587828e4e660e67009d5a3cde08649c2171", "price_changes": [{"asset_id": "107685275791096286164005001565561436959674140290833663772296335256910172946680", "price": "0.11", "size": "39", "side": "BUY", "hash": "08d025ec5f82b0159d704e3af6d1f2fbea16fc9e", "best_bid": "0.7", "best_ask": "0.986"}, {"asset_id": "90521863996635153941760208041563651859877473351126931907472023157602367136987", "price": "0.89", "size": "39", "side": "SELL", "hash": "b04a7e64df658995af79e1ebd143c9b3f5c7a23e", "best_bid": "0.014", "best_ask": "0.3"}], "timestamp": "1769384564963", "event_type": "price_change"}}
{"_local_timestamp": "2026-01-25T23:42:45.083070+00:00", "data": {"market": "0xb15470d6545c9ffbd3525906a5d2798823f254a4da92793d60cb782eab0a60e6", "price_changes": [{"asset_id": "90789399138416550270325314131162808548653580120624904482557448689454324951485", "price": "0.27", "size": "39", "side": "BUY", "hash": "e6aa4b1df3e8265dbaebf5a241dfcc24a3644efb", "best_bid": "0.7", "best_ask": "0.98"}, {"asset_id": "17900375639478683655679670694975722771965736396567788561403630305042342586821", "price": "0.73", "size": "39", "side": "SELL", "hash": "1dbf5317d3eb1c75b9f4a571d9197ae59fe59e96", "best_bid": "0.02", "best_ask": "0.3"}], "timestamp": "1769384564963", "event_type": "price_change"}}
{"_local_timestamp": "2026-01-25T23:42:45.083927+00:00", "data": {"market": "0x5b1ffbc2fb2e49e0f27a24b8060cc1ca4d858088244fb6541fbe7d98aec1edfc", "price_changes": [{"asset_id": "84699240558843336852681019637508402913334763466484851143834992522794763821922", "price": "0.162", "size": "158.33", "side": "BUY", "hash": "eb4e5288eeb249c14fe4767422c90691ca06d789", "best_bid": "0.478", "best_ask": "0.998"}, {"asset_id": "55988747984122854040927657837180471992842893619926975962847031786103973956230", "price": "0.838", "size": "158.33", "side": "SELL", "hash": "dff70b0b08c01374128e9e6153b716fac6530aa3", "best_bid": "0.002", "best_ask": "0.522"}], "timestamp": "1769384564963", "event_type": "price_change"}}
{"_local_timestamp": "2026-01-25T23:42:45.084784+00:00", "data": {"market": "0xdb63045c5fee5e17add600bc32ff4669ff182e7318ebf2de7ef76f57428e0637", "price_changes": [{"asset_id": "102218031695713464375543092457665843104124978678573987166043279966171620326426", "price": "0.12", "size": "39", "side": "BUY", "hash": "ac96fc1c7429a09d5742fe69b31d026323aa39e6", "best_bid": "0.23", "best_ask": "0.75"}, {"asset_id": "66239146285239552348107247662987123692248015882372466576713915175598480677131", "price": "0.88", "size": "39", "side": "SELL", "hash": "da5beb83568525f45b44defa04ae177ef8150552", "best_bid": "0.25", "best_ask": "0.77"}], "timestamp": "1769384564963", "event_type": "price_change"}}
{"_local_timestamp": "2026-01-25T23:42:45.085650+00:00", "data": {"market": "0x5b1ffbc2fb2e49e0f27a24b8060cc1ca4d858088244fb6541fbe7d98aec1edfc", "price_changes": [{"asset_id": "84699240558843336852681019637508402913334763466484851143834992522794763821922", "price": "0.161", "size": "178.33", "side": "BUY", "hash": "33dfeb837f39a419aba5d0ecba19070c08f6fdd7", "best_bid": "0.478", "best_ask": "0.998"}, {"asset_id": "55988747984122854040927657837180471992842893619926975962847031786103973956230", "price": "0.839", "size": "178.33", "side": "SELL", "hash": "a58462b402f4a680cb541b57d672bea9e4ff72c5", "best_bid": "0.002", "best_ask": "0.522"}], "timestamp": "1769384564964", "event_type": "price_change"}}
{"_local_timestamp": "2026-01-25T23:42:45.106200+00:00", "data": {"market": "0xdad4e6e57414a92fa03d4e15e8c2e07b85380a87ebb81904a5f67d1c8556ada4", "price_changes": [{"asset_id": "42723153620114986899527138677498119826187383530151579581130802432995564299860", "price": "0.25", "size": "0", "side": "BUY", "hash": "d4a83e5c2dc48c71258aaa306910ee651a44ef28", "best_bid": "0.26", "best_ask": "0.8"}, {"asset_id": "114915801833091228296307497336880451877035366982188025096863607960278359963397", "price": "0.75", "size": "0", "side": "SELL", "hash": "173a009958725f45f2102b386dc9f578238671d7", "best_bid": "0.2", "best_ask": "0.74"}], "timestamp": "1769384564995", "event_type": "price_change"}}
{"_local_timestamp": "2026-01-25T23:42:45.139259+00:00", "data": {"market": "0xdad4e6e57414a92fa03d4e15e8c2e07b85380a87ebb81904a5f67d1c8556ada4", "price_changes": [{"asset_id": "42723153620114986899527138677498119826187383530151579581130802432995564299860", "price": "0.27", "size": "20", "side": "BUY", "hash": "816045ae0f8087ba18ad262a3beb87be47e1aa3a", "best_bid": "0.27", "best_ask": "0.8"}, {"asset_id": "114915801833091228296307497336880451877035366982188025096863607960278359963397", "price": "0.73", "size": "20", "side": "SELL", "hash": "97e6d390343008d4bc0a4a5709d1279c70f2e9f7", "best_bid": "0.2", "best_ask": "0.73"}], "timestamp": "1769384565022", "event_type": "price_change"}}
{"_local_timestamp": "2026-01-25T23:42:46.879085+00:00", "data": {"market": "0xb15470d6545c9ffbd3525906a5d2798823f254a4da92793d60cb782eab0a60e6", "price_changes": [{"asset_id": "90789399138416550270325314131162808548653580120624904482557448689454324951485", "price": "0.26", "size": "0", "side": "BUY", "hash": "9f4856d40229e6194f6c4517191a6fa77124ed46", "best_bid": "0.7", "best_ask": "0.98"}, {"asset_id": "17900375639478683655679670694975722771965736396567788561403630305042342586821", "price": "0.74", "size": "0", "side": "SELL", "hash": "52b19a5c16275b0ffa7e1e67dfb3cb92ad1f33e3", "best_bid": "0.02", "best_ask": "0.3"}], "timestamp": "1769384566766", "event_type": "price_change"}}
{"_local_timestamp": "2026-01-25T23:42:46.880279+00:00", "data": {"market": "0xdb63045c5fee5e17add600bc32ff4669ff182e7318ebf2de7ef76f57428e0637", "price_changes": [{"asset_id": "102218031695713464375543092457665843104124978678573987166043279966171620326426", "price": "0.11", "size": "0", "side": "BUY", "hash": "02da3ce4cdefbdba1d9d6479627da8c33a697647", "best_bid": "0.23", "best_ask": "0.75"}, {"asset_id": "66239146285239552348107247662987123692248015882372466576713915175598480677131", "price": "0.89", "size": "0", "side": "SELL", "hash": "d0a2a797b45dd6fd33e5c36dcbabce1402927dac", "best_bid": "0.25", "best_ask": "0.77"}], "timestamp": "1769384566766", "event_type": "price_change"}}
{"_local_timestamp": "2026-01-25T23:42:46.881284+00:00", "data": {"market": "0x5b1ffbc2fb2e49e0f27a24b8060cc1ca4d858088244fb6541fbe7d98aec1edfc", "price_changes": [{"asset_id": "84699240558843336852681019637508402913334763466484851143834992522794763821922", "price": "0.161", "size": "158.33", "side": "BUY", "hash": "4ad621d0660e63e16ee361f3d5cf198cfe084573", "best_bid": "0.478", "best_ask": "0.998"}, {"asset_id": "55988747984122854040927657837180471992842893619926975962847031786103973956230", "price": "0.839", "size": "158.33", "side": "SELL", "hash": "46c94109173198c362f551642514ad9a12919f33", "best_bid": "0.002", "best_ask": "0.522"}], "timestamp": "1769384566766", "event_type": "price_change"}}
{"_local_timestamp": "2026-01-25T23:42:46.882262+00:00", "data": {"market": "0x38fb69564ae311ef4ed9d34a1d5a3587828e4e660e67009d5a3cde08649c2171", "price_changes": [{"asset_id": "107685275791096286164005001565561436959674140290833663772296335256910172946680", "price": "0.109", "size": "0", "side": "BUY", "hash": "14c876553a32c8186224937f477fb7749466cca6", "best_bid": "0.7", "best_ask": "0.986"}, {"asset_id": "90521863996635153941760208041563651859877473351126931907472023157602367136987", "price": "0.891", "size": "0", "side": "SELL", "hash": "b07daf659ac48b1abc5c1a07ef087c2fa0f2a8e0", "best_bid": "0.014", "best_ask": "0.3"}], "timestamp": "1769384566766", "event_type": "price_change"}}
{"_local_timestamp": "2026-01-25T23:42:46.906073+00:00", "data": {"market": "0xdb63045c5fee5e17add600bc32ff4669ff182e7318ebf2de7ef76f57428e0637", "price_changes": [{"asset_id": "102218031695713464375543092457665843104124978678573987166043279966171620326426", "price": "0.13", "size": "20", "side": "BUY", "hash": "d264682a49a031ac84372d92d0fc2b35f34a5104", "best_bid": "0.23", "best_ask": "0.75"}, {"asset_id": "66239146285239552348107247662987123692248015882372466576713915175598480677131", "price": "0.87", "size": "20", "side": "SELL", "hash": "1fe2f16dca7be4f251b23b7f271c95b61f2aa760", "best_bid": "0.25", "best_ask": "0.77"}], "timestamp": "1769384566794", "event_type": "price_change"}}
{"_local_timestamp": "2026-01-25T23:42:46.907116+00:00", "data": {"market": "0x38fb69564ae311ef4ed9d34a1d5a3587828e4e660e67009d5a3cde08649c2171", "price_changes": [{"asset_id": "107685275791096286164005001565561436959674140290833663772296335256910172946680", "price": "0.111", "size": "20", "side": "BUY", "hash": "5a6b55db8a0eb9a44d56be166f9d115acde780c4", "best_bid": "0.7", "best_ask": "0.986"}, {"asset_id": "90521863996635153941760208041563651859877473351126931907472023157602367136987", "price": "0.889", "size": "20", "side": "SELL", "hash": "c2651445e0483be10e23110a3f5aa0ee69254558", "best_bid": "0.014", "best_ask": "0.3"}], "timestamp": "1769384566794", "event_type": "price_change"}}
{"_local_timestamp": "2026-01-25T23:42:46.908199+00:00", "data": {"market": "0x5b1ffbc2fb2e49e0f27a24b8060cc1ca4d858088244fb6541fbe7d98aec1edfc", "price_changes": [{"asset_id": "84699240558843336852681019637508402913334763466484851143834992522794763821922", "price": "0.163", "size": "20", "side": "BUY", "hash": "2bc8e22ffd165cf1c5a3591fe9f322d709756bef", "best_bid": "0.478", "best_ask": "0.998"}, {"asset_id": "55988747984122854040927657837180471992842893619926975962847031786103973956230", "price": "0.837", "size": "20", "side": "SELL", "hash": "b90e2bc770d82730d21b7d749c29857c9381bd77", "best_bid": "0.002", "best_ask": "0.522"}], "timestamp": "1769384566794", "event_type": "price_change"}}
{"_local_timestamp": "2026-01-25T23:42:46.909181+00:00", "data": {"market": "0xb15470d6545c9ffbd3525906a5d2798823f254a4da92793d60cb782eab0a60e6", "price_changes": [{"asset_id": "90789399138416550270325314131162808548653580120624904482557448689454324951485", "price": "0.28", "size": "20", "side": "BUY", "hash": "4004912874c846a213e04ed1f8fb29ef25897097", "best_bid": "0.7", "best_ask": "0.98"}, {"asset_id": "17900375639478683655679670694975722771965736396567788561403630305042342586821", "price": "0.72", "size": "20", "side": "SELL", "hash": "f42141f35469a495583ba85f17addea079f04a50", "best_bid": "0.02", "best_ask": "0.3"}], "timestamp": "1769384566794", "event_type": "price_change"}}
{"_local_timestamp": "2026-01-25T23:43:11.866521+00:00", "data": {"market": "0x38fb69564ae311ef4ed9d34a1d5a3587828e4e660e67009d5a3cde08649c2171", "price_changes": [{"asset_id": "107685275791096286164005001565561436959674140290833663772296335256910172946680", "price": "0.11", "size": "0", "side": "BUY", "hash": "b1f035b76cca169025838dc7bd4f3a6d474bb99d", "best_bid": "0.7", "best_ask": "0.986"}, {"asset_id": "90521863996635153941760208041563651859877473351126931907472023157602367136987", "price": "0.89", "size": "0", "side": "SELL", "hash": "a209260614aad804eefae1cd95098cd5c17e86a0", "best_bid": "0.014", "best_ask": "0.3"}], "timestamp": "1769384591751", "event_type": "price_change"}}
{"_local_timestamp": "2026-01-25T23:43:11.868060+00:00", "data": {"market": "0xb15470d6545c9ffbd3525906a5d2798823f254a4da92793d60cb782eab0a60e6", "price_changes": [{"asset_id": "90789399138416550270325314131162808548653580120624904482557448689454324951485", "price": "0.27", "size": "0", "side": "BUY", "hash": "fcf3f39f5a26c8ece00251710a30453840a5cf94", "best_bid": "0.7", "best_ask": "0.98"}, {"asset_id": "17900375639478683655679670694975722771965736396567788561403630305042342586821", "price": "0.73", "size": "0", "side": "SELL", "hash": "596a40f78fdb1ea0f3b7562b7038045548969d6a", "best_bid": "0.02", "best_ask": "0.3"}], "timestamp": "1769384591752", "event_type": "price_change"}}
{"_local_timestamp": "2026-01-25T23:43:11.875279+00:00", "data": {"market": "0x5b1ffbc2fb2e49e0f27a24b8060cc1ca4d858088244fb6541fbe7d98aec1edfc", "price_changes": [{"asset_id": "84699240558843336852681019637508402913334763466484851143834992522794763821922", "price": "0.161", "size": "0", "side": "BUY", "hash": "d22456174231880596da9a285c24d7c6ec346b08", "best_bid": "0.478", "best_ask": "0.998"}, {"asset_id": "55988747984122854040927657837180471992842893619926975962847031786103973956230", "price": "0.839", "size": "0", "side": "SELL", "hash": "560e38a87f30a82e5b25c04dd1d5cb96ec1138fb", "best_bid": "0.002", "best_ask": "0.522"}], "timestamp": "1769384591751", "event_type": "price_change"}}
{"_local_timestamp": "2026-01-25T23:43:11.883153+00:00", "data": {"market": "0xdad4e6e57414a92fa03d4e15e8c2e07b85380a87ebb81904a5f67d1c8556ada4", "price_changes": [{"asset_id": "42723153620114986899527138677498119826187383530151579581130802432995564299860", "price": "0.26", "size": "0", "side": "BUY", "hash": "c1599202cda3485758c2f1c86c5842da55fba222", "best_bid": "0.27", "best_ask": "0.8"}, {"asset_id": "114915801833091228296307497336880451877035366982188025096863607960278359963397", "price": "0.74", "size": "0", "side": "SELL", "hash": "4e4f7e0eb26317ec46e1eacc7964a5aa407ddf01", "best_bid": "0.2", "best_ask": "0.73"}], "timestamp": "1769384591752", "event_type": "price_change"}}
{"_local_timestamp": "2026-01-25T23:43:11.884209+00:00", "data": {"market": "0xdb63045c5fee5e17add600bc32ff4669ff182e7318ebf2de7ef76f57428e0637", "price_changes": [{"asset_id": "102218031695713464375543092457665843104124978678573987166043279966171620326426", "price": "0.21", "size": "0", "side": "BUY", "hash": "080f56485fad00978b43a7e9b30555e284fa64ca", "best_bid": "0.23", "best_ask": "0.75"}, {"asset_id": "66239146285239552348107247662987123692248015882372466576713915175598480677131", "price": "0.79", "size": "0", "side": "SELL", "hash": "fba0824dc9ba8e68cb979ae7777b32658a65243a", "best_bid": "0.25", "best_ask": "0.77"}], "timestamp": "1769384591752", "event_type": "price_change"}}
{"_local_timestamp": "2026-01-25T23:43:11.885153+00:00", "data": {"market": "0xdb63045c5fee5e17add600bc32ff4669ff182e7318ebf2de7ef76f57428e0637", "price_changes": [{"asset_id": "102218031695713464375543092457665843104124978678573987166043279966171620326426", "price": "0.12", "size": "0", "side": "BUY", "hash": "080f56485fad00978b43a7e9b30555e284fa64ca", "best_bid": "0.23", "best_ask": "0.75"}, {"asset_id": "66239146285239552348107247662987123692248015882372466576713915175598480677131", "price": "0.88", "size": "0", "side": "SELL", "hash": "fba0824dc9ba8e68cb979ae7777b32658a65243a", "best_bid": "0.25", "best_ask": "0.77"}], "timestamp": "1769384591752", "event_type": "price_change"}}
{"_local_timestamp": "2026-01-25T23:43:12.080565+00:00", "data": {"market": "0x5b1ffbc2fb2e49e0f27a24b8060cc1ca4d858088244fb6541fbe7d98aec1edfc", "price_changes": [{"asset_id": "84699240558843336852681019637508402913334763466484851143834992522794763821922", "price": "0.01", "size": "2123", "side": "BUY", "hash": "09220c623004a73f595a0bfa8cda963ef57e3859", "best_bid": "0.478", "best_ask": "0.998"}, {"asset_id": "55988747984122854040927657837180471992842893619926975962847031786103973956230", "price": "0.99", "size": "2123", "side": "SELL", "hash": "cf2ed173c3964e67e5e0289e963128e524a73376", "best_bid": "0.002", "best_ask": "0.522"}], "timestamp": "1769384591959", "event_type": "price_change"}}
{"_local_timestamp": "2026-01-25T23:43:13.961785+00:00", "data": {"market": "0xdb63045c5fee5e17add600bc32ff4669ff182e7318ebf2de7ef76f57428e0637", "price_changes": [{"asset_id": "102218031695713464375543092457665843104124978678573987166043279966171620326426", "price": "0.13", "size": "0", "side": "BUY", "hash": "cb0fa6cd97c5fe8a465a5bbc95e53cfb3db84aa6", "best_bid": "0.23", "best_ask": "0.75"}, {"asset_id": "66239146285239552348107247662987123692248015882372466576713915175598480677131", "price": "0.87", "size": "0", "side": "SELL", "hash": "39c9289c96805c43bf7cea0e59274cbebe67c915", "best_bid": "0.25", "best_ask": "0.77"}], "timestamp": "1769384592941", "event_type": "price_change"}}
{"_local_timestamp": "2026-01-25T23:43:13.962843+00:00", "data": {"market": "0xb15470d6545c9ffbd3525906a5d2798823f254a4da92793d60cb782eab0a60e6", "price_changes": [{"asset_id": "90789399138416550270325314131162808548653580120624904482557448689454324951485", "price": "0.28", "size": "0", "side": "BUY", "hash": "d0cc5417024ddee04a7f81e5701cc85cc9ba03d4", "best_bid": "0.7", "best_ask": "0.98"}, {"asset_id": "17900375639478683655679670694975722771965736396567788561403630305042342586821", "price": "0.72", "size": "0", "side": "SELL", "hash": "9832cd7543975d5b3318cfdafcdce2e114cf236c", "best_bid": "0.02", "best_ask": "0.3"}], "timestamp": "1769384592941", "event_type": "price_change"}}
{"_local_timestamp": "2026-01-25T23:43:13.963771+00:00", "data": {"market": "0x38fb69564ae311ef4ed9d34a1d5a3587828e4e660e67009d5a3cde08649c2171", "price_changes": [{"asset_id": "107685275791096286164005001565561436959674140290833663772296335256910172946680", "price": "0.111", "size": "0", "side": "BUY", "hash": "28e4231363fba6a852bbbba668022b655390c4a1", "best_bid": "0.7", "best_ask": "0.986"}, {"asset_id": "90521863996635153941760208041563651859877473351126931907472023157602367136987", "price": "0.889", "size": "0", "side": "SELL", "hash": "8aacb7474dd258ffe02049ba3b5e19db5fdb6cec", "best_bid": "0.014", "best_ask": "0.3"}], "timestamp": "1769384592941", "event_type": "price_change"}}
{"_local_timestamp": "2026-01-25T23:43:13.964651+00:00", "data": {"market": "0xdb63045c5fee5e17add600bc32ff4669ff182e7318ebf2de7ef76f57428e0637", "price_changes": [{"asset_id": "102218031695713464375543092457665843104124978678573987166043279966171620326426", "price": "0.11", "size": "20", "side": "BUY", "hash": "4567795fe6f54950b91107d8ab7570698bd180ea", "best_bid": "0.23", "best_ask": "0.75"}, {"asset_id": "66239146285239552348107247662987123692248015882372466576713915175598480677131", "price": "0.89", "size": "20", "side": "SELL", "hash": "d832b9538d332c8a791bc18ce16cf12330739e84", "best_bid": "0.25", "best_ask": "0.77"}], "timestamp": "1769384592974", "event_type": "price_change"}}
{"_local_timestamp": "2026-01-25T23:43:13.965521+00:00", "data": {"market": "0xb15470d6545c9ffbd3525906a5d2798823f254a4da92793d60cb782eab0a60e6", "price_changes": [{"asset_id": "90789399138416550270325314131162808548653580120624904482557448689454324951485", "price": "0.26", "size": "20", "side": "BUY", "hash": "5fe6729493bfe06728a9faf15f9b6a298169f18e", "best_bid": "0.7", "best_ask": "0.98"}, {"asset_id": "17900375639478683655679670694975722771965736396567788561403630305042342586821", "price": "0.74", "size": "20", "side": "SELL", "hash": "72acdb91dbf0c789632c5747ff94c91aa55b4910", "best_bid": "0.02", "best_ask": "0.3"}], "timestamp": "1769384592974", "event_type": "price_change"}}
{"_local_timestamp": "2026-01-25T23:43:13.966439+00:00", "data": {"market": "0x38fb69564ae311ef4ed9d34a1d5a3587828e4e660e67009d5a3cde08649c2171", "price_changes": [{"asset_id": "107685275791096286164005001565561436959674140290833663772296335256910172946680", "price": "0.109", "size": "20", "side": "BUY", "hash": "4204433b97f47b5dc66f1ac4ac0800e8489b7708", "best_bid": "0.7", "best_ask": "0.986"}, {"asset_id": "90521863996635153941760208041563651859877473351126931907472023157602367136987", "price": "0.891", "size": "20", "side": "SELL", "hash": "f2a3f7eb49552569c8f0ee5a190853829f888fb1", "best_bid": "0.014", "best_ask": "0.3"}], "timestamp": "1769384592974", "event_type": "price_change"}}
{"_local_timestamp": "2026-01-25T23:43:35.597407+00:00", "data": {"market": "0xdb63045c5fee5e17add600bc32ff4669ff182e7318ebf2de7ef76f57428e0637", "price_changes": [{"asset_id": "102218031695713464375543092457665843104124978678573987166043279966171620326426", "price": "0.01", "size": "336.27", "side": "BUY", "hash": "13b276cfda0b5566ad23e3a7248878bf36773b0f", "best_bid": "0.23", "best_ask": "0.75"}, {"asset_id": "66239146285239552348107247662987123692248015882372466576713915175598480677131", "price": "0.99", "size": "336.27", "side": "SELL", "hash": "ca252e38075552779652d5f07b7d7529386df35d", "best_bid": "0.25", "best_ask": "0.77"}], "timestamp": "1769384615466", "event_type": "price_change"}}
{"_local_timestamp": "2026-01-25T23:43:41.113231+00:00", "data": {"market": "0xb15470d6545c9ffbd3525906a5d2798823f254a4da92793d60cb782eab0a60e6", "price_changes": [{"asset_id": "90789399138416550270325314131162808548653580120624904482557448689454324951485", "price": "0.22", "size": "0", "side": "BUY", "hash": "12e39aaedc0fc8920d9abf34ef9cf8defd138ca1", "best_bid": "0.7", "best_ask": "0.98"}, {"asset_id": "17900375639478683655679670694975722771965736396567788561403630305042342586821", "price": "0.78", "size": "0", "side": "SELL", "hash": "5683639cbdb663228bcca55d3b717eedf058fc3d", "best_bid": "0.02", "best_ask": "0.3"}], "timestamp": "1769384620992", "event_type": "price_change"}}
{"_local_timestamp": "2026-01-25T23:43:41.518589+00:00", "data": {"market": "0xb15470d6545c9ffbd3525906a5d2798823f254a4da92793d60cb782eab0a60e6", "price_changes": [{"asset_id": "90789399138416550270325314131162808548653580120624904482557448689454324951485", "price": "0.22", "size": "5", "side": "BUY", "hash": "e2e39d903c3105512faab0b2100fe8e10bb466f7", "best_bid": "0.7", "best_ask": "0.98"}, {"asset_id": "17900375639478683655679670694975722771965736396567788561403630305042342586821", "price": "0.78", "size": "5", "side": "SELL", "hash": "49fa47618b954b30625293fd6039644410c1b75d", "best_bid": "0.02", "best_ask": "0.3"}], "timestamp": "1769384621410", "event_type": "price_change"}}
{"_local_timestamp": "2026-01-25T23:43:42.465125+00:00", "data": {"market": "0xa7f543a60ae9bf63a2fb0761cb6c57f3b0fe6fe2f322badc1cf8efc18e1f06f3", "price_changes": [{"asset_id": "60630035809502871670968527829832130899519184487844530148138037917820105333195", "price": "0.66", "size": "6.26", "side": "BUY", "hash": "15990e666cee45ce5dc9e8494f9e2ae7cf521028", "best_bid": "0.66", "best_ask": "0.99"}, {"asset_id": "72064407257107698168904775231646130333321163294482054496695801991988860351955", "price": "0.34", "size": "6.26", "side": "SELL", "hash": "57ff82de5863c8f92179ace9a5e74b303c507b0d", "best_bid": "0.01", "best_ask": "0.34"}], "timestamp": "1769384622344", "event_type": "price_change"}}
{"_local_timestamp": "2026-01-25T23:43:51.495102+00:00", "data": {"market": "0xb15470d6545c9ffbd3525906a5d2798823f254a4da92793d60cb782eab0a60e6", "price_changes": [{"asset_id": "90789399138416550270325314131162808548653580120624904482557448689454324951485", "price": "0.22", "size": "0", "side": "BUY", "hash": "9f8f06849744a9e00e87038a217d7a48a3d73ce3", "best_bid": "0.7", "best_ask": "0.98"}, {"asset_id": "17900375639478683655679670694975722771965736396567788561403630305042342586821", "price": "0.78", "size": "0", "side": "SELL", "hash": "65062b8b013d14402e42403d8e69cb3bb4e45e49", "best_bid": "0.02", "best_ask": "0.3"}], "timestamp": "1769384631352", "event_type": "price_change"}}
{"_local_timestamp": "2026-01-25T23:43:51.767100+00:00", "data": {"market": "0xb15470d6545c9ffbd3525906a5d2798823f254a4da92793d60cb782eab0a60e6", "price_changes": [{"asset_id": "90789399138416550270325314131162808548653580120624904482557448689454324951485", "price": "0.22", "size": "5", "side": "BUY", "hash": "da3e98c11ef2c2cd28237af144ec02c6fb70da8a", "best_bid": "0.7", "best_ask": "0.98"}, {"asset_id": "17900375639478683655679670694975722771965736396567788561403630305042342586821", "price": "0.78", "size": "5", "side": "SELL", "hash": "4b5db644bda2abf6bd1f16f2904c406bddb0dac6", "best_bid": "0.02", "best_ask": "0.3"}], "timestamp": "1769384631610", "event_type": "price_change"}}
{"_local_timestamp": "2026-01-25T23:44:04.637622+00:00", "data": {"market": "0xb15470d6545c9ffbd3525906a5d2798823f254a4da92793d60cb782eab0a60e6", "price_changes": [{"asset_id": "90789399138416550270325314131162808548653580120624904482557448689454324951485", "price": "0.22", "size": "0", "side": "BUY", "hash": "d161274473d489acf85adc08399fd92063e4282b", "best_bid": "0.7", "best_ask": "0.98"}, {"asset_id": "17900375639478683655679670694975722771965736396567788561403630305042342586821", "price": "0.78", "size": "0", "side": "SELL", "hash": "cd3de0918d5ced0d199720022fe9cbdaa993a4bd", "best_bid": "0.02", "best_ask": "0.3"}], "timestamp": "1769384644478", "event_type": "price_change"}}
{"_local_timestamp": "2026-01-25T23:44:05.044205+00:00", "data": {"market": "0xb15470d6545c9ffbd3525906a5d2798823f254a4da92793d60cb782eab0a60e6", "price_changes": [{"asset_id": "90789399138416550270325314131162808548653580120624904482557448689454324951485", "price": "0.22", "size": "5", "side": "BUY", "hash": "3e9562cc03bea0e47ace6802b444774836c833be", "best_bid": "0.7", "best_ask": "0.98"}, {"asset_id": "17900375639478683655679670694975722771965736396567788561403630305042342586821", "price": "0.78", "size": "5", "side": "SELL", "hash": "4262f9c30ba44de195aab4988feab5ea11846643", "best_bid": "0.02", "best_ask": "0.3"}], "timestamp": "1769384644897", "event_type": "price_change"}}
{"_local_timestamp": "2026-01-25T23:44:06.413952+00:00", "data": {"market": "0xb15470d6545c9ffbd3525906a5d2798823f254a4da92793d60cb782eab0a60e6", "price_changes": [{"asset_id": "90789399138416550270325314131162808548653580120624904482557448689454324951485", "price": "0.22", "size": "0", "side": "BUY", "hash": "8a35fe81ec314610ef2d3480bf4775aa2ca6e28f", "best_bid": "0.7", "best_ask": "0.98"}, {"asset_id": "17900375639478683655679670694975722771965736396567788561403630305042342586821", "price": "0.78", "size": "0", "side": "SELL", "hash": "2ce86000c00b956772b4322d261bbda39c6a0d03", "best_bid": "0.02", "best_ask": "0.3"}], "timestamp": "1769384646265", "event_type": "price_change"}}
{"_local_timestamp": "2026-01-25T23:44:06.798180+00:00", "data": {"market": "0xb15470d6545c9ffbd3525906a5d2798823f254a4da92793d60cb782eab0a60e6", "price_changes": [{"asset_id": "90789399138416550270325314131162808548653580120624904482557448689454324951485", "price": "0.22", "size": "5", "side": "BUY", "hash": "6fcf049a069a8dd029b0021ce7760c614d57912c", "best_bid": "0.7", "best_ask": "0.98"}, {"asset_id": "17900375639478683655679670694975722771965736396567788561403630305042342586821", "price": "0.78", "size": "5", "side": "SELL", "hash": "c83a15056886ef9d6b94a7a0df9fa0b287e2e24d", "best_bid": "0.02", "best_ask": "0.3"}], "timestamp": "1769384646655", "event_type": "price_change"}}
{"_local_timestamp": "2026-01-25T23:44:14.652371+00:00", "data": {"market": "0xb15470d6545c9ffbd3525906a5d2798823f254a4da92793d60cb782eab0a60e6", "price_changes": [{"asset_id": "90789399138416550270325314131162808548653580120624904482557448689454324951485", "price": "0.25", "size": "0", "side": "BUY", "hash": "93d43f880698bdac39dcc2371d6439f6bf426756", "best_bid": "0.7", "best_ask": "0.98"}, {"asset_id": "17900375639478683655679670694975722771965736396567788561403630305042342586821", "price": "0.75", "size": "0", "side": "SELL", "hash": "28a1f7013cf9cefccb2a3bca5947a0c6f835173e", "best_bid": "0.02", "best_ask": "0.3"}], "timestamp": "1769384654503", "event_type": "price_change"}}
{"_local_timestamp": "2026-01-25T23:44:14.694670+00:00", "data": {"market": "0xb15470d6545c9ffbd3525906a5d2798823f254a4da92793d60cb782eab0a60e6", "price_changes": [{"asset_id": "90789399138416550270325314131162808548653580120624904482557448689454324951485", "price": "0.08", "size": "25", "side": "BUY", "hash": "7868c60f0eeca7cfb8aeee8e45c698199e28bcbe", "best_bid": "0.7", "best_ask": "0.98"}, {"asset_id": "17900375639478683655679670694975722771965736396567788561403630305042342586821", "price": "0.92", "size": "25", "side": "SELL", "hash": "ae9549c49a91cc793a790a0509621f71cbe68a4f", "best_bid": "0.02", "best_ask": "0.3"}], "timestamp": "1769384654550", "event_type": "price_change"}}
{"_local_timestamp": "2026-01-25T23:44:17.431381+00:00", "data": {"market": "0xb15470d6545c9ffbd3525906a5d2798823f254a4da92793d60cb782eab0a60e6", "price_changes": [{"asset_id": "90789399138416550270325314131162808548653580120624904482557448689454324951485", "price": "0.26", "size": "0", "side": "BUY", "hash": "702a03dfc7ccb92c6046cda60b3bf9cf5f21c6fe", "best_bid": "0.7", "best_ask": "0.98"}, {"asset_id": "17900375639478683655679670694975722771965736396567788561403630305042342586821", "price": "0.74", "size": "0", "side": "SELL", "hash": "93bc3ee3b71831bc42ae77d147905c36627f76ce", "best_bid": "0.02", "best_ask": "0.3"}], "timestamp": "1769384657200", "event_type": "price_change"}}
{"_local_timestamp": "2026-01-25T23:44:17.462358+00:00", "data": {"market": "0xb15470d6545c9ffbd3525906a5d2798823f254a4da92793d60cb782eab0a60e6", "price_changes": [{"asset_id": "90789399138416550270325314131162808548653580120624904482557448689454324951485", "price": "0.09", "size": "20", "side": "BUY", "hash": "edb7e0427c9503e2c21ecaab63897452b1d93f35", "best_bid": "0.7", "best_ask": "0.98"}, {"asset_id": "17900375639478683655679670694975722771965736396567788561403630305042342586821", "price": "0.91", "size": "20", "side": "SELL", "hash": "bc66d8d01cfe00bc5d26ba321f47c0fb33875308", "best_bid": "0.02", "best_ask": "0.3"}], "timestamp": "1769384657226", "event_type": "price_change"}}
{"_local_timestamp": "2026-01-25T23:44:19.723491+00:00", "data": {"market": "0xb15470d6545c9ffbd3525906a5d2798823f254a4da92793d60cb782eab0a60e6", "price_changes": [{"asset_id": "90789399138416550270325314131162808548653580120624904482557448689454324951485", "price": "0.07", "size": "0", "side": "BUY", "hash": "a302ea953a6c50ac9a0069ae92a5fa098420aa77", "best_bid": "0.7", "best_ask": "0.98"}, {"asset_id": "17900375639478683655679670694975722771965736396567788561403630305042342586821", "price": "0.93", "size": "0", "side": "SELL", "hash": "0b580746c30afbb894586b54947f40e98fb08979", "best_bid": "0.02", "best_ask": "0.3"}], "timestamp": "1769384659463", "event_type": "price_change"}}
{"_local_timestamp": "2026-01-25T23:44:19.725896+00:00", "data": {"market": "0xb15470d6545c9ffbd3525906a5d2798823f254a4da92793d60cb782eab0a60e6", "price_changes": [{"asset_id": "90789399138416550270325314131162808548653580120624904482557448689454324951485", "price": "0.22", "size": "0", "side": "BUY", "hash": "a302ea953a6c50ac9a0069ae92a5fa098420aa77", "best_bid": "0.7", "best_ask": "0.98"}, {"asset_id": "17900375639478683655679670694975722771965736396567788561403630305042342586821", "price": "0.78", "size": "0", "side": "SELL", "hash": "0b580746c30afbb894586b54947f40e98fb08979", "best_bid": "0.02", "best_ask": "0.3"}], "timestamp": "1769384659463", "event_type": "price_change"}}
{"_local_timestamp": "2026-01-25T23:44:20.131928+00:00", "data": {"market": "0xb15470d6545c9ffbd3525906a5d2798823f254a4da92793d60cb782eab0a60e6", "price_changes": [{"asset_id": "90789399138416550270325314131162808548653580120624904482557448689454324951485", "price": "0.22", "size": "5", "side": "BUY", "hash": "6f3ab8278bb4c4a9199d7c9580ca2761ab5b165e", "best_bid": "0.7", "best_ask": "0.98"}, {"asset_id": "17900375639478683655679670694975722771965736396567788561403630305042342586821", "price": "0.78", "size": "5", "side": "SELL", "hash": "dd72a527ba89c2132df66868e256c34b8f97feb0", "best_bid": "0.02", "best_ask": "0.3"}], "timestamp": "1769384659866", "event_type": "price_change"}}
{"_local_timestamp": "2026-01-25T23:44:20.147943+00:00", "data": {"market": "0xb15470d6545c9ffbd3525906a5d2798823f254a4da92793d60cb782eab0a60e6", "price_changes": [{"asset_id": "90789399138416550270325314131162808548653580120624904482557448689454324951485", "price": "0.02", "size": "22.93", "side": "BUY", "hash": "579a46437a902c9d4ca988bb073c7e8f1cf3fb54", "best_bid": "0.7", "best_ask": "0.98"}, {"asset_id": "17900375639478683655679670694975722771965736396567788561403630305042342586821", "price": "0.98", "size": "22.93", "side": "SELL", "hash": "3bd9a31dfe1b5f41e523a5fc644f993d47855c82", "best_bid": "0.02", "best_ask": "0.3"}], "timestamp": "1769384659870", "event_type": "price_change"}}
{"_local_timestamp": "2026-01-25T23:44:20.155600+00:00", "data": {"market": "0xb15470d6545c9ffbd3525906a5d2798823f254a4da92793d60cb782eab0a60e6", "price_changes": [{"asset_id": "90789399138416550270325314131162808548653580120624904482557448689454324951485", "price": "0.1", "size": "14.74", "side": "BUY", "hash": "01728837fb90388e4bca0d19e0a234f05ac38528", "best_bid": "0.7", "best_ask": "0.98"}, {"asset_id": "17900375639478683655679670694975722771965736396567788561403630305042342586821", "price": "0.9", "size": "14.74", "side": "SELL", "hash": "2820398c30a111ebc625c295c4c0dd765f4704dd", "best_bid": "0.02", "best_ask": "0.3"}], "timestamp": "1769384659874", "event_type": "price_change"}}
{"_local_timestamp": "2026-01-25T23:44:21.834928+00:00", "data": {"market": "0xb15470d6545c9ffbd3525906a5d2798823f254a4da92793d60cb782eab0a60e6", "price_changes": [{"asset_id": "90789399138416550270325314131162808548653580120624904482557448689454324951485", "price": "0.09", "size": "0", "side": "BUY", "hash": "6933dcb9e08c99d82a94169a81813de10943181e", "best_bid": "0.7", "best_ask": "0.98"}, {"asset_id": "17900375639478683655679670694975722771965736396567788561403630305042342586821", "price": "0.91", "size": "0", "side": "SELL", "hash": "2317a96d3a33d913eee2ed78c00ad2c3ca8bec8f", "best_bid": "0.02", "best_ask": "0.3"}], "timestamp": "1769384661371", "event_type": "price_change"}}
{"_local_timestamp": "2026-01-25T23:44:21.842991+00:00", "data": {"market": "0xb15470d6545c9ffbd3525906a5d2798823f254a4da92793d60cb782eab0a60e6", "price_changes": [{"asset_id": "90789399138416550270325314131162808548653580120624904482557448689454324951485", "price": "0.11", "size": "20", "side": "BUY", "hash": "88624b5fcd0f113c6cbc90f854648ddc11e7f8b4", "best_bid": "0.7", "best_ask": "0.98"}, {"asset_id": "17900375639478683655679670694975722771965736396567788561403630305042342586821", "price": "0.89", "size": "20", "side": "SELL", "hash": "744cb593d60369c7337add49f637fda68fe2384b", "best_bid": "0.02", "best_ask": "0.3"}], "timestamp": "1769384661395", "event_type": "price_change"}}
{"_local_timestamp": "2026-01-25T23:44:35.015766+00:00", "data": {"market": "0xb15470d6545c9ffbd3525906a5d2798823f254a4da92793d60cb782eab0a60e6", "price_changes": [{"asset_id": "90789399138416550270325314131162808548653580120624904482557448689454324951485", "price": "0.02", "size": "10.09", "side": "BUY", "hash": "443064be6051767d16bfd32a5fb159a4ec6f1ac7", "best_bid": "0.7", "best_ask": "0.98"}, {"asset_id": "17900375639478683655679670694975722771965736396567788561403630305042342586821", "price": "0.98", "size": "10.09", "side": "SELL", "hash": "75017b25714fab36bdc8b516ca1a83452a32215d", "best_bid": "0.02", "best_ask": "0.3"}], "timestamp": "1769384674735", "event_type": "price_change"}}
{"_local_timestamp": "2026-01-25T23:44:35.016804+00:00", "data": {"market": "0xb15470d6545c9ffbd3525906a5d2798823f254a4da92793d60cb782eab0a60e6", "price_changes": [{"asset_id": "90789399138416550270325314131162808548653580120624904482557448689454324951485", "price": "0.1", "size": "0", "side": "BUY", "hash": "443064be6051767d16bfd32a5fb159a4ec6f1ac7", "best_bid": "0.7", "best_ask": "0.98"}, {"asset_id": "17900375639478683655679670694975722771965736396567788561403630305042342586821", "price": "0.9", "size": "0", "side": "SELL", "hash": "75017b25714fab36bdc8b516ca1a83452a32215d", "best_bid": "0.02", "best_ask": "0.3"}], "timestamp": "1769384674735", "event_type": "price_change"}}
{"_local_timestamp": "2026-01-25T23:44:35.017670+00:00", "data": {"market": "0xb15470d6545c9ffbd3525906a5d2798823f254a4da92793d60cb782eab0a60e6", "price_changes": [{"asset_id": "90789399138416550270325314131162808548653580120624904482557448689454324951485", "price": "0.22", "size": "0", "side": "BUY", "hash": "443064be6051767d16bfd32a5fb159a4ec6f1ac7", "best_bid": "0.7", "best_ask": "0.98"}, {"asset_id": "17900375639478683655679670694975722771965736396567788561403630305042342586821", "price": "0.78", "size": "0", "side": "SELL", "hash": "75017b25714fab36bdc8b516ca1a83452a32215d", "best_bid": "0.02", "best_ask": "0.3"}], "timestamp": "1769384674735", "event_type": "price_change"}}
{"_local_timestamp": "2026-01-25T23:44:35.734178+00:00", "data": {"market": "0xb15470d6545c9ffbd3525906a5d2798823f254a4da92793d60cb782eab0a60e6", "price_changes": [{"asset_id": "90789399138416550270325314131162808548653580120624904482557448689454324951485", "price": "0.06", "size": "38.37", "side": "BUY", "hash": "e70909dedce5413b2298350b5c64c504e81f3bf7", "best_bid": "0.7", "best_ask": "0.98"}, {"asset_id": "17900375639478683655679670694975722771965736396567788561403630305042342586821", "price": "0.94", "size": "38.37", "side": "SELL", "hash": "ce8ae908437bc08eff8652cd3cb1a0b7c401454a", "best_bid": "0.02", "best_ask": "0.3"}], "timestamp": "1769384675066", "event_type": "price_change"}}
{"_local_timestamp": "2026-01-25T23:44:35.735178+00:00", "data": {"market": "0xb15470d6545c9ffbd3525906a5d2798823f254a4da92793d60cb782eab0a60e6", "price_changes": [{"asset_id": "90789399138416550270325314131162808548653580120624904482557448689454324951485", "price": "0.12", "size": "11.74", "side": "BUY", "hash": "4284ca6f33e1ada42d94d5d749ace12695832b9a", "best_bid": "0.7", "best_ask": "0.98"}, {"asset_id": "17900375639478683655679670694975722771965736396567788561403630305042342586821", "price": "0.88", "size": "11.74", "side": "SELL", "hash": "a7251c754ae343622e5d24fe1dfb1fa13a84eef2", "best_bid": "0.02", "best_ask": "0.3"}], "timestamp": "1769384675068", "event_type": "price_change"}}
{"_local_timestamp": "2026-01-25T23:44:35.736064+00:00", "data": {"market": "0xb15470d6545c9ffbd3525906a5d2798823f254a4da92793d60cb782eab0a60e6", "price_changes": [{"asset_id": "90789399138416550270325314131162808548653580120624904482557448689454324951485", "price": "0.22", "size": "5", "side": "BUY", "hash": "5d7fff330706cf3ef9bd155c9c571af84e6e885e", "best_bid": "0.7", "best_ask": "0.98"}, {"asset_id": "17900375639478683655679670694975722771965736396567788561403630305042342586821", "price": "0.78", "size": "5", "side": "SELL", "hash": "31e0d5cc5e2cf422e050024cf77a212d0470eb23", "best_bid": "0.02", "best_ask": "0.3"}], "timestamp": "1769384675069", "event_type": "price_change"}}
{"_local_timestamp": "2026-01-25T23:44:36.310642+00:00", "data": {"market": "0xb15470d6545c9ffbd3525906a5d2798823f254a4da92793d60cb782eab0a60e6", "price_changes": [{"asset_id": "90789399138416550270325314131162808548653580120624904482557448689454324951485", "price": "0.11", "size": "0", "side": "BUY", "hash": "f035713149c9c99450ac3ab2fc7db27ff673da5f", "best_bid": "0.7", "best_ask": "0.98"}, {"asset_id": "17900375639478683655679670694975722771965736396567788561403630305042342586821", "price": "0.89", "size": "0", "side": "SELL", "hash": "2a4eb5f638f0d16f325984e1017e9f10da1fa61a", "best_bid": "0.02", "best_ask": "0.3"}], "timestamp": "1769384676031", "event_type": "price_change"}}
{"_local_timestamp": "2026-01-25T23:44:36.333585+00:00", "data": {"market": "0xb15470d6545c9ffbd3525906a5d2798823f254a4da92793d60cb782eab0a60e6", "price_changes": [{"asset_id": "90789399138416550270325314131162808548653580120624904482557448689454324951485", "price": "0.13", "size": "20", "side": "BUY", "hash": "96485379e606c7cc48e832803e0d1fadb084c9a6", "best_bid": "0.7", "best_ask": "0.98"}, {"asset_id": "17900375639478683655679670694975722771965736396567788561403630305042342586821", "price": "0.87", "size": "20", "side": "SELL", "hash": "f7e2c62e995251bd78a729a0766ceef52c520203", "best_bid": "0.02", "best_ask": "0.3"}], "timestamp": "1769384676061", "event_type": "price_change"}}
{"_local_timestamp": "2026-01-25T23:44:47.695394+00:00", "data": {"market": "0x5b1ffbc2fb2e49e0f27a24b8060cc1ca4d858088244fb6541fbe7d98aec1edfc", "price_changes": [{"asset_id": "84699240558843336852681019637508402913334763466484851143834992522794763821922", "price": "0.158", "size": "0", "side": "BUY", "hash": "73056e1ad6c2aea2c8a763e503df23540599e7f8", "best_bid": "0.478", "best_ask": "0.998"}, {"asset_id": "55988747984122854040927657837180471992842893619926975962847031786103973956230", "price": "0.842", "size": "0", "side": "SELL", "hash": "ca94bc41806f2834f9b9dc8a1e9127c4afe91f77", "best_bid": "0.002", "best_ask": "0.522"}], "timestamp": "1769384687466", "event_type": "price_change"}}
{"_local_timestamp": "2026-01-25T23:44:47.754758+00:00", "data": {"market": "0x38fb69564ae311ef4ed9d34a1d5a3587828e4e660e67009d5a3cde08649c2171", "price_changes": [{"asset_id": "107685275791096286164005001565561436959674140290833663772296335256910172946680", "price": "0.106", "size": "0", "side": "BUY", "hash": "d0d210aa037aff137e0cfb3d97619e4299258e93", "best_bid": "0.7", "best_ask": "0.987"}, {"asset_id": "90521863996635153941760208041563651859877473351126931907472023157602367136987", "price": "0.894", "size": "0", "side": "SELL", "hash": "2a7959e3898df1e82e94580444c6893fa46f1175", "best_bid": "0.013", "best_ask": "0.3"}], "timestamp": "1769384687468", "event_type": "price_change"}}
{"_local_timestamp": "2026-01-25T23:44:47.755859+00:00", "data": {"market": "0x38fb69564ae311ef4ed9d34a1d5a3587828e4e660e67009d5a3cde08649c2171", "price_changes": [{"asset_id": "107685275791096286164005001565561436959674140290833663772296335256910172946680", "price": "0.986", "size": "0", "side": "SELL", "hash": "d0d210aa037aff137e0cfb3d97619e4299258e93", "best_bid": "0.7", "best_ask": "0.987"}, {"asset_id": "90521863996635153941760208041563651859877473351126931907472023157602367136987", "price": "0.014", "size": "0", "side": "BUY", "hash": "2a7959e3898df1e82e94580444c6893fa46f1175", "best_bid": "0.013", "best_ask": "0.3"}], "timestamp": "1769384687468", "event_type": "price_change"}}
{"_local_timestamp": "2026-01-25T23:44:47.839336+00:00", "data": {"market": "0xdb63045c5fee5e17add600bc32ff4669ff182e7318ebf2de7ef76f57428e0637", "price_changes": [{"asset_id": "102218031695713464375543092457665843104124978678573987166043279966171620326426", "price": "0.23", "size": "39", "side": "BUY", "hash": "64a85ebf924a66459ff868d806d180ee07f3e1bb", "best_bid": "0.23", "best_ask": "0.75"}, {"asset_id": "66239146285239552348107247662987123692248015882372466576713915175598480677131", "price": "0.77", "size": "39", "side": "SELL", "hash": "330160b7108e8b5a14d3fed13da20063e0623c1e", "best_bid": "0.25", "best_ask": "0.77"}], "timestamp": "1769384687581", "event_type": "price_change"}}
{"_local_timestamp": "2026-01-25T23:44:47.840380+00:00", "data": {"market": "0xdad4e6e57414a92fa03d4e15e8c2e07b85380a87ebb81904a5f67d1c8556ada4", "price_changes": [{"asset_id": "42723153620114986899527138677498119826187383530151579581130802432995564299860", "price": "0.27", "size": "0", "side": "BUY", "hash": "f1b8670b0890cee49dbfde2e060077925c7affa9", "best_bid": "0.15", "best_ask": "0.8"}, {"asset_id": "114915801833091228296307497336880451877035366982188025096863607960278359963397", "price": "0.73", "size": "0", "side": "SELL", "hash": "00357bd8488a4a85ceaf2a142bea3b5998adb77a", "best_bid": "0.2", "best_ask": "0.85"}], "timestamp": "1769384687581", "event_type": "price_change"}}
{"_local_timestamp": "2026-01-25T23:44:47.841269+00:00", "data": {"market": "0x5b1ffbc2fb2e49e0f27a24b8060cc1ca4d858088244fb6541fbe7d98aec1edfc", "price_changes": [{"asset_id": "84699240558843336852681019637508402913334763466484851143834992522794763821922", "price": "0.478", "size": "0", "side": "BUY", "hash": "da0d3ed345772ec35f285218920dfb8d72f7fef3", "best_bid": "0.163", "best_ask": "0.998"}, {"asset_id": "55988747984122854040927657837180471992842893619926975962847031786103973956230", "price": "0.522", "size": "0", "side": "SELL", "hash": "699c15f015e69145b6a5b503e7f644e690ad0bf3", "best_bid": "0.002", "best_ask": "0.837"}], "timestamp": "1769384687581", "event_type": "price_change"}}
{"_local_timestamp": "2026-01-25T23:44:53.548175+00:00", "data": {"market": "0x38fb69564ae311ef4ed9d34a1d5a3587828e4e660e67009d5a3cde08649c2171", "price_changes": [{"asset_id": "90521863996635153941760208041563651859877473351126931907472023157602367136987", "price": "0.002", "size": "41.1", "side": "BUY", "hash": "b02c8354515c994b7a076c668fee57d42eeaf03b", "best_bid": "0.013", "best_ask": "0.3"}, {"asset_id": "107685275791096286164005001565561436959674140290833663772296335256910172946680", "price": "0.998", "size": "41.1", "side": "SELL", "hash": "978d0024ec1a48d9a3832ecd24484336dbefa55b", "best_bid": "0.7", "best_ask": "0.987"}], "timestamp": "1769384693459", "event_type": "price_change"}}
{"_local_timestamp": "2026-01-25T23:44:53.876154+00:00", "data": {"market": "0x38fb69564ae311ef4ed9d34a1d5a3587828e4e660e67009d5a3cde08649c2171", "price_changes": [{"asset_id": "90521863996635153941760208041563651859877473351126931907472023157602367136987", "price": "0.002", "size": "69.13", "side": "BUY", "hash": "0e5590c1e8492a3779134bf8fcfb98a1613cd577", "best_bid": "0.013", "best_ask": "0.3"}, {"asset_id": "107685275791096286164005001565561436959674140290833663772296335256910172946680", "price": "0.998", "size": "69.13", "side": "SELL", "hash": "5d91fe1704def9036919ffab01f0f1a74050e0ac", "best_bid": "0.7", "best_ask": "0.987"}], "timestamp": "1769384693796", "event_type": "price_change"}}
{"_local_timestamp": "2026-01-25T23:44:56.596380+00:00", "data": {"market": "0xb15470d6545c9ffbd3525906a5d2798823f254a4da92793d60cb782eab0a60e6", "price_changes": [{"asset_id": "90789399138416550270325314131162808548653580120624904482557448689454324951485", "price": "0.06", "size": "33", "side": "BUY", "hash": "89a8a86eea6a9649d79b26822c3c1790a7e43795", "best_bid": "0.7", "best_ask": "0.98"}, {"asset_id": "17900375639478683655679670694975722771965736396567788561403630305042342586821", "price": "0.94", "size": "33", "side": "SELL", "hash": "74f34a11031ef66a9a74d95195ec947e60dd7b59", "best_bid": "0.02", "best_ask": "0.3"}], "timestamp": "1769384696518", "event_type": "price_change"}}
{"_local_timestamp": "2026-01-25T23:44:56.597450+00:00", "data": {"market": "0xb15470d6545c9ffbd3525906a5d2798823f254a4da92793d60cb782eab0a60e6", "price_changes": [{"asset_id": "90789399138416550270325314131162808548653580120624904482557448689454324951485", "price": "0.12", "size": "0", "side": "BUY", "hash": "89a8a86eea6a9649d79b26822c3c1790a7e43795", "best_bid": "0.7", "best_ask": "0.98"}, {"asset_id": "17900375639478683655679670694975722771965736396567788561403630305042342586821", "price": "0.88", "size": "0", "side": "SELL", "hash": "74f34a11031ef66a9a74d95195ec947e60dd7b59", "best_bid": "0.02", "best_ask": "0.3"}], "timestamp": "1769384696518", "event_type": "price_change"}}
{"_local_timestamp": "2026-01-25T23:44:56.598413+00:00", "data": {"market": "0xb15470d6545c9ffbd3525906a5d2798823f254a4da92793d60cb782eab0a60e6", "price_changes": [{"asset_id": "90789399138416550270325314131162808548653580120624904482557448689454324951485", "price": "0.22", "size": "0", "side": "BUY", "hash": "89a8a86eea6a9649d79b26822c3c1790a7e43795", "best_bid": "0.7", "best_ask": "0.98"}, {"asset_id": "17900375639478683655679670694975722771965736396567788561403630305042342586821", "price": "0.78", "size": "0", "side": "SELL", "hash": "74f34a11031ef66a9a74d95195ec947e60dd7b59", "best_bid": "0.02", "best_ask": "0.3"}], "timestamp": "1769384696518", "event_type": "price_change"}}
{"_local_timestamp": "2026-01-25T23:44:56.927667+00:00", "data": {"market": "0xb15470d6545c9ffbd3525906a5d2798823f254a4da92793d60cb782eab0a60e6", "price_changes": [{"asset_id": "90789399138416550270325314131162808548653580120624904482557448689454324951485", "price": "0.22", "size": "5", "side": "BUY", "hash": "3abaae5ff1f7975a88d77a0c422c1660856d930c", "best_bid": "0.7", "best_ask": "0.98"}, {"asset_id": "17900375639478683655679670694975722771965736396567788561403630305042342586821", "price": "0.78", "size": "5", "side": "SELL", "hash": "e2dc4a4eac8a4edab4d8b39c89f6565e26015750", "best_bid": "0.02", "best_ask": "0.3"}], "timestamp": "1769384696856", "event_type": "price_change"}}
{"_local_timestamp": "2026-01-25T23:44:56.928686+00:00", "data": {"market": "0xb15470d6545c9ffbd3525906a5d2798823f254a4da92793d60cb782eab0a60e6", "price_changes": [{"asset_id": "90789399138416550270325314131162808548653580120624904482557448689454324951485", "price": "0.14", "size": "9.7", "side": "BUY", "hash": "83b7ea4b95589e7c9d7177a7fcb8a9c8a7749a96", "best_bid": "0.7", "best_ask": "0.98"}, {"asset_id": "17900375639478683655679670694975722771965736396567788561403630305042342586821", "price": "0.86", "size": "9.7", "side": "SELL", "hash": "3232dc864c876eaff87075da1edd534865a42ebb", "best_bid": "0.02", "best_ask": "0.3"}], "timestamp": "1769384696857", "event_type": "price_change"}}
{"_local_timestamp": "2026-01-25T23:44:56.929596+00:00", "data": {"market": "0xb15470d6545c9ffbd3525906a5d2798823f254a4da92793d60cb782eab0a60e6", "price_changes": [{"asset_id": "90789399138416550270325314131162808548653580120624904482557448689454324951485", "price": "0.07", "size": "5.33", "side": "BUY", "hash": "e2d08ca12b2a712d124608587090b96676a0617c", "best_bid": "0.7", "best_ask": "0.98"}, {"asset_id": "17900375639478683655679670694975722771965736396567788561403630305042342586821", "price": "0.93", "size": "5.33", "side": "SELL", "hash": "6b193345e91dad0fea87239e728d65ec3c99b70d", "best_bid": "0.02", "best_ask": "0.3"}], "timestamp": "1769384696858", "event_type": "price_change"}}
{"_local_timestamp": "2026-01-25T23:44:57.932929+00:00", "data": {"market": "0xb15470d6545c9ffbd3525906a5d2798823f254a4da92793d60cb782eab0a60e6", "price_changes": [{"asset_id": "90789399138416550270325314131162808548653580120624904482557448689454324951485", "price": "0.13", "size": "0", "side": "BUY", "hash": "a87cc911afd0c79eb99c921f8a035615e09da504", "best_bid": "0.7", "best_ask": "0.98"}, {"asset_id": "17900375639478683655679670694975722771965736396567788561403630305042342586821", "price": "0.87", "size": "0", "side": "SELL", "hash": "bbaaf7401657de49843606aaf98434ad176bee7f", "best_bid": "0.02", "best_ask": "0.3"}], "timestamp": "1769384697869", "event_type": "price_change"}}
{"_local_timestamp": "2026-01-25T23:44:57.962406+00:00", "data": {"market": "0xb15470d6545c9ffbd3525906a5d2798823f254a4da92793d60cb782eab0a60e6", "price_changes": [{"asset_id": "90789399138416550270325314131162808548653580120624904482557448689454324951485", "price": "0.09", "size": "20", "side": "BUY", "hash": "80a6557f265d6affa930dd5f99e51773ddbb2e91", "best_bid": "0.7", "best_ask": "0.98"}, {"asset_id": "17900375639478683655679670694975722771965736396567788561403630305042342586821", "price": "0.91", "size": "20", "side": "SELL", "hash": "b3ded5ac86ee3f54a74faf7d654f9c775694075a", "best_bid": "0.02", "best_ask": "0.3"}], "timestamp": "1769384697899", "event_type": "price_change"}}
{"_local_timestamp": "2026-01-25T23:45:00.020546+00:00", "data": {"market": "0xb15470d6545c9ffbd3525906a5d2798823f254a4da92793d60cb782eab0a60e6", "price_changes": [{"asset_id": "90789399138416550270325314131162808548653580120624904482557448689454324951485", "price": "0.09", "size": "0", "side": "BUY", "hash": "27a3435c40d5991a5e4452b4da4cf254b7e3243c", "best_bid": "0.7", "best_ask": "0.98"}, {"asset_id": "17900375639478683655679670694975722771965736396567788561403630305042342586821", "price": "0.91", "size": "0", "side": "SELL", "hash": "b53745a05cff884ae06d749bd74f60bccdddd33d", "best_bid": "0.02", "best_ask": "0.3"}], "timestamp": "1769384699954", "event_type": "price_change"}}
{"_local_timestamp": "2026-01-25T23:45:00.045922+00:00", "data": {"market": "0xb15470d6545c9ffbd3525906a5d2798823f254a4da92793d60cb782eab0a60e6", "price_changes": [{"asset_id": "90789399138416550270325314131162808548653580120624904482557448689454324951485", "price": "0.15", "size": "20", "side": "BUY", "hash": "bde850a1c1551c5a63728d831fb7419d8998e5ed", "best_bid": "0.7", "best_ask": "0.98"}, {"asset_id": "17900375639478683655679670694975722771965736396567788561403630305042342586821", "price": "0.85", "size": "20", "side": "SELL", "hash": "bdc512271c9c14b0572bdee2b8efc823743b303a", "best_bid": "0.02", "best_ask": "0.3"}], "timestamp": "1769384699980", "event_type": "price_change"}}
{"_local_timestamp": "2026-01-25T23:45:02.816692+00:00", "data": {"market": "0xa7f543a60ae9bf63a2fb0761cb6c57f3b0fe6fe2f322badc1cf8efc18e1f06f3", "price_changes": [{"asset_id": "60630035809502871670968527829832130899519184487844530148138037917820105333195", "price": "0.07", "size": "0", "side": "BUY", "hash": "7db7eb019d2bf867a3135535c7ed213dc7184a59", "best_bid": "0.66", "best_ask": "0.99"}, {"asset_id": "72064407257107698168904775231646130333321163294482054496695801991988860351955", "price": "0.93", "size": "0", "side": "SELL", "hash": "eafd9c4eb2413a2b0de2c0f0d86ec3886e449dff", "best_bid": "0.01", "best_ask": "0.34"}], "timestamp": "1769384702748", "event_type": "price_change"}}
{"_local_timestamp": "2026-01-25T23:45:02.817730+00:00", "data": {"market": "0xa7f543a60ae9bf63a2fb0761cb6c57f3b0fe6fe2f322badc1cf8efc18e1f06f3", "price_changes": [{"asset_id": "60630035809502871670968527829832130899519184487844530148138037917820105333195", "price": "0.19", "size": "0", "side": "BUY", "hash": "7db7eb019d2bf867a3135535c7ed213dc7184a59", "best_bid": "0.66", "best_ask": "0.99"}, {"asset_id": "72064407257107698168904775231646130333321163294482054496695801991988860351955", "price": "0.81", "size": "0", "side": "SELL", "hash": "eafd9c4eb2413a2b0de2c0f0d86ec3886e449dff", "best_bid": "0.01", "best_ask": "0.34"}], "timestamp": "1769384702748", "event_type": "price_change"}}
{"_local_timestamp": "2026-01-25T23:45:03.198377+00:00", "data": {"market": "0xa7f543a60ae9bf63a2fb0761cb6c57f3b0fe6fe2f322badc1cf8efc18e1f06f3", "price_changes": [{"asset_id": "60630035809502871670968527829832130899519184487844530148138037917820105333195", "price": "0.11", "size": "12.87", "side": "BUY", "hash": "dc0b30ed1c0bfed75ff1f5ff3965cea438e0d5c8", "best_bid": "0.66", "best_ask": "0.99"}, {"asset_id": "72064407257107698168904775231646130333321163294482054496695801991988860351955", "price": "0.89", "size": "12.87", "side": "SELL", "hash": "f09c6d5c24978ea91953d34db5dceb446430e872", "best_bid": "0.01", "best_ask": "0.34"}], "timestamp": "1769384703128", "event_type": "price_change"}}
{"_local_timestamp": "2026-01-25T23:45:03.199363+00:00", "data": {"market": "0xa7f543a60ae9bf63a2fb0761cb6c57f3b0fe6fe2f322badc1cf8efc18e1f06f3", "price_changes": [{"asset_id": "60630035809502871670968527829832130899519184487844530148138037917820105333195", "price": "0.02", "size": "25.88", "side": "BUY", "hash": "4a44104da105aa1af2685bfc696fa6ce6437343d", "best_bid": "0.66", "best_ask": "0.99"}, {"asset_id": "72064407257107698168904775231646130333321163294482054496695801991988860351955", "price": "0.98", "size": "25.88", "side": "SELL", "hash": "910a90388224900bb0f9d791cb365502e33f894f", "best_bid": "0.01", "best_ask": "0.34"}], "timestamp": "1769384703129", "event_type": "price_change"}}
{"_local_timestamp": "2026-01-25T23:45:04.847248+00:00", "data": {"market": "0xa7f543a60ae9bf63a2fb0761cb6c57f3b0fe6fe2f322badc1cf8efc18e1f06f3", "price_changes": [{"asset_id": "60630035809502871670968527829832130899519184487844530148138037917820105333195", "price": "0.1", "size": "0", "side": "BUY", "hash": "cd22798d26debcc02b90dca2601c739aca1ad493", "best_bid": "0.66", "best_ask": "0.99"}, {"asset_id": "72064407257107698168904775231646130333321163294482054496695801991988860351955", "price": "0.9", "size": "0", "side": "SELL", "hash": "70b253400d47fcefc35b79b4924fe46a6e8672a3", "best_bid": "0.01", "best_ask": "0.34"}], "timestamp": "1769384704783", "event_type": "price_change"}}
