{"_local_timestamp": "2026-01-25T23:33:51.975184+00:00", "data": [{"market": "0xb15470d6545c9ffbd3525906a5d2798823f254a4da92793d60cb782eab0a60e6", "asset_id": "17900375639478683655679670694975722771965736396567788561403630305042342586821", "timestamp": "1769383967311", "hash": "149395de421de1b6ff718cc39ebd9bf87fd5ce36", "bids": [{"price": "0.01", "size": "21.46"}, {"price": "0.02", "size": "60.93"}], "asks": [{"price": "0.99", "size": "129.65"}, {"price": "0.98", "size": "15.19"}, {"price": "0.95", "size": "30"}, {"price": "0.94", "size": "33"}, {"price": "0.93", "size": "23.28"}, {"price": "0.78", "size": "5"}, {"price": "0.75", "size": "8"}, {"price": "0.74", "size": "20"}, {"price": "0.3", "size": "26.6"}], "event_type": "book", "last_trade_price": "0.980"}, {"market": "0x38fb69564ae311ef4ed9d34a1d5a3587828e4e660e67009d5a3cde08649c2171", "asset_id": "90521863996635153941760208041563651859877473351126931907472023157602367136987", "timestamp": "1769383923000", "hash": "ecdb2624320fe7ab97b08e9d6860cd71c3424acb", "bids": [{"price": "0.001", "size": "1063.17"}, {"price": "0.002", "size": "41.09"}, {"price": "0.01", "size": "28.96"}, {"price": "0.012", "size": "44.99"}, {"price": "0.013", "size": "5"}], "asks": [{"price": "0.999", "size": "3045.99"}, {"price": "0.997", "size": "1000"}, {"price": "0.99", "size": "4123"}, {"price": "0.98", "size": "1800"}, {"price": "0.95", "size": "30"}, {"price": "0.949", "size": "39"}, {"price": "0.94", "size": "400"}, {"price": "0.939", "size": "8.33"}, {"price": "0.9", "size": "200"}, {"price": "0.898", "size": "45"}, {"price": "0.897", "size": "20"}, {"price": "0.815", "size": "5.93"}, {"price": "0.3", "size": "175.51"}], "event_type": "book", "last_trade_price": "0.010"}, {"market": "0xa7f543a60ae9bf63a2fb0761cb6c57f3b0fe6fe2f322badc1cf8efc18e1f06f3", "asset_id": "72064407257107698168904775231646130333321163294482054496695801991988860351955", "timestamp": "1769384029445", "hash": "c6ae21f61f1f2fe9254ac20678fe879867d5de80", "bids": [{"price": "0.01", "size": "72.47"}], "asks": [{"price": "0.99", "size": "129.57"}, {"price": "0.98", "size": "5.28"}, {"price": "0.95", "size": "30"}, {"price": "0.94", "size": "39.22"}, {"price": "0.93", "size": "28"}, {"price": "0.87", "size": "10.36"}, {"price": "0.86", "size": "20"}, {"price": "0.53", "size": "87.38"}, {"price": "0.35", "size": "9.43"}, {"price": "0.32", "size": "6.26"}], "event_type": "book", "last_trade_price": "0.010"}, {"market": "0x5b1ffbc2fb2e49e0f27a24b8060cc1ca4d858088244fb6541fbe7d98aec1edfc", "asset_id": "84699240558843336852681019637508402913334763466484851143834992522794763821922", "timestamp": "1769383964912", "hash": "1af89c9539e0d7346b904677c0c808c8d947b848", "bids": [{"price": "0.001", "size": "6297.07"}, {"price": "0.002", "size": "35.89"}, {"price": "0.01", "size": "123"}, {"price": "0.011", "size": "32.08"}, {"price": "0.05", "size": "30"}, {"price": "0.06", "size": "33"}, {"price": "0.061", "size": "5.08"}, {"price": "0.125", "size": "16"}, {"price": "0.147", "size": "45"}, {"price": "0.149", "size": "8.43"}, {"price": "0.15", "size": "20"}, {"price": "0.47", "size": "19"}], "asks": [{"price": "0.999", "size": "1263.99"}, {"price": "0.998", "size": "477.64"}], "event_type": "book", "last_trade_price": "0.002"}, {"market": "0xa7f543a60ae9bf63a2fb0761cb6c57f3b0fe6fe2f322badc1cf8efc18e1f06f3", "asset_id": "60630035809502871670968527829832130899519184487844530148138037917820105333195", "timestamp": "1769384029445", "hash": "869b1781ebaa95a63f8cdf2bf815bb98313c4229", "bids": [{"price": "0.01", "size": "129.57"}, {"price": "0.02", "size": "5.28"}, {"price": "0.05", "size": "30"}, {"price": "0.06", "size": "39.22"}, {"price": "0.07", "size": "28"}, {"price": "0.13", "size": "10.36"}, {"price": "0.14", "size": "20"}, {"price": "0.47", "size": "87.38"}, {"price": "0.65", "size": "9.43"}, {"price": "0.68", "size": "6.26"}], "asks": [{"price": "0.99", "size": "72.47"}], "event_type": "book", "last_trade_price": "0.010"}, {"market": "0xdad4e6e57414a92fa03d4e15e8c2e07b85380a87ebb81904a5f67d1c8556ada4", "asset_id": "114915801833091228296307497336880451877035366982188025096863607960278359963397", "timestamp": "1769383947979", "hash": "45f2d46ac660e76a907e3c5a607f1ad7b40d6ec4", "bids": [{"price": "0.01", "size": "2128"}, {"price": "0.02", "size": "16.66"}, {"price": "0.11", "size": "20"}, {"price": "0.2", "size": "198.44"}], "asks": [{"price": "0.99", "size": "139.24"}, {"price": "0.98", "size": "30.2"}, {"price": "0.95", "size": "30"}, {"price": "0.94", "size": "20.56"}, {"price": "0.89", "size": "20"}, {"price": "0.87", "size": "21.26"}, {"price": "0.86", "size": "20"}], "event_type": "book", "last_trade_price": "0.100"}, {"market": "0xdb63045c5fee5e17add600bc32ff4669ff182e7318ebf2de7ef76f57428e0637", "asset_id": "66239146285239552348107247662987123692248015882372466576713915175598480677131", "timestamp": "1769383949579", "hash": "abfd71b24ebf47f889f168ea19acf9bd0d835de1", "bids": [{"price": "0.01", "size": "128"}, {"price": "0.02", "size": "16.66"}, {"price": "0.11", "size": "20"}, {"price": "0.25", "size": "21.26"}], "asks": [{"price": "0.99", "size": "2336.27"}, {"price": "0.98", "size": "73.44"}, {"price": "0.95", "size": "10"}, {"price": "0.94", "size": "6.64"}, {"price": "0.93", "size": "20"}, {"price": "0.79", "size": "158.33"}], "event_type": "book", "last_trade_price": "0.250"}, {"market": "0xdb63045c5fee5e17add600bc32ff4669ff182e7318ebf2de7ef76f57428e0637", "asset_id": "102218031695713464375543092457665843104124978678573987166043279966171620326426", "timestamp": "1769383949579", "hash": "f937525762c21f2859621b075cc80fbe4f5d5a99", "bids": [{"price": "0.01", "size": "2336.27"}, {"price": "0.02", "size": "73.44"}, {"price": "0.05", "size": "10"}, {"price": "0.06", "size": "6.64"}, {"price": "0.07", "size": "20"}, {"price": "0.21", "size": "158.33"}], "asks": [{"price": "0.99", "size": "128"}, {"price": "0.98", "size": "16.66"}, {"price": "0.89", "size": "20"}, {"price": "0.75", "size": "21.26"}], "event_type": "book", "last_trade_price": "0.250"}, {"market": "0xb15470d6545c9ffbd3525906a5d2798823f254a4da92793d60cb782eab0a60e6", "asset_id": "90789399138416550270325314131162808548653580120624904482557448689454324951485", "timestamp": "1769383967311", "hash": "0e38e582ee96cb15ee8281b60866e2fe29e858e2", "bids": [{"price": "0.01", "size": "129.65"}, {"price": "0.02", "size": "15.19"}, {"price": "0.05", "size": "30"}, {"price": "0.06", "size": "33"}, {"price": "0.07", "size": "23.28"}, {"price": "0.22", "size": "5"}, {"price": "0.25", "size": "8"}, {"price": "0.26", "size": "20"}, {"price": "0.7", "size": "26.6"}], "asks": [{"price": "0.99", "size": "21.46"}, {"price": "0.98", "size": "60.93"}], "event_type": "book", "last_trade_price": "0.980"}, {"market": "0xdad4e6e57414a92fa03d4e15e8c2e07b85380a87ebb81904a5f67d1c8556ada4", "asset_id": "42723153620114986899527138677498119826187383530151579581130802432995564299860", "timestamp": "1769383947979", "hash": "3cce6d79468f6e989d97a1bd0922e64f535c5fec", "bids": [{"price": "0.01", "size": "139.24"}, {"price": "0.02", "size": "30.2"}, {"price": "0.05", "size": "30"}, {"price": "0.06", "size": "20.56"}, {"price": "0.11", "size": "20"}, {"price": "0.13", "size": "21.26"}, {"price": "0.14", "size": "20"}], "asks": [{"price": "0.99", "size": "2128"}, {"price": "0.98", "size": "16.66"}, {"price": "0.89", "size": "20"}, {"price": "0.8", "size": "198.44"}], "event_type": "book", "last_trade_price": "0.100"}, {"market": "0x5b1ffbc2fb2e49e0f27a24b8060cc1ca4d858088244fb6541fbe7d98aec1edfc", "asset_id": "55988747984122854040927657837180471992842893619926975962847031786103973956230", "timestamp": "1769383964912", "hash": "19d6b913694958040ad28b883e3fe432f6a47d03", "bids": [{"price": "0.001", "size": "1263.99"}, {"price": "0.002", "size": "477.64"}], "asks": [{"price": "0.999", "size": "6297.07"}, {"price": "0.998", "size": "35.89"}, {"price": "0.99", "size": "123"}, {"price": "0.989", "size": "32.08"}, {"price": "0.95", "size": "30"}, {"price": "0.94", "size": "33"}, {"price": "0.939", "size": "5.08"}, {"price": "0.875", "size": "16"}, {"price": "0.853", "size": "45"}, {"price": "0.851", "size": "8.43"}, {"price": "0.85", "size": "20"}, {"price": "0.53", "size": "19"}], "event_type": "book", "last_trade_price": "0.002"}, {"market": "0x38fb69564ae311ef4ed9d34a1d5a3587828e4e660e67009d5a3cde08649c2171", "asset_id": "107685275791096286164005001565561436959674140290833663772296335256910172946680", "timestamp": "1769383923000", "hash": "4603f9a3130b7bad463d31b172967a25362ecb57", "bids": [{"price": "0.001", "size": "3045.99"}, {"price": "0.003", "size": "1000"}, {"price": "0.01", "size": "4123"}, {"price": "0.02", "size": "1800"}, {"price": "0.05", "size": "30"}, {"price": "0.051", "size": "39"}, {"price": "0.06", "size": "400"}, {"price": "0.061", "size": "8.33"}, {"price": "0.1", "size": "200"}, {"price": "0.102", "size": "45"}, {"price": "0.103", "size": "20"}, {"price": "0.185", "size": "5.93"}, {"price": "0.7", "size": "175.51"}], "asks": [{"price": "0.999", "size": "1063.17"}, {"price": "0.998", "size": "41.09"}, {"price": "0.99", "size": "28.96"}, {"price": "0.988", "size": "44.99"}, {"price": "0.987", "size": "5"}], "event_type": "book", "last_trade_price": "0.010"}]}
{"_local_timestamp": "2026-01-25T23:33:53.178102+00:00", "data": {"market": "0xdad4e6e57414a92fa03d4e15e8c2e07b85380a87ebb81904a5f67d1c8556ada4", "price_changes": [{"asset_id": "42723153620114986899527138677498119826187383530151579581130802432995564299860", "price": "0.14", "size": "39", "side": "BUY", "hash": "4724ac4876811bcf17be9c414f36f33cadfb279f", "best_bid": "0.14", "best_ask": "0.8"}, {"asset_id": "114915801833091228296307497336880451877035366982188025096863607960278359963397", "price": "0.86", "size": "39", "side": "SELL", "hash": "052cefa895c7cc150fbd279362fb0c9a4cb0b67f", "best_bid": "0.2", "best_ask": "0.86"}], "timestamp": "1769384033113", "event_type": "price_change"}}
{"_local_timestamp": "2026-01-25T23:33:53.183625+00:00", "data": {"market": "0xdb63045c5fee5e17add600bc32ff4669ff182e7318ebf2de7ef76f57428e0637", "price_changes": [{"asset_id": "102218031695713464375543092457665843104124978678573987166043279966171620326426", "price": "0.07", "size": "99", "side": "BUY", "hash": "78568cae6eab68861e154e04457e70144ea0173c", "best_bid": "0.21", "best_ask": "0.75"}, {"asset_id": "66239146285239552348107247662987123692248015882372466576713915175598480677131", "price": "0.93", "size": "99", "side": "SELL", "hash": "c08da3e8f333c3f3a9548d2c917a1805457c2f68", "best_bid": "0.25", "best_ask": "0.79"}], "timestamp": "1769384033113", "event_type": "price_change"}}
{"_local_timestamp": "2026-01-25T23:33:53.184032+00:00", "data": {"market": "0xb15470d6545c9ffbd3525906a5d2798823f254a4da92793d60cb782eab0a60e6", "price_changes": [{"asset_id": "90789399138416550270325314131162808548653580120624904482557448689454324951485", "price": "0.27", "size": "19", "side": "BUY", "hash": "ede74e95299b31bcaa044bc528a496b3d9e6cc02", "best_bid": "0.7", "best_ask": "0.98"}, {"asset_id": "17900375639478683655679670694975722771965736396567788561403630305042342586821", "price": "0.73", "size": "19", "side": "SELL", "hash": "82dddadf8a5ef4dfd64b33c584c4fe7ae2dac965", "best_bid": "0.02", "best_ask": "0.3"}], "timestamp": "1769384033113", "event_type": "price_change"}}
{"_local_timestamp": "2026-01-25T23:33:53.185310+00:00", "data": {"market": "0x5b1ffbc2fb2e49e0f27a24b8060cc1ca4d858088244fb6541fbe7d98aec1edfc", "price_changes": [{"asset_id": "84699240558843336852681019637508402913334763466484851143834992522794763821922", "price": "0.151", "size": "158.33", "side": "BUY", "hash": "66c2a33c8a38d85ea30c751fd460f50fcc1db9fd", "best_bid": "0.47", "best_ask": "0.998"}, {"asset_id": "55988747984122854040927657837180471992842893619926975962847031786103973956230", "price": "0.849", "size": "158.33", "side": "SELL", "hash": "460ddd2dff8f0d3c243eafbdaaec3afc27ec6254", "best_bid": "0.002", "best_ask": "0.53"}], "timestamp": "1769384033113", "event_type": "price_change"}}
{"_local_timestamp": "2026-01-25T23:33:53.187217+00:00", "data": {"market": "0x38fb69564ae311ef4ed9d34a1d5a3587828e4e660e67009d5a3cde08649c2171", "price_changes": [{"asset_id": "107685275791096286164005001565561436959674140290833663772296335256910172946680", "price": "0.186", "size": "19", "side": "BUY", "hash": "497471b22e13b0ce5e94581dc1bd8ae0a3caaed2", "best_bid": "0.7", "best_ask": "0.987"}, {"asset_id": "90521863996635153941760208041563651859877473351126931907472023157602367136987", "price": "0.814", "size": "19", "side": "SELL", "hash": "297d5752a26ea1054e9d7e27fbb49cb2b1f6819d", "best_bid": "0.013", "best_ask": "0.3"}], "timestamp": "1769384033113", "event_type": "price_change"}}
{"_local_timestamp": "2026-01-25T23:33:53.187566+00:00", "data": {"market": "0xdb63045c5fee5e17add600bc32ff4669ff182e7318ebf2de7ef76f57428e0637", "price_changes": [{"asset_id": "102218031695713464375543092457665843104124978678573987166043279966171620326426", "price": "0.08", "size": "79", "side": "BUY", "hash": "1bbf8cd152374b60497d3e984677c7f5f3d05eb2", "best_bid": "0.21", "best_ask": "0.75"}, {"asset_id": "66239146285239552348107247662987123692248015882372466576713915175598480677131", "price": "0.92", "size": "79", "side": "SELL", "hash": "65516c72e70da1240728e4dc2cf85fb2929c4583", "best_bid": "0.25", "best_ask": "0.79"}], "timestamp": "1769384033114", "event_type": "price_change"}}
{"_local_timestamp": "2026-01-25T23:33:53.187858+00:00", "data": {"market": "0xdad4e6e57414a92fa03d4e15e8c2e07b85380a87ebb81904a5f67d1c8556ada4", "price_changes": [{"asset_id": "42723153620114986899527138677498119826187383530151579581130802432995564299860", "price": "0.15", "size": "39", "side": "BUY", "hash": "ccbc5c9b4dfae102081d341be3bfd47d06e3e8af", "best_bid": "0.15", "best_ask": "0.8"}, {"asset_id": "114915801833091228296307497336880451877035366982188025096863607960278359963397", "price": "0.85", "size": "39", "side": "SELL", "hash": "0d0ad480a1840015d28698d07bd9d89e45adfc82", "best_bid": "0.2", "best_ask": "0.85"}], "timestamp": "1769384033114", "event_type": "price_change"}}
{"_local_timestamp": "2026-01-25T23:33:53.188143+00:00", "data": {"market": "0x5b1ffbc2fb2e49e0f27a24b8060cc1ca4d858088244fb6541fbe7d98aec1edfc", "price_changes": [{"asset_id": "84699240558843336852681019637508402913334763466484851143834992522794763821922", "price": "0.15", "size": "178.33", "side": "BUY", "hash": "598771a0df18aacb04e5946962dabe0bfd236e86", "best_bid": "0.47", "best_ask": "0.998"}, {"asset_id": "55988747984122854040927657837180471992842893619926975962847031786103973956230", "price": "0.85", "size": "178.33", "side": "SELL", "hash": "303a5275a13ace4a954797e646c9f7320b2a4d0d", "best_bid": "0.002", "best_ask": "0.53"}], "timestamp": "1769384033114", "event_type": "price_change"}}
{"_local_timestamp": "2026-01-25T23:33:53.985572+00:00", "data": {"market": "0xb15470d6545c9ffbd3525906a5d2798823f254a4da92793d60cb782eab0a60e6", "price_changes": [{"asset_id": "90789399138416550270325314131162808548653580120624904482557448689454324951485", "price": "0.26", "size": "0", "side": "BUY", "hash": "b532db546daad5821a20bbd199826207039557d7", "best_bid": "0.7", "best_ask": "0.98"}, {"asset_id": "17900375639478683655679670694975722771965736396567788561403630305042342586821", "price": "0.74", "size": "0", "side": "SELL", "hash": "082c0f40b3692c5edb2043cf3975dfd6af2cef98", "best_bid": "0.02", "best_ask": "0.3"}], "timestamp": "1769384033913", "event_type": "price_change"}}
{"_local_timestamp": "2026-01-25T23:33:53.986010+00:00", "data": {"market": "0xdb63045c5fee5e17add600bc32ff4669ff182e7318ebf2de7ef76f57428e0637", "price_changes": [{"asset_id": "102218031695713464375543092457665843104124978678573987166043279966171620326426", "price": "0.07", "size": "79", "side": "BUY", "hash": "3d4ebbed7b661a342601afcf0a0f7d64166fa4d0", "best_bid": "0.21", "best_ask": "0.75"}, {"asset_id": "66239146285239552348107247662987123692248015882372466576713915175598480677131", "price": "0.93", "size": "79", "side": "SELL", "hash": "3d625dfc73934e874b91f12bf7690690d3f7808f", "best_bid": "0.25", "best_ask": "0.79"}], "timestamp": "1769384033913", "event_type": "price_change"}}
{"_local_timestamp": "2026-01-25T23:33:53.986325+00:00", "data": {"market": "0xdad4e6e57414a92fa03d4e15e8c2e07b85380a87ebb81904a5f67d1c8556ada4", "price_changes": [{"asset_id": "42723153620114986899527138677498119826187383530151579581130802432995564299860", "price": "0.14", "size": "19", "side": "BUY", "hash": "25a4393aa6dd96f38fcc83da3a5db283e242f224", "best_bid": "0.15", "best_ask": "0.8"}, {"asset_id": "114915801833091228296307497336880451877035366982188025096863607960278359963397", "price": "0.86", "size": "19", "side": "SELL", "hash": "842bb90f5e3aa6e650ba2aec653ee9278219ab5e", "best_bid": "0.2", "best_ask": "0.85"}], "timestamp": "1769384033913", "event_type": "price_change"}}
{"_local_timestamp": "2026-01-25T23:33:53.986814+00:00", "data": {"market": "0x38fb69564ae311ef4ed9d34a1d5a3587828e4e660e67009d5a3cde08649c2171", "price_changes": [{"asset_id": "107685275791096286164005001565561436959674140290833663772296335256910172946680", "price": "0.103", "size": "0", "side": "BUY", "hash": "ecc2585ec5b384f18a0f6b1fae305d2d5c09fb56", "best_bid": "0.7", "best_ask": "0.987"}, {"asset_id": "90521863996635153941760208041563651859877473351126931907472023157602367136987", "price": "0.897", "size": "0", "side": "SELL", "hash": "aebe7f14faf59dbae3f7229625a3ce3b5aaa6d58", "best_bid": "0.013", "best_ask": "0.3"}], "timestamp": "1769384033913", "event_type": "price_change"}}
{"_local_timestamp": "2026-01-25T23:33:53.987450+00:00", "data": {"market": "0x5b1ffbc2fb2e49e0f27a24b8060cc1ca4d858088244fb6541fbe7d98aec1edfc", "price_changes": [{"asset_id": "84699240558843336852681019637508402913334763466484851143834992522794763821922", "price": "0.15", "size": "158.33", "side": "BUY", "hash": "4edc321d36f957b240958a348db707937551383b", "best_bid": "0.47", "best_ask": "0.998"}, {"asset_id": "55988747984122854040927657837180471992842893619926975962847031786103973956230", "price": "0.85", "size": "158.33", "side": "SELL", "hash": "a6cf04be45bb2ce0cf8924d766dd869ee8b86d3b", "best_bid": "0.002", "best_ask": "0.53"}], "timestamp": "1769384033913", "event_type": "price_change"}}
{"_local_timestamp": "2026-01-25T23:33:54.009830+00:00", "data": {"market": "0xdb63045c5fee5e17add600bc32ff4669ff182e7318ebf2de7ef76f57428e0637", "price_changes": [{"asset_id": "102218031695713464375543092457665843104124978678573987166043279966171620326426", "price": "0.09", "size": "20", "side": "BUY", "hash": "970d5748c8f85c1777bcc04b7c0c245c26fd0868", "best_bid": "0.21", "best_ask": "0.75"}, {"asset_id": "66239146285239552348107247662987123692248015882372466576713915175598480677131", "price": "0.91", "size": "20", "side": "SELL", "hash": "4c5c9c368dfa0733406cd4b611df38da367848b8", "best_bid": "0.25", "best_ask": "0.79"}], "timestamp": "1769384033942", "event_type": "price_change"}}
{"_local_timestamp": "2026-01-25T23:33:54.010298+00:00", "data": {"market": "0xb15470d6545c9ffbd3525906a5d2798823f254a4da92793d60cb782eab0a60e6", "price_changes": [{"asset_id": "90789399138416550270325314131162808548653580120624904482557448689454324951485", "price": "0.28", "size": "20", "side": "BUY", "hash": "1bf164523e4ad217583f48da8e83755efc049bc9", "best_bid": "0.7", "best_ask": "0.98"}, {"asset_id": "17900375639478683655679670694975722771965736396567788561403630305042342586821", "price": "0.72", "size": "20", "side": "SELL", "hash": "542f4b1208eac756f95a083eb370c3fbd992f6a0", "best_bid": "0.02", "best_ask": "0.3"}], "timestamp": "1769384033942", "event_type": "price_change"}}
{"_local_timestamp": "2026-01-25T23:33:54.010729+00:00", "data": {"market": "0xdad4e6e57414a92fa03d4e15e8c2e07b85380a87ebb81904a5f67d1c8556ada4", "price_changes": [{"asset_id": "42723153620114986899527138677498119826187383530151579581130802432995564299860", "price": "0.16", "size": "20", "side": "BUY", "hash": "9e03ddf1175647049d5f44ad4e94a43b9d53030a", "best_bid": "0.16", "best_ask": "0.8"}, {"asset_id": "114915801833091228296307497336880451877035366982188025096863607960278359963397", "price": "0.84", "size": "20", "side": "SELL", "hash": "84922cdb9419528e44999dd508c716ec1391e28e", "best_bid": "0.2", "best_ask": "0.84"}], "timestamp": "1769384033942", "event_type": "price_change"}}
{"_local_timestamp": "2026-01-25T23:33:54.011995+00:00", "data": {"market": "0x38fb69564ae311ef4ed9d34a1d5a3587828e4e660e67009d5a3cde08649c2171", "price_changes": [{"asset_id": "107685275791096286164005001565561436959674140290833663772296335256910172946680", "price": "0.187", "size": "20", "side": "BUY", "hash": "a0d9e718a7d7117a90d4d29bad7a4b45060b2645", "best_bid": "0.7", "best_ask": "0.987"}, {"asset_id": "90521863996635153941760208041563651859877473351126931907472023157602367136987", "price": "0.813", "size": "20", "side": "SELL", "hash": "f8b5f772bcc314a4933204eb2d26d5097ac177bf", "best_bid": "0.013", "best_ask": "0.3"}], "timestamp": "1769384033942", "event_type": "price_change"}}
{"_local_timestamp": "2026-01-25T23:33:54.012641+00:00", "data": {"market": "0x5b1ffbc2fb2e49e0f27a24b8060cc1ca4d858088244fb6541fbe7d98aec1edfc", "price_changes": [{"asset_id": "84699240558843336852681019637508402913334763466484851143834992522794763821922", "price": "0.152", "size": "20", "side": "BUY", "hash": "33a8b9764f7b7a41020f3e48188d12c47a11bd50", "best_bid": "0.47", "best_ask": "0.998"}, {"asset_id": "55988747984122854040927657837180471992842893619926975962847031786103973956230", "price": "0.848", "size": "20", "side": "SELL", "hash": "d5520cbb354a33e251bf59d560cb439762be42a4", "best_bid": "0.002", "best_ask": "0.53"}], "timestamp": "1769384033942", "event_type": "price_change"}}
{"_local_timestamp": "2026-01-25T23:33:54.204375+00:00", "data": {"market": "0x38fb69564ae311ef4ed9d34a1d5a3587828e4e660e67009d5a3cde08649c2171", "price_changes": [{"asset_id": "107685275791096286164005001565561436959674140290833663772296335256910172946680", "price": "0.186", "size": "0", "side": "BUY", "hash": "05b61544205aed3dbb98ecd543642aa0451a2983", "best_bid": "0.7", "best_ask": "0.987"}, {"asset_id": "90521863996635153941760208041563651859877473351126931907472023157602367136987", "price": "0.814", "size": "0", "side": "SELL", "hash": "9cdcc60edf94aba8061efbbcdcb2d1275dcf7d63", "best_bid": "0.013", "best_ask": "0.3"}], "timestamp": "1769384034132", "event_type": "price_change"}}
{"_local_timestamp": "2026-01-25T23:33:54.212913+00:00", "data": {"market": "0x5b1ffbc2fb2e49e0f27a24b8060cc1ca4d858088244fb6541fbe7d98aec1edfc", "price_changes": [{"asset_id": "84699240558843336852681019637508402913334763466484851143834992522794763821922", "price": "0.151", "size": "0", "side": "BUY", "hash": "6b0e1df435592b49076ebf2cfa51bd2645ee195e", "best_bid": "0.47", "best_ask": "0.998"}, {"asset_id": "55988747984122854040927657837180471992842893619926975962847031786103973956230", "price": "0.849", "size": "0", "side": "SELL", "hash": "ed7ae076e1a1d5d693a87dd50e6598cf0d4b3802", "best_bid": "0.002", "best_ask": "0.53"}], "timestamp": "1769384034132", "event_type": "price_change"}}
{"_local_timestamp": "2026-01-25T23:33:54.214730+00:00", "data": {"market": "0xb15470d6545c9ffbd3525906a5d2798823f254a4da92793d60cb782eab0a60e6", "price_changes": [{"asset_id": "90789399138416550270325314131162808548653580120624904482557448689454324951485", "price": "0.27", "size": "0", "side": "BUY", "hash": "98acb739748a21b52ffd31a4145af9b6afe37fef", "best_bid": "0.7", "best_ask": "0.98"}, {"asset_id": "17900375639478683655679670694975722771965736396567788561403630305042342586821", "price": "0.73", "size": "0", "side": "SELL", "hash": "1b5f8ed5dc98e7dc07cba4eebc5f2a1748b38882", "best_bid": "0.02", "best_ask": "0.3"}], "timestamp": "1769384034132", "event_type": "price_change"}}
{"_local_timestamp": "2026-01-25T23:33:54.221818+00:00", "data": {"market": "0xdb63045c5fee5e17add600bc32ff4669ff182e7318ebf2de7ef76f57428e0637", "price_changes": [{"asset_id": "102218031695713464375543092457665843104124978678573987166043279966171620326426", "price": "0.08", "size": "0", "side": "BUY", "hash": "732438c787fd507d96f259af36ad97f334f7e52a", "best_bid": "0.21", "best_ask": "0.75"}, {"asset_id": "66239146285239552348107247662987123692248015882372466576713915175598480677131", "price": "0.92", "size": "0", "side": "SELL", "hash": "bd003be34194e0a8201c7a7070fa9b8076c25ba9", "best_bid": "0.25", "best_ask": "0.79"}], "timestamp": "1769384034132", "event_type": "price_change"}}
{"_local_timestamp": "2026-01-25T23:33:54.222557+00:00", "data": {"market": "0xdad4e6e57414a92fa03d4e15e8c2e07b85380a87ebb81904a5f67d1c8556ada4", "price_changes": [{"asset_id": "42723153620114986899527138677498119826187383530151579581130802432995564299860", "price": "0.15", "size": "0", "side": "BUY", "hash": "72cc46b196324c680ff5101e1c323460b3fd8f2a", "best_bid": "0.16", "best_ask": "0.8"}, {"asset_id": "114915801833091228296307497336880451877035366982188025096863607960278359963397", "price": "0.85", "size": "0", "side": "SELL", "hash": "f4df0713b7d3a2e4077411acaf65afbca16f09b1", "best_bid": "0.2", "best_ask": "0.84"}], "timestamp": "1769384034132", "event_type": "price_change"}}
{"_local_timestamp": "2026-01-25T23:33:54.492611+00:00", "data": {"market": "0xa7f543a60ae9bf63a2fb0761cb6c57f3b0fe6fe2f322badc1cf8efc18e1f06f3", "price_changes": [{"asset_id": "60630035809502871670968527829832130899519184487844530148138037917820105333195", "price": "0.06", "size": "33", "side": "BUY", "hash": "08bf3274b1ab2c599564a9089bd8ede60fef9b08", "best_bid": "0.68", "best_ask": "0.99"}, {"asset_id": "72064407257107698168904775231646130333321163294482054496695801991988860351955", "price": "0.94", "size": "33", "side": "SELL", "hash": "2c412cfe431bdaa5a9eb440c9a9441f87fb4236b", "best_bid": "0.01", "best_ask": "0.32"}], "timestamp": "1769384034405", "event_type": "price_change"}}
{"_local_timestamp": "2026-01-25T23:33:54.493592+00:00", "data": {"market": "0xa7f543a60ae9bf63a2fb0761cb6c57f3b0fe6fe2f322badc1cf8efc18e1f06f3", "price_changes": [{"asset_id": "60630035809502871670968527829832130899519184487844530148138037917820105333195", "price": "0.13", "size": "0", "side": "BUY", "hash": "08bf3274b1ab2c599564a9089bd8ede60fef9b08", "best_bid": "0.68", "best_ask": "0.99"}, {"asset_id": "72064407257107698168904775231646130333321163294482054496695801991988860351955", "price": "0.87", "size": "0", "side": "SELL", "hash": "2c412cfe431bdaa5a9eb440c9a9441f87fb4236b", "best_bid": "0.01", "best_ask": "0.32"}], "timestamp": "1769384034405", "event_type": "price_change"}}
{"_local_timestamp": "2026-01-25T23:33:54.787191+00:00", "data": {"market": "0xa7f543a60ae9bf63a2fb0761cb6c57f3b0fe6fe2f322badc1cf8efc18e1f06f3", "price_changes": [{"asset_id": "60630035809502871670968527829832130899519184487844530148138037917820105333195", "price": "0.07", "size": "33.71", "side": "BUY", "hash": "76663e66ab8ea520d3de9d5d0d35f21470735f69", "best_bid": "0.68", "best_ask": "0.99"}, {"asset_id": "72064407257107698168904775231646130333321163294482054496695801991988860351955", "price": "0.93", "size": "33.71", "side": "SELL", "hash": "0286724951bc6ce6ae4834b436789065f8b59cfc", "best_bid": "0.01", "best_ask": "0.32"}], "timestamp": "1769384034716", "event_type": "price_change"}}
{"_local_timestamp": "2026-01-25T23:33:54.787819+00:00", "data": {"market": "0xa7f543a60ae9bf63a2fb0761cb6c57f3b0fe6fe2f322badc1cf8efc18e1f06f3", "price_changes": [{"asset_id": "60630035809502871670968527829832130899519184487844530148138037917820105333195", "price": "0.02", "size": "15.01", "side": "BUY", "hash": "b5145c4ecdd4a484a89fa170e557887ee5b668ba", "best_bid": "0.68", "best_ask": "0.99"}, {"asset_id": "72064407257107698168904775231646130333321163294482054496695801991988860351955", "price": "0.98", "size": "15.01", "side": "SELL", "hash": "c79a93275fd73519637f25cfad9a28fdacd43bdc", "best_bid": "0.01", "best_ask": "0.32"}], "timestamp": "1769384034717", "event_type": "price_change"}}
{"_local_timestamp": "2026-01-25T23:33:54.788206+00:00", "data": {"market": "0xa7f543a60ae9bf63a2fb0761cb6c57f3b0fe6fe2f322badc1cf8efc18e1f06f3", "price_changes": [{"asset_id": "60630035809502871670968527829832130899519184487844530148138037917820105333195", "price": "0.15", "size": "8.22", "side": "BUY", "hash": "fc4b7cc2a0a9a1d1cad21c3a4170c0772591b40e", "best_bid": "0.68", "best_ask": "0.99"}, {"asset_id": "72064407257107698168904775231646130333321163294482054496695801991988860351955", "price": "0.85", "size": "8.22", "side": "SELL", "hash": "5d4fe1741f032deacca89f57212d92ff1e583ec1", "best_bid": "0.01", "best_ask": "0.32"}], "timestamp": "1769384034718", "event_type": "price_change"}}
{"_local_timestamp": "2026-01-25T23:33:55.575003+00:00", "data": {"market": "0xdb63045c5fee5e17add600bc32ff4669ff182e7318ebf2de7ef76f57428e0637", "price_changes": [{"asset_id": "102218031695713464375543092457665843104124978678573987166043279966171620326426", "price": "0.09", "size": "0", "side": "BUY", "hash": "4d77f0c1335fd65706dc18cb86d4d188076337d2", "best_bid": "0.21", "best_ask": "0.75"}, {"asset_id": "66239146285239552348107247662987123692248015882372466576713915175598480677131", "price": "0.91", "size": "0", "side": "SELL", "hash": "d7ca555262df7f793da5e0bd3522f844dc1fdd7a", "best_bid": "0.25", "best_ask": "0.79"}], "timestamp": "1769384035502", "event_type": "price_change"}}
{"_local_timestamp": "2026-01-25T23:33:55.576345+00:00", "data": {"market": "0xb15470d6545c9ffbd3525906a5d2798823f254a4da92793d60cb782eab0a60e6", "price_changes": [{"asset_id": "90789399138416550270325314131162808548653580120624904482557448689454324951485", "price": "0.28", "size": "0", "side": "BUY", "hash": "7b9fdd89be0ab88857e6b11715571a0280e61bf6", "best_bid": "0.7", "best_ask": "0.98"}, {"asset_id": "17900375639478683655679670694975722771965736396567788561403630305042342586821", "price": "0.72", "size": "0", "side": "SELL", "hash": "b6c54a66589d491406ae04e1a7db49a6deff28df", "best_bid": "0.02", "best_ask": "0.3"}], "timestamp": "1769384035502", "event_type": "price_change"}}
{"_local_timestamp": "2026-01-25T23:33:55.577469+00:00", "data": {"market": "0xa7f543a60ae9bf63a2fb0761cb6c57f3b0fe6fe2f322badc1cf8efc18e1f06f3", "price_changes": [{"asset_id": "60630035809502871670968527829832130899519184487844530148138037917820105333195", "price": "0.14", "size": "0", "side": "BUY", "hash": "d7c845a9405181a80118bb337184e7d19af7677a", "best_bid": "0.68", "best_ask": "0.99"}, {"asset_id": "72064407257107698168904775231646130333321163294482054496695801991988860351955", "price": "0.86", "size": "0", "side": "SELL", "hash": "67c35b5ef1c49eaeaaf3c7ddeb034d720ac7c1c3", "best_bid": "0.01", "best_ask": "0.32"}], "timestamp": "1769384035502", "event_type": "price_change"}}
{"_local_timestamp": "2026-01-25T23:33:55.579800+00:00", "data": {"market": "0x38fb69564ae311ef4ed9d34a1d5a3587828e4e660e67009d5a3cde08649c2171", "price_changes": [{"asset_id": "107685275791096286164005001565561436959674140290833663772296335256910172946680", "price": "0.187", "size": "0", "side": "BUY", "hash": "d4432d932b382a9419b1795dcc52748576c8b3e0", "best_bid": "0.7", "best_ask": "0.987"}, {"asset_id": "90521863996635153941760208041563651859877473351126931907472023157602367136987", "price": "0.813", "size": "0", "side": "SELL", "hash": "a9923cb3dedea77b63f5c1d4c63ccf636d4392ac", "best_bid": "0.013", "best_ask": "0.3"}], "timestamp": "1769384035502", "event_type": "price_change"}}
{"_local_timestamp": "2026-01-25T23:33:55.597810+00:00", "data": {"market": "0xdad4e6e57414a92fa03d4e15e8c2e07b85380a87ebb81904a5f67d1c8556ada4", "price_changes": [{"asset_id": "42723153620114986899527138677498119826187383530151579581130802432995564299860", "price": "0.16", "size": "0", "side": "BUY", "hash": "01f654d21a140194e1681774bba92904936231c1", "best_bid": "0.14", "best_ask": "0.8"}, {"asset_id": "114915801833091228296307497336880451877035366982188025096863607960278359963397", "price": "0.84", "size": "0", "side": "SELL", "hash": "607efdb970badccdb8b6b53b21b653860fcbdde4", "best_bid": "0.2", "best_ask": "0.86"}], "timestamp": "1769384035502", "event_type": "price_change"}}
{"_local_timestamp": "2026-01-25T23:33:55.598328+00:00", "data": {"market": "0x5b1ffbc2fb2e49e0f27a24b8060cc1ca4d858088244fb6541fbe7d98aec1edfc", "price_changes": [{"asset_id": "84699240558843336852681019637508402913334763466484851143834992522794763821922", "price": "0.152", "size": "0", "side": "BUY", "hash": "303cce697042ca1f5a497380873d5e1d3f941558", "best_bid": "0.47", "best_ask": "0.998"}, {"asset_id": "55988747984122854040927657837180471992842893619926975962847031786103973956230", "price": "0.848", "size": "0", "side": "SELL", "hash": "ab39f0bcc9001a3652919aad416b23735fb919f7", "best_bid": "0.002", "best_ask": "0.53"}], "timestamp": "1769384035502", "event_type": "price_change"}}
{"_local_timestamp": "2026-01-25T23:33:55.607695+00:00", "data": {"market": "0xdb63045c5fee5e17add600bc32ff4669ff182e7318ebf2de7ef76f57428e0637", "price_changes": [{"asset_id": "102218031695713464375543092457665843104124978678573987166043279966171620326426", "price": "0.08", "size": "20", "side": "BUY", "hash": "385f0c2757df49bd88a8b37ce7cb1582d11572a5", "best_bid": "0.21", "best_ask": "0.75"}, {"asset_id": "66239146285239552348107247662987123692248015882372466576713915175598480677131", "price": "0.92", "size": "20", "side": "SELL", "hash": "6ce4b4fb71654d3ce233a7fd15f441c43a3166d1", "best_bid": "0.25", "best_ask": "0.79"}], "timestamp": "1769384035536", "event_type": "price_change"}}
{"_local_timestamp": "2026-01-25T23:33:55.608861+00:00", "data": {"market": "0xdad4e6e57414a92fa03d4e15e8c2e07b85380a87ebb81904a5f67d1c8556ada4", "price_changes": [{"asset_id": "42723153620114986899527138677498119826187383530151579581130802432995564299860", "price": "0.15", "size": "20", "side": "BUY", "hash": "bba5a31f35c188ca43c20e97247210df04725347", "best_bid": "0.15", "best_ask": "0.8"}, {"asset_id": "114915801833091228296307497336880451877035366982188025096863607960278359963397", "price": "0.85", "size": "20", "side": "SELL", "hash": "c24b59279ed7f26819361d3b0bafc9261ae55ac1", "best_bid": "0.2", "best_ask": "0.85"}], "timestamp": "1769384035535", "event_type": "price_change"}}
{"_local_timestamp": "2026-01-25T23:33:55.609758+00:00", "data": {"market": "0x5b1ffbc2fb2e49e0f27a24b8060cc1ca4d858088244fb6541fbe7d98aec1edfc", "price_changes": [{"asset_id": "84699240558843336852681019637508402913334763466484851143834992522794763821922", "price": "0.151", "size": "20", "side": "BUY", "hash": "79b98af70f207c39d84e249fdbba829904bc57af", "best_bid": "0.47", "best_ask": "0.998"}, {"asset_id": "55988747984122854040927657837180471992842893619926975962847031786103973956230", "price": "0.849", "size": "20", "side": "SELL", "hash": "958084e8ee47c325a9299dcf9993f756cb3797d6", "best_bid": "0.002", "best_ask": "0.53"}], "timestamp": "1769384035536", "event_type": "price_change"}}
{"_local_timestamp": "2026-01-25T23:33:55.611386+00:00", "data": {"market": "0x38fb69564ae311ef4ed9d34a1d5a3587828e4e660e67009d5a3cde08649c2171", "price_changes": [{"asset_id": "107685275791096286164005001565561436959674140290833663772296335256910172946680", "price": "0.103", "size": "20", "side": "BUY", "hash": "5deb697f6e100c38f91dda8f35f0188f264a5ebf", "best_bid": "0.7", "best_ask": "0.987"}, {"asset_id": "90521863996635153941760208041563651859877473351126931907472023157602367136987", "price": "0.897", "size": "20", "side": "SELL", "hash": "cf0f2e32035fe84ed0e5fbb74896816f7efdda19", "best_bid": "0.013", "best_ask": "0.3"}], "timestamp": "1769384035536", "event_type": "price_change"}}
{"_local_timestamp": "2026-01-25T23:33:55.708174+00:00", "data": {"market": "0xb15470d6545c9ffbd3525906a5d2798823f254a4da92793d60cb782eab0a60e6", "price_changes": [{"asset_id": "90789399138416550270325314131162808548653580120624904482557448689454324951485", "price": "0.26", "size": "20", "side": "BUY", "hash": "6598a89b545d5554d6c8c3be36ddc9c982fe425b", "best_bid": "0.7", "best_ask": "0.98"}, {"asset_id": "17900375639478683655679670694975722771965736396567788561403630305042342586821", "price": "0.74", "size": "20", "side": "SELL", "hash": "2dbc3ac06d030319cc33f224bce0dc03333b47b0", "best_bid": "0.02", "best_ask": "0.3"}], "timestamp": "1769384035536", "event_type": "price_change"}}
{"_local_timestamp": "2026-01-25T23:33:55.709302+00:00", "data": {"market": "0xa7f543a60ae9bf63a2fb0761cb6c57f3b0fe6fe2f322badc1cf8efc18e1f06f3", "price_changes": [{"asset_id": "60630035809502871670968527829832130899519184487844530148138037917820105333195", "price": "0.16", "size": "20", "side": "BUY", "hash": "66652191ca90c6fd0477e1e97bf1441c25622188", "best_bid": "0.68", "best_ask": "0.99"}, {"asset_id": "72064407257107698168904775231646130333321163294482054496695801991988860351955", "price": "0.84", "size": "20", "side": "SELL", "hash": "f3fc485478d0ada79d8b3abb24049ffe059b7c17", "best_bid": "0.01", "best_ask": "0.32"}], "timestamp": "1769384035537", "event_type": "price_change"}}
{"_local_timestamp": "2026-01-25T23:34:16.450762+00:00", "data": {"market": "0xdad4e6e57414a92fa03d4e15e8c2e07b85380a87ebb81904a5f67d1c8556ada4", "price_changes": [{"asset_id": "42723153620114986899527138677498119826187383530151579581130802432995564299860", "price": "0.14", "size": "0", "side": "BUY", "hash": "f79d27049daacd316b540f7a45bf42c649268469", "best_bid": "0.15", "best_ask": "0.8"}, {"asset_id": "114915801833091228296307497336880451877035366982188025096863607960278359963397", "price": "0.86", "size": "0", "side": "SELL", "hash": "854b270df6cca929b08e791b07f9b3dee64c2da4", "best_bid": "0.2", "best_ask": "0.85"}], "timestamp": "1769384056180", "event_type": "price_change"}}
{"_local_timestamp": "2026-01-25T23:34:16.457637+00:00", "data": {"market": "0xdb63045c5fee5e17add600bc32ff4669ff182e7318ebf2de7ef76f57428e0637", "price_changes": [{"asset_id": "102218031695713464375543092457665843104124978678573987166043279966171620326426", "price": "0.07", "size": "0", "side": "BUY", "hash": "31b4199c67896072044f47ef051e7bab0df51f6e", "best_bid": "0.21", "best_ask": "0.75"}, {"asset_id": "66239146285239552348107247662987123692248015882372466576713915175598480677131", "price": "0.93", "size": "0", "side": "SELL", "hash": "a343baed3906690fa0b5f23a4e3b6178135aedea", "best_bid": "0.25", "best_ask": "0.79"}], "timestamp": "1769384056180", "event_type": "price_change"}}
{"_local_timestamp": "2026-01-25T23:34:18.204498+00:00", "data": {"market": "0xdb63045c5fee5e17add600bc32ff4669ff182e7318ebf2de7ef76f57428e0637", "price_changes": [{"asset_id": "102218031695713464375543092457665843104124978678573987166043279966171620326426", "price": "0.08", "size": "0", "side": "BUY", "hash": "41c8f0256ce1f059c5225d670a4558af8d006beb", "best_bid": "0.21", "best_ask": "0.75"}, {"asset_id": "66239146285239552348107247662987123692248015882372466576713915175598480677131", "price": "0.92", "size": "0", "side": "SELL", "hash": "546d5b5542f30f4d9e1d71cabdedbc42f8994f7c", "best_bid": "0.25", "best_ask": "0.79"}], "timestamp": "1769384057968", "event_type": "price_change"}}
{"_local_timestamp": "2026-01-25T23:34:18.204956+00:00", "data": {"market": "0xdad4e6e57414a92fa03d4e15e8c2e07b85380a87ebb81904a5f67d1c8556ada4", "price_changes": [{"asset_id": "42723153620114986899527138677498119826187383530151579581130802432995564299860", "price": "0.15", "size": "0", "side": "BUY", "hash": "48a201f2327cb083b1be442228d2e7ff2a36b76e", "best_bid": "0.13", "best_ask": "0.8"}, {"asset_id": "114915801833091228296307497336880451877035366982188025096863607960278359963397", "price": "0.85", "size": "0", "side": "SELL", "hash": "4506a2c7777f4ea2401452ef0efd2cf9bd8b3064", "best_bid": "0.2", "best_ask": "0.87"}], "timestamp": "1769384057968", "event_type": "price_change"}}
{"_local_timestamp": "2026-01-25T23:34:18.232906+00:00", "data": {"market": "0xdb63045c5fee5e17add600bc32ff4669ff182e7318ebf2de7ef76f57428e0637", "price_changes": [{"asset_id": "102218031695713464375543092457665843104124978678573987166043279966171620326426", "price": "0.07", "size": "20", "side": "BUY", "hash": "1043e4d96462a502431566b01f004a8125b0c9bc", "best_bid": "0.21", "best_ask": "0.75"}, {"asset_id": "66239146285239552348107247662987123692248015882372466576713915175598480677131", "price": "0.93", "size": "20", "side": "SELL", "hash": "d3d863a42f204bd5f84aec3b6bf96465887f7de4", "best_bid": "0.25", "best_ask": "0.79"}], "timestamp": "1769384057993", "event_type": "price_change"}}
{"_local_timestamp": "2026-01-25T23:34:18.235304+00:00", "data": {"market": "0xdad4e6e57414a92fa03d4e15e8c2e07b85380a87ebb81904a5f67d1c8556ada4", "price_changes": [{"asset_id": "42723153620114986899527138677498119826187383530151579581130802432995564299860", "price": "0.14", "size": "20", "side": "BUY", "hash": "c0f1f7e4f2e66cf9e0557c264bc00f51b92775de", "best_bid": "0.14", "best_ask": "0.8"}, {"asset_id": "114915801833091228296307497336880451877035366982188025096863607960278359963397", "price": "0.86", "size": "20", "side": "SELL", "hash": "a6848f98f11438e93b66adb7472b1d2aa3a300a5", "best_bid": "0.2", "best_ask": "0.86"}], "timestamp": "1769384057993", "event_type": "price_change"}}
{"_local_timestamp": "2026-01-25T23:34:28.018720+00:00", "data": {"market": "0x5b1ffbc2fb2e49e0f27a24b8060cc1ca4d858088244fb6541fbe7d98aec1edfc", "price_changes": [{"asset_id": "84699240558843336852681019637508402913334763466484851143834992522794763821922", "price": "0.01", "size": "2123", "side": "BUY", "hash": "515fd3b1632aa3c8c20d625cb840d47259facad4", "best_bid": "0.47", "best_ask": "0.998"}, {"asset_id": "55988747984122854040927657837180471992842893619926975962847031786103973956230", "price": "0.99", "size": "2123", "side": "SELL", "hash": "5b2dd5db9c0db5492f3284c0a0d41044f8a98f10", "best_bid": "0.002", "best_ask": "0.53"}], "timestamp": "1769384067602", "event_type": "price_change"}}
{"_local_timestamp": "2026-01-25T23:34:41.567948+00:00", "data": {"market": "0x5b1ffbc2fb2e49e0f27a24b8060cc1ca4d858088244fb6541fbe7d98aec1edfc", "price_changes": [{"asset_id": "84699240558843336852681019637508402913334763466484851143834992522794763821922", "price": "0.147", "size": "0", "side": "BUY", "hash": "a17baa9cc496e62b044f70036b71692025b23c07", "best_bid": "0.47", "best_ask": "0.998"}, {"asset_id": "55988747984122854040927657837180471992842893619926975962847031786103973956230", "price": "0.853", "size": "0", "side": "SELL", "hash": "9dfc2e92e353402efd9c15cdc507ae665eba2bbc", "best_bid": "0.002", "best_ask": "0.53"}], "timestamp": "1769384081422", "event_type": "price_change"}}
{"_local_timestamp": "2026-01-25T23:34:41.587435+00:00", "data": {"market": "0x38fb69564ae311ef4ed9d34a1d5a3587828e4e660e67009d5a3cde08649c2171", "price_changes": [{"asset_id": "107685275791096286164005001565561436959674140290833663772296335256910172946680", "price": "0.102", "size": "0", "side": "BUY", "hash": "c11aabba474c8457d46b45ebc7292c7aa855d74a", "best_bid": "0.7", "best_ask": "0.987"}, {"asset_id": "90521863996635153941760208041563651859877473351126931907472023157602367136987", "price": "0.898", "size": "0", "side": "SELL", "hash": "b2dac28d63b95813e0d0f0d76b67cdb12566f526", "best_bid": "0.013", "best_ask": "0.3"}], "timestamp": "1769384081426", "event_type": "price_change"}}
{"_local_timestamp": "2026-01-25T23:34:41.591040+00:00", "data": {"market": "0x38fb69564ae311ef4ed9d34a1d5a3587828e4e660e67009d5a3cde08649c2171", "price_changes": [{"asset_id": "107685275791096286164005001565561436959674140290833663772296335256910172946680", "price": "0.988", "size": "0", "side": "SELL", "hash": "c11aabba474c8457d46b45ebc7292c7aa855d74a", "best_bid": "0.7", "best_ask": "0.987"}, {"asset_id": "90521863996635153941760208041563651859877473351126931907472023157602367136987", "price": "0.012", "size": "0", "side": "BUY", "hash": "b2dac28d63b95813e0d0f0d76b67cdb12566f526", "best_bid": "0.013", "best_ask": "0.3"}], "timestamp": "1769384081426", "event_type": "price_change"}}
{"_local_timestamp": "2026-01-25T23:34:43.990406+00:00", "data": {"market": "0x38fb69564ae311ef4ed9d34a1d5a3587828e4e660e67009d5a3cde08649c2171", "price_changes": [{"asset_id": "107685275791096286164005001565561436959674140290833663772296335256910172946680", "price": "0.103", "size": "0", "side": "BUY", "hash": "6c4909cb03b187e77c255d9c263b442d6431c74f", "best_bid": "0.7", "best_ask": "0.987"}, {"asset_id": "90521863996635153941760208041563651859877473351126931907472023157602367136987", "price": "0.897", "size": "0", "side": "SELL", "hash": "4df61e30a9a7fd0153c93dd35988a59a22361e3a", "best_bid": "0.013", "best_ask": "0.3"}], "timestamp": "1769384083919", "event_type": "price_change"}}
{"_local_timestamp": "2026-01-25T23:34:44.015088+00:00", "data": {"market": "0x38fb69564ae311ef4ed9d34a1d5a3587828e4e660e67009d5a3cde08649c2171", "price_changes": [{"asset_id": "107685275791096286164005001565561436959674140290833663772296335256910172946680", "price": "0.101", "size": "20", "side": "BUY", "hash": "a3b560f8c423a89df4a9ac68f41f011f97c76499", "best_bid": "0.7", "best_ask": "0.987"}, {"asset_id": "90521863996635153941760208041563651859877473351126931907472023157602367136987", "price": "0.899", "size": "20", "side": "SELL", "hash": "e2a94073505dfb713ed52612b3c2991897848f23", "best_bid": "0.013", "best_ask": "0.3"}], "timestamp": "1769384083947", "event_type": "price_change"}}
{"_local_timestamp": "2026-01-25T23:35:08.648773+00:00", "data": {"market": "0x38fb69564ae311ef4ed9d34a1d5a3587828e4e660e67009d5a3cde08649c2171", "price_changes": [{"asset_id": "107685275791096286164005001565561436959674140290833663772296335256910172946680", "price": "0.986", "size": "44.99", "side": "SELL", "hash": "1955514d549c6d843a61fab63415de382f846f62", "best_bid": "0.7", "best_ask": "0.986"}, {"asset_id": "90521863996635153941760208041563651859877473351126931907472023157602367136987", "price": "0.014", "size": "44.99", "side": "BUY", "hash": "dd3a5b7915b05c9351c5cc2d3bcd80e84f6007ea", "best_bid": "0.014", "best_ask": "0.3"}], "timestamp": "1769384108575", "event_type": "price_change"}}
{"_local_timestamp": "2026-01-25T23:35:13.342913+00:00", "data": {"market": "0x38fb69564ae311ef4ed9d34a1d5a3587828e4e660e67009d5a3cde08649c2171", "price_changes": [{"asset_id": "107685275791096286164005001565561436959674140290833663772296335256910172946680", "price": "0.102", "size": "45", "side": "BUY", "hash": "ea032a42121be679bd74f84b155c31bf0a83ca2e", "best_bid": "0.7", "best_ask": "0.986"}, {"asset_id": "90521863996635153941760208041563651859877473351126931907472023157602367136987", "price": "0.898", "size": "45", "side": "SELL", "hash": "9f067e971372ca2558c09af1228e8b5237b8d5fa", "best_bid": "0.014", "best_ask": "0.3"}], "timestamp": "1769384113225", "event_type": "price_change"}}
{"_local_timestamp": "2026-01-25T23:35:13.489142+00:00", "data": {"market": "0x5b1ffbc2fb2e49e0f27a24b8060cc1ca4d858088244fb6541fbe7d98aec1edfc", "price_changes": [{"asset_id": "84699240558843336852681019637508402913334763466484851143834992522794763821922", "price": "0.152", "size": "45", "side": "BUY", "hash": "3e7a8dbdaabebfbf3afb595217a6e7cc151b27e2", "best_bid": "0.47", "best_ask": "0.998"}, {"asset_id": "55988747984122854040927657837180471992842893619926975962847031786103973956230", "price": "0.848", "size": "45", "side": "SELL", "hash": "5dcbcf16460b6ad9804f6b152a2b1f264b22e78d", "best_bid": "0.002", "best_ask": "0.53"}], "timestamp": "1769384113339", "event_type": "price_change"}}
{"_local_timestamp": "2026-01-25T23:35:13.891339+00:00", "data": {"market": "0x5b1ffbc2fb2e49e0f27a24b8060cc1ca4d858088244fb6541fbe7d98aec1edfc", "price_changes": [{"asset_id": "84699240558843336852681019637508402913334763466484851143834992522794763821922", "price": "0.001", "size": "5297.07", "side": "BUY", "hash": "a93b6ada3f1c9ea4011b604e34f4d8ddab0ef221", "best_bid": "0.47", "best_ask": "0.998"}, {"asset_id": "55988747984122854040927657837180471992842893619926975962847031786103973956230", "price": "0.999", "size": "5297.07", "side": "SELL", "hash": "a95f12e7763e84b38555d2dec0155caa12355a3c", "best_bid": "0.002", "best_ask": "0.53"}], "timestamp": "1769384113817", "event_type": "price_change"}}
{"_local_timestamp": "2026-01-25T23:35:15.001534+00:00", "data": {"market": "0x38fb69564ae311ef4ed9d34a1d5a3587828e4e660e67009d5a3cde08649c2171", "price_changes": [{"asset_id": "107685275791096286164005001565561436959674140290833663772296335256910172946680", "price": "0.101", "size": "0", "side": "BUY", "hash": "75168e1bc31c459a26cf419a46d1cc16b1a84a47", "best_bid": "0.7", "best_ask": "0.986"}, {"asset_id": "90521863996635153941760208041563651859877473351126931907472023157602367136987", "price": "0.899", "size": "0", "side": "SELL", "hash": "7fb615dc9e965a729977d2bf0c2ff2b174b1a1c3", "best_bid": "0.014", "best_ask": "0.3"}], "timestamp": "1769384114925", "event_type": "price_change"}}
{"_local_timestamp": "2026-01-25T23:35:15.002181+00:00", "data": {"market": "0x5b1ffbc2fb2e49e0f27a24b8060cc1ca4d858088244fb6541fbe7d98aec1edfc", "price_changes": [{"asset_id": "84699240558843336852681019637508402913334763466484851143834992522794763821922", "price": "0.151", "size": "0", "side": "BUY", "hash": "422a06b50f22c09a13154aefd69b0eea5d0cf174", "best_bid": "0.47", "best_ask": "0.998"}, {"asset_id": "55988747984122854040927657837180471992842893619926975962847031786103973956230", "price": "0.849", "size": "0", "side": "SELL", "hash": "e5d05450d10319d0d2597eff61f88ed07cb99be1", "best_bid": "0.002", "best_ask": "0.53"}], "timestamp": "1769384114925", "event_type": "price_change"}}
{"_local_timestamp": "2026-01-25T23:35:15.033921+00:00", "data": {"market": "0x5b1ffbc2fb2e49e0f27a24b8060cc1ca4d858088244fb6541fbe7d98aec1edfc", "price_changes": [{"asset_id": "84699240558843336852681019637508402913334763466484851143834992522794763821922", "price": "0.153", "size": "20", "side": "BUY", "hash": "f347756de9f5937e0d3e0fd4631ef38e33bd214b", "best_bid": "0.47", "best_ask": "0.998"}, {"asset_id": "55988747984122854040927657837180471992842893619926975962847031786103973956230", "price": "0.847", "size": "20", "side": "SELL", "hash": "3935c6cab16efed6ee65e6f08f34ff2828ebdae5", "best_bid": "0.002", "best_ask": "0.53"}], "timestamp": "1769384114961", "event_type": "price_change"}}
{"_local_timestamp": "2026-01-25T23:35:15.034928+00:00", "data": {"market": "0x38fb69564ae311ef4ed9d34a1d5a3587828e4e660e67009d5a3cde08649c2171", "price_changes": [{"asset_id": "107685275791096286164005001565561436959674140290833663772296335256910172946680", "price": "0.103", "size": "20", "side": "BUY", "hash": "616f922d061dd38ece1e7171e6d29184765a03e2", "best_bid": "0.7", "best_ask": "0.986"}, {"asset_id": "90521863996635153941760208041563651859877473351126931907472023157602367136987", "price": "0.897", "size": "20", "side": "SELL", "hash": "97d4c4ddd08eb100ec314df7a6a3dd7fee283e11", "best_bid": "0.014", "best_ask": "0.3"}], "timestamp": "1769384114961", "event_type": "price_change"}}
{"_local_timestamp": "2026-01-25T23:35:16.418212+00:00", "data": {"market": "0xa7f543a60ae9bf63a2fb0761cb6c57f3b0fe6fe2f322badc1cf8efc18e1f06f3", "price_changes": [{"asset_id": "60630035809502871670968527829832130899519184487844530148138037917820105333195", "price": "0.66", "size": "57.57", "side": "BUY", "hash": "1a720ed86aa0856ea3c6954d9c335deaab4ab971", "best_bid": "0.68", "best_ask": "0.99"}, {"asset_id": "72064407257107698168904775231646130333321163294482054496695801991988860351955", "price": "0.34", "size": "57.57", "side": "SELL", "hash": "c3a243211c0b4ef9cbede42dadb4aecff36234a8", "best_bid": "0.01", "best_ask": "0.32"}], "timestamp": "1769384116350", "event_type": "price_change"}}
{"_local_timestamp": "2026-01-25T23:35:25.101542+00:00", "data": {"market": "0x5b1ffbc2fb2e49e0f27a24b8060cc1ca4d858088244fb6541fbe7d98aec1edfc", "price_changes": [{"asset_id": "84699240558843336852681019637508402913334763466484851143834992522794763821922", "price": "0.011", "size": "26.29", "side": "BUY", "hash": "3a2f3a439e1045c8aa66a06d1ff06edb4f0ccb02", "best_bid": "0.47", "best_ask": "0.998"}, {"asset_id": "55988747984122854040927657837180471992842893619926975962847031786103973956230", "price": "0.989", "size": "26.29", "side": "SELL", "hash": "7f6cd2d5792ef3e983b9816e9e506eab37d3934d", "best_bid": "0.002", "best_ask": "0.53"}], "timestamp": "1769384125006", "event_type": "price_change"}}
{"_local_timestamp": "2026-01-25T23:35:42.255427+00:00", "data": {"market": "0x5b1ffbc2fb2e49e0f27a24b8060cc1ca4d858088244fb6541fbe7d98aec1edfc", "price_changes": [{"asset_id": "84699240558843336852681019637508402913334763466484851143834992522794763821922", "price": "0.15", "size": "0", "side": "BUY", "hash": "e9d1d17be8c876290aa902edb0b80349a9ec7128", "best_bid": "0.47", "best_ask": "0.998"}, {"asset_id": "55988747984122854040927657837180471992842893619926975962847031786103973956230", "price": "0.85", "size": "0", "side": "SELL", "hash": "62cbd65d507e8460b8f50e7657e8a16e33d6160c", "best_bid": "0.002", "best_ask": "0.53"}], "timestamp": "1769384142168", "event_type": "price_change"}}
{"_local_timestamp": "2026-01-25T23:36:16.974393+00:00", "data": {"market": "0x5b1ffbc2fb2e49e0f27a24b8060cc1ca4d858088244fb6541fbe7d98aec1edfc", "price_changes": [{"asset_id": "84699240558843336852681019637508402913334763466484851143834992522794763821922", "price": "0.01", "size": "123", "side": "BUY", "hash": "8eedb17e697c4e13094c177f756078408c78da1c", "best_bid": "0.47", "best_ask": "0.998"}, {"asset_id": "55988747984122854040927657837180471992842893619926975962847031786103973956230", "price": "0.99", "size": "123", "side": "SELL", "hash": "d19bf7c6f67bfc7e1ebec9799a0b63de55c9650e", "best_bid": "0.002", "best_ask": "0.53"}], "timestamp": "1769384176904", "event_type": "price_change"}}
{"_local_timestamp": "2026-01-25T23:36:43.602247+00:00", "data": {"market": "0xb15470d6545c9ffbd3525906a5d2798823f254a4da92793d60cb782eab0a60e6", "price_changes": [{"asset_id": "90789399138416550270325314131162808548653580120624904482557448689454324951485", "price": "0.22", "size": "0", "side": "BUY", "hash": "bf33b27a67876be3fe96565fc04a1b7ac16771ef", "best_bid": "0.7", "best_ask": "0.98"}, {"asset_id": "17900375639478683655679670694975722771965736396567788561403630305042342586821", "price": "0.78", "size": "0", "side": "SELL", "hash": "95b1f32efa71528181825c30db3c8de615a70594", "best_bid": "0.02", "best_ask": "0.3"}], "timestamp": "1769384203519", "event_type": "price_change"}}
{"_local_timestamp": "2026-01-25T23:36:43.966783+00:00", "data": {"market": "0xb15470d6545c9ffbd3525906a5d2798823f254a4da92793d60cb782eab0a60e6", "price_changes": [{"asset_id": "90789399138416550270325314131162808548653580120624904482557448689454324951485", "price": "0.22", "size": "5", "side": "BUY", "hash": "5f583e5670b082dea81cb9ecfba4c176ec62ac5e", "best_bid": "0.7", "best_ask": "0.98"}, {"asset_id": "17900375639478683655679670694975722771965736396567788561403630305042342586821", "price": "0.78", "size": "5", "side": "SELL", "hash": "3a6f443dcd9bc312b68a3498075c3ed8c0c79665", "best_bid": "0.02", "best_ask": "0.3"}], "timestamp": "1769384203889", "event_type": "price_change"}}
{"_local_timestamp": "2026-01-25T23:36:46.383071+00:00", "data": {"market": "0x38fb69564ae311ef4ed9d34a1d5a3587828e4e660e67009d5a3cde08649c2171", "price_changes": [{"asset_id": "107685275791096286164005001565561436959674140290833663772296335256910172946680", "price": "0.061", "size": "0", "side": "BUY", "hash": "0407eb439a347a61a0dbd1642e9793ede84ab4e8", "best_bid": "0.7", "best_ask": "0.986"}, {"asset_id": "90521863996635153941760208041563651859877473351126931907472023157602367136987", "price": "0.939", "size": "0", "side": "SELL", "hash": "f4e3c617838187dbd199b177b348bcb3c97995d6", "best_bid": "0.014", "best_ask": "0.3"}], "timestamp": "1769384206262", "event_type": "price_change"}}
{"_local_timestamp": "2026-01-25T23:36:46.383653+00:00", "data": {"market": "0x38fb69564ae311ef4ed9d34a1d5a3587828e4e660e67009d5a3cde08649c2171", "price_changes": [{"asset_id": "107685275791096286164005001565561436959674140290833663772296335256910172946680", "price": "0.185", "size": "0", "side": "BUY", "hash": "0407eb439a347a61a0dbd1642e9793ede84ab4e8", "best_bid": "0.7", "best_ask": "0.986"}, {"asset_id": "90521863996635153941760208041563651859877473351126931907472023157602367136987", "price": "0.815", "size": "0", "side": "SELL", "hash": "f4e3c617838187dbd199b177b348bcb3c97995d6", "best_bid": "0.014", "best_ask": "0.3"}], "timestamp": "1769384206262", "event_type": "price_change"}}
{"_local_timestamp": "2026-01-25T23:36:46.745132+00:00", "data": {"market": "0x38fb69564ae311ef4ed9d34a1d5a3587828e4e660e67009d5a3cde08649c2171", "price_changes": [{"asset_id": "107685275791096286164005001565561436959674140290833663772296335256910172946680", "price": "0.001", "size": "3052.59", "side": "BUY", "hash": "51e6f6d3821aa29c949ecf56e51307688d9ea291", "best_bid": "0.7", "best_ask": "0.986"}, {"asset_id": "90521863996635153941760208041563651859877473351126931907472023157602367136987", "price": "0.999", "size": "3052.59", "side": "SELL", "hash": "9afaa3d23618b4ff41361da66cb38a9aa590d34b", "best_bid": "0.014", "best_ask": "0.3"}], "timestamp": "1769384206674", "event_type": "price_change"}}
{"_local_timestamp": "2026-01-25T23:36:46.748834+00:00", "data": {"market": "0x38fb69564ae311ef4ed9d34a1d5a3587828e4e660e67009d5a3cde08649c2171", "price_changes": [{"asset_id": "107685275791096286164005001565561436959674140290833663772296335256910172946680", "price": "0.021", "size": "8.82", "side": "BUY", "hash": "c3b4876e3cf2e5a1793f12b6332201e2589e26c7", "best_bid": "0.7", "best_ask": "0.986"}, {"asset_id": "90521863996635153941760208041563651859877473351126931907472023157602367136987", "price": "0.979", "size": "8.82", "side": "SELL", "hash": "1e195a953ac57e5ce5485f84407881904a0e710d", "best_bid": "0.014", "best_ask": "0.3"}], "timestamp": "1769384206678", "event_type": "price_change"}}
{"_local_timestamp": "2026-01-25T23:36:46.752890+00:00", "data": {"market": "0x38fb69564ae311ef4ed9d34a1d5a3587828e4e660e67009d5a3cde08649c2171", "price_changes": [{"asset_id": "107685275791096286164005001565561436959674140290833663772296335256910172946680", "price": "0.052", "size": "5.31", "side": "BUY", "hash": "b8876e06440b3572373cbeddf6ca9b11c05aa178", "best_bid": "0.7", "best_ask": "0.986"}, {"asset_id": "90521863996635153941760208041563651859877473351126931907472023157602367136987", "price": "0.948", "size": "5.31", "side": "SELL", "hash": "9f2b36a66c25d4c44e93a646187b252db92dc9ee", "best_bid": "0.014", "best_ask": "0.3"}], "timestamp": "1769384206685", "event_type": "price_change"}}
{"_local_timestamp": "2026-01-25T23:36:46.761321+00:00", "data": {"market": "0x38fb69564ae311ef4ed9d34a1d5a3587828e4e660e67009d5a3cde08649c2171", "price_changes": [{"asset_id": "107685275791096286164005001565561436959674140290833663772296335256910172946680", "price": "0.004", "size": "11.36", "side": "BUY", "hash": "7c920fe174ab3100c3c88158bc5363876f6793cc", "best_bid": "0.7", "best_ask": "0.986"}, {"asset_id": "90521863996635153941760208041563651859877473351126931907472023157602367136987", "price": "0.996", "size": "11.36", "side": "SELL", "hash": "e655301c1af208609b718befd8047345a943e52f", "best_bid": "0.014", "best_ask": "0.3"}], "timestamp": "1769384206692", "event_type": "price_change"}}
{"_local_timestamp": "2026-01-25T23:36:46.764858+00:00", "data": {"market": "0x38fb69564ae311ef4ed9d34a1d5a3587828e4e660e67009d5a3cde08649c2171", "price_changes": [{"asset_id": "107685275791096286164005001565561436959674140290833663772296335256910172946680", "price": "0.011", "size": "5.76", "side": "BUY", "hash": "0ff45aab39972279ae4fb748bf93aaa2a2767e28", "best_bid": "0.7", "best_ask": "0.986"}, {"asset_id": "90521863996635153941760208041563651859877473351126931907472023157602367136987", "price": "0.989", "size": "5.76", "side": "SELL", "hash": "b1e7a34b9dd5cf851019adf349b96db6b7275535", "best_bid": "0.014", "best_ask": "0.3"}], "timestamp": "1769384206699", "event_type": "price_change"}}
{"_local_timestamp": "2026-01-25T23:36:46.769228+00:00", "data": {"market": "0x38fb69564ae311ef4ed9d34a1d5a3587828e4e660e67009d5a3cde08649c2171", "price_changes": [{"asset_id": "107685275791096286164005001565561436959674140290833663772296335256910172946680", "price": "0.002", "size": "6.57", "side": "BUY", "hash": "f78efbc68419c5e65ad62aad5be9c1cbe8279129", "best_bid": "0.7", "best_ask": "0.986"}, {"asset_id": "90521863996635153941760208041563651859877473351126931907472023157602367136987", "price": "0.998", "size": "6.57", "side": "SELL", "hash": "72b0cc97a2ddcd87d9f5217af22309af6af1a9c8", "best_bid": "0.014", "best_ask": "0.3"}], "timestamp": "1769384206704", "event_type": "price_change"}}
{"_local_timestamp": "2026-01-25T23:36:46.775501+00:00", "data": {"market": "0x38fb69564ae311ef4ed9d34a1d5a3587828e4e660e67009d5a3cde08649c2171", "price_changes": [{"asset_id": "107685275791096286164005001565561436959674140290833663772296335256910172946680", "price": "0.104", "size": "13.55", "side": "BUY", "hash": "921c9cca04e590b4ff2974c8bca6efe36f03a4b0", "best_bid": "0.7", "best_ask": "0.986"}, {"asset_id": "90521863996635153941760208041563651859877473351126931907472023157602367136987", "price": "0.896", "size": "13.55", "side": "SELL", "hash": "2f30664eed6226efec2b8826513daa4ec9772a57", "best_bid": "0.014", "best_ask": "0.3"}], "timestamp": "1769384206709", "event_type": "price_change"}}
{"_local_timestamp": "2026-01-25T23:36:47.640893+00:00", "data": {"market": "0x38fb69564ae311ef4ed9d34a1d5a3587828e4e660e67009d5a3cde08649c2171", "price_changes": [{"asset_id": "107685275791096286164005001565561436959674140290833663772296335256910172946680", "price": "0.103", "size": "0", "side": "BUY", "hash": "df1853e5908d780f2df6567ca338644e23933e13", "best_bid": "0.7", "best_ask": "0.986"}, {"asset_id": "90521863996635153941760208041563651859877473351126931907472023157602367136987", "price": "0.897", "size": "0", "side": "SELL", "hash": "ddd2fc549c76601e0595c77d769ba7405e792ed6", "best_bid": "0.014", "best_ask": "0.3"}], "timestamp": "1769384207571", "event_type": "price_change"}}
{"_local_timestamp": "2026-01-25T23:36:47.666167+00:00", "data": {"market": "0x38fb69564ae311ef4ed9d34a1d5a3587828e4e660e67009d5a3cde08649c2171", "price_changes": [{"asset_id": "107685275791096286164005001565561436959674140290833663772296335256910172946680", "price": "0.105", "size": "20", "side": "BUY", "hash": "ab7814cdcfb2d1de16916db36e1348e530efbd40", "best_bid": "0.7", "best_ask": "0.986"}, {"asset_id": "90521863996635153941760208041563651859877473351126931907472023157602367136987", "price": "0.895", "size": "20", "side": "SELL", "hash": "bdc6e670f85a9a0c0d0ddd0a4e6b1924c14e62fd", "best_bid": "0.014", "best_ask": "0.3"}], "timestamp": "1769384207596", "event_type": "price_change"}}
{"_local_timestamp": "2026-01-25T23:36:49.892542+00:00", "data": {"market": "0xa7f543a60ae9bf63a2fb0761cb6c57f3b0fe6fe2f322badc1cf8efc18e1f06f3", "price_changes": [{"asset_id": "72064407257107698168904775231646130333321163294482054496695801991988860351955", "price": "0.32", "size": "0", "side": "SELL", "hash": "a1d873aa7f1c0cc1d68aae50ff6072d9128fba90", "best_bid": "0.01", "best_ask": "0.34"}, {"asset_id": "60630035809502871670968527829832130899519184487844530148138037917820105333195", "price": "0.68", "size": "0", "side": "BUY", "hash": "177773dbe3868c0b417808704fe4ba3a2984fcc2", "best_bid": "0.66", "best_ask": "0.99"}], "timestamp": "1769384209822", "event_type": "price_change"}}
{"_local_timestamp": "2026-01-25T23:36:50.244998+00:00", "data": {"market": "0xa7f543a60ae9bf63a2fb0761cb6c57f3b0fe6fe2f322badc1cf8efc18e1f06f3", "price_changes": [{"asset_id": "72064407257107698168904775231646130333321163294482054496695801991988860351955", "price": "0.33", "size": "6.26", "side": "SELL", "hash": "324d10e92345c3a481d91093255e8a2ffbce14e7", "best_bid": "0.01", "best_ask": "0.33"}, {"asset_id": "60630035809502871670968527829832130899519184487844530148138037917820105333195", "price": "0.67", "size": "6.26", "side": "BUY", "hash": "4fd0f7c30b6a8369cc380103ceb8577f45aa8705", "best_bid": "0.67", "best_ask": "0.99"}], "timestamp": "1769384210175", "event_type": "price_change"}}
{"_local_timestamp": "2026-01-25T23:37:03.253650+00:00", "data": {"market": "0xa7f543a60ae9bf63a2fb0761cb6c57f3b0fe6fe2f322badc1cf8efc18e1f06f3", "price_changes": [{"asset_id": "60630035809502871670968527829832130899519184487844530148138037917820105333195", "price": "0.66", "size": "0", "side": "BUY", "hash": "464294305c7d55cded0396aadece4c1fe2a24a35", "best_bid": "0.67", "best_ask": "0.99"}, {"asset_id": "72064407257107698168904775231646130333321163294482054496695801991988860351955", "price": "0.34", "size": "0", "side": "SELL", "hash": "56b766f26b24fcb98f28a5b0bf324dc01b67257b", "best_bid": "0.01", "best_ask": "0.33"}], "timestamp": "1769384223188", "event_type": "price_change"}}
{"_local_timestamp": "2026-01-25T23:37:04.438013+00:00", "data": {"market": "0x38fb69564ae311ef4ed9d34a1d5a3587828e4e660e67009d5a3cde08649c2171", "price_changes": [{"asset_id": "90521863996635153941760208041563651859877473351126931907472023157602367136987", "price": "0.001", "size": "1045.99", "side": "BUY", "hash": "49e3555157f5e3d4412a4eb838ca4bc85578cc20", "best_bid": "0.014", "best_ask": "0.3"}, {"asset_id": "107685275791096286164005001565561436959674140290833663772296335256910172946680", "price": "0.999", "size": "1045.99", "side": "SELL", "hash": "b369ab9c72a15c0728c89f7b13f9d55efdff1919", "best_bid": "0.7", "best_ask": "0.986"}], "timestamp": "1769384224370", "event_type": "price_change"}}
{"_local_timestamp": "2026-01-25T23:37:04.850703+00:00", "data": {"market": "0x38fb69564ae311ef4ed9d34a1d5a3587828e4e660e67009d5a3cde08649c2171", "price_changes": [{"asset_id": "90521863996635153941760208041563651859877473351126931907472023157602367136987", "price": "0.002", "size": "72.54", "side": "BUY", "hash": "554e7b053246c9efbb60a043578e41b83369a124", "best_bid": "0.014", "best_ask": "0.3"}, {"asset_id": "107685275791096286164005001565561436959674140290833663772296335256910172946680", "price": "0.998", "size": "72.54", "side": "SELL", "hash": "3797426cfc36197499003d13492cdd0ec65f768b", "best_bid": "0.7", "best_ask": "0.986"}], "timestamp": "1769384224781", "event_type": "price_change"}}
{"_local_timestamp": "2026-01-25T23:37:04.851383+00:00", "data": {"market": "0x38fb69564ae311ef4ed9d34a1d5a3587828e4e660e67009d5a3cde08649c2171", "price_changes": [{"asset_id": "90521863996635153941760208041563651859877473351126931907472023157602367136987", "price": "0.001", "size": "1056.44", "side": "BUY", "hash": "c2ccba8f2a5daf23b71351e8685f82cf88210e96", "best_bid": "0.014", "best_ask": "0.3"}, {"asset_id": "107685275791096286164005001565561436959674140290833663772296335256910172946680", "price": "0.999", "size": "1056.44", "side": "SELL", "hash": "8f081c9ad3b0718fe0d4cd24d63272d0e7adb9ee", "best_bid": "0.7", "best_ask": "0.986"}], "timestamp": "1769384224782", "event_type": "price_change"}}
{"_local_timestamp": "2026-01-25T23:37:25.756385+00:00", "data": {"market": "0xdb63045c5fee5e17add600bc32ff4669ff182e7318ebf2de7ef76f57428e0637", "price_changes": [{"asset_id": "102218031695713464375543092457665843104124978678573987166043279966171620326426", "price": "0.02", "size": "22.52", "side": "BUY", "hash": "c2a1a8c4793e44925045eeb1c115e9c584808127", "best_bid": "0.21", "best_ask": "0.75"}, {"asset_id": "66239146285239552348107247662987123692248015882372466576713915175598480677131", "price": "0.98", "size": "22.52", "side": "SELL", "hash": "ad5b32677b040948ccb3c4fd7c1a5ddc1ef5b4ca", "best_bid": "0.25", "best_ask": "0.79"}], "timestamp": "1769384245688", "event_type": "price_change"}}
{"_local_timestamp": "2026-01-25T23:37:25.756959+00:00", "data": {"market": "0xdb63045c5fee5e17add600bc32ff4669ff182e7318ebf2de7ef76f57428e0637", "price_changes": [{"asset_id": "102218031695713464375543092457665843104124978678573987166043279966171620326426", "price": "0.06", "size": "0", "side": "BUY", "hash": "c2a1a8c4793e44925045eeb1c115e9c584808127", "best_bid": "0.21", "best_ask": "0.75"}, {"asset_id": "66239146285239552348107247662987123692248015882372466576713915175598480677131", "price": "0.94", "size": "0", "side": "SELL", "hash": "ad5b32677b040948ccb3c4fd7c1a5ddc1ef5b4ca", "best_bid": "0.25", "best_ask": "0.79"}], "timestamp": "1769384245688", "event_type": "price_change"}}
{"_local_timestamp": "2026-01-25T23:37:26.406002+00:00", "data": {"market": "0xdb63045c5fee5e17add600bc32ff4669ff182e7318ebf2de7ef76f57428e0637", "price_changes": [{"asset_id": "102218031695713464375543092457665843104124978678573987166043279966171620326426", "price": "0.08", "size": "15.13", "side": "BUY", "hash": "b03d46ded989bce1b78bf6ea5998d5368fd33a37", "best_bid": "0.21", "best_ask": "0.75"}, {"asset_id": "66239146285239552348107247662987123692248015882372466576713915175598480677131", "price": "0.92", "size": "15.13", "side": "SELL", "hash": "89a9a2af95a8dac93540facf13d518e0923ae3c1", "best_bid": "0.25", "best_ask": "0.79"}], "timestamp": "1769384246334", "event_type": "price_change"}}
{"_local_timestamp": "2026-01-25T23:37:26.406646+00:00", "data": {"market": "0xdb63045c5fee5e17add600bc32ff4669ff182e7318ebf2de7ef76f57428e0637", "price_changes": [{"asset_id": "102218031695713464375543092457665843104124978678573987166043279966171620326426", "price": "0.02", "size": "32.82", "side": "BUY", "hash": "324fa16273c8d29b3443233da15d1ab1a5e78bca", "best_bid": "0.21", "best_ask": "0.75"}, {"asset_id": "66239146285239552348107247662987123692248015882372466576713915175598480677131", "price": "0.98", "size": "32.82", "side": "SELL", "hash": "02cdf9110529a0387bfacfea0c49d019a305ed0c", "best_bid": "0.25", "best_ask": "0.79"}], "timestamp": "1769384246335", "event_type": "price_change"}}
{"_local_timestamp": "2026-01-25T23:37:27.265332+00:00", "data": {"market": "0xdb63045c5fee5e17add600bc32ff4669ff182e7318ebf2de7ef76f57428e0637", "price_changes": [{"asset_id": "102218031695713464375543092457665843104124978678573987166043279966171620326426", "price": "0.07", "size": "0", "side": "BUY", "hash": "a894d8cb89b17cab0b575858134620395b0618d3", "best_bid": "0.21", "best_ask": "0.75"}, {"asset_id": "66239146285239552348107247662987123692248015882372466576713915175598480677131", "price": "0.93", "size": "0", "side": "SELL", "hash": "c3fb3b36cf2f9b64c483d0cd3a92ca2dc4c0fab4", "best_bid": "0.25", "best_ask": "0.79"}], "timestamp": "1769384247196", "event_type": "price_change"}}
{"_local_timestamp": "2026-01-25T23:37:27.323704+00:00", "data": {"market": "0xdb63045c5fee5e17add600bc32ff4669ff182e7318ebf2de7ef76f57428e0637", "price_changes": [{"asset_id": "102218031695713464375543092457665843104124978678573987166043279966171620326426", "price": "0.09", "size": "20", "side": "BUY", "hash": "ed9faba1b61481ac85511d7b4a730aade662e1e7", "best_bid": "0.21", "best_ask": "0.75"}, {"asset_id": "66239146285239552348107247662987123692248015882372466576713915175598480677131", "price": "0.91", "size": "20", "side": "SELL", "hash": "14ca43c62a4305b2144807d18f8eaaf6e38b535d", "best_bid": "0.25", "best_ask": "0.79"}], "timestamp": "1769384247235", "event_type": "price_change"}}
{"_local_timestamp": "2026-01-25T23:37:28.185941+00:00", "data": {"market": "0x5b1ffbc2fb2e49e0f27a24b8060cc1ca4d858088244fb6541fbe7d98aec1edfc", "price_changes": [{"asset_id": "84699240558843336852681019637508402913334763466484851143834992522794763821922", "price": "0.149", "size": "0", "side": "BUY", "hash": "f11ac9245e236189bcf29dd30e15bd9beeb03317", "best_bid": "0.47", "best_ask": "0.998"}, {"asset_id": "55988747984122854040927657837180471992842893619926975962847031786103973956230", "price": "0.851", "size": "0", "side": "SELL", "hash": "f28d02b6e76726af6cd2970ceb785df2e2510726", "best_bid": "0.002", "best_ask": "0.53"}], "timestamp": "1769384248118", "event_type": "price_change"}}
{"_local_timestamp": "2026-01-25T23:37:28.602626+00:00", "data": {"market": "0x5b1ffbc2fb2e49e0f27a24b8060cc1ca4d858088244fb6541fbe7d98aec1edfc", "price_changes": [{"asset_id": "84699240558843336852681019637508402913334763466484851143834992522794763821922", "price": "0.154", "size": "8.14", "side": "BUY", "hash": "49c42ff8db2099763d6c767e5658abee208674ea", "best_bid": "0.47", "best_ask": "0.998"}, {"asset_id": "55988747984122854040927657837180471992842893619926975962847031786103973956230", "price": "0.846", "size": "8.14", "side": "SELL", "hash": "6e706923fcb079edadbf52105ce6d81334f48058", "best_bid": "0.002", "best_ask": "0.53"}], "timestamp": "1769384248534", "event_type": "price_change"}}
{"_local_timestamp": "2026-01-25T23:37:28.609042+00:00", "data": {"market": "0x5b1ffbc2fb2e49e0f27a24b8060cc1ca4d858088244fb6541fbe7d98aec1edfc", "price_changes": [{"asset_id": "84699240558843336852681019637508402913334763466484851143834992522794763821922", "price": "0.011", "size": "32.42", "side": "BUY", "hash": "1babf16fe86feeae5a4a0ec1488ecc541eb0ae4b", "best_bid": "0.47", "best_ask": "0.998"}, {"asset_id": "55988747984122854040927657837180471992842893619926975962847031786103973956230", "price": "0.989", "size": "32.42", "side": "SELL", "hash": "d5fd10ab4e92478ff0bf62288bd2a86ad4579e9a", "best_bid": "0.002", "best_ask": "0.53"}], "timestamp": "1769384248535", "event_type": "price_change"}}
{"_local_timestamp": "2026-01-25T23:37:29.544566+00:00", "data": {"market": "0x5b1ffbc2fb2e49e0f27a24b8060cc1ca4d858088244fb6541fbe7d98aec1edfc", "price_changes": [{"asset_id": "84699240558843336852681019637508402913334763466484851143834992522794763821922", "price": "0.153", "size": "0", "side": "BUY", "hash": "5803bc0aacb0901b95fbdb5ad9326e811d5b4257", "best_bid": "0.47", "best_ask": "0.998"}, {"asset_id": "55988747984122854040927657837180471992842893619926975962847031786103973956230", "price": "0.847", "size": "0", "side": "SELL", "hash": "6e510231c13077065dbedd0c1b035260f7bb1e7b", "best_bid": "0.002", "best_ask": "0.53"}], "timestamp": "1769384249473", "event_type": "price_change"}}
{"_local_timestamp": "2026-01-25T23:37:29.568581+00:00", "data": {"market": "0x5b1ffbc2fb2e49e0f27a24b8060cc1ca4d858088244fb6541fbe7d98aec1edfc", "price_changes": [{"asset_id": "84699240558843336852681019637508402913334763466484851143834992522794763821922", "price": "0.155", "size": "20", "side": "BUY", "hash": "6ecaa2be324b666a659dae6a805baf5a9437f640", "best_bid": "0.47", "best_ask": "0.998"}, {"asset_id": "55988747984122854040927657837180471992842893619926975962847031786103973956230", "price": "0.845", "size": "20", "side": "SELL", "hash": "9151992b6261aa7bbecf642dd275825e25789017", "best_bid": "0.002", "best_ask": "0.53"}], "timestamp": "1769384249500", "event_type": "price_change"}}
{"_local_timestamp": "2026-01-25T23:37:39.403119+00:00", "data": {"market": "0xb15470d6545c9ffbd3525906a5d2798823f254a4da92793d60cb782eab0a60e6", "price_changes": [{"asset_id": "90789399138416550270325314131162808548653580120624904482557448689454324951485", "price": "0.22", "size": "0", "side": "BUY", "hash": "ac62f4fbc947fca20797716337dcbd4bab69ee60", "best_bid": "0.7", "best_ask": "0.98"}, {"asset_id": "17900375639478683655679670694975722771965736396567788561403630305042342586821", "price": "0.78", "size": "0", "side": "SELL", "hash": "a0faac57c53069ab334d1142746d6da13fb98c3b", "best_bid": "0.02", "best_ask": "0.3"}], "timestamp": "1769384259330", "event_type": "price_change"}}
{"_local_timestamp": "2026-01-25T23:37:39.812977+00:00", "data": {"market": "0xb15470d6545c9ffbd3525906a5d2798823f254a4da92793d60cb782eab0a60e6", "price_changes": [{"asset_id": "90789399138416550270325314131162808548653580120624904482557448689454324951485", "price": "0.22", "size": "5", "side": "BUY", "hash": "949c816a177aa6f44b361a85c3d77f667349590a", "best_bid": "0.7", "best_ask": "0.98"}, {"asset_id": "17900375639478683655679670694975722771965736396567788561403630305042342586821", "price": "0.78", "size": "5", "side": "SELL", "hash": "21f8686ed66c71edcca4823e1bed88bb5d7b0dc1", "best_bid": "0.02", "best_ask": "0.3"}], "timestamp": "1769384259745", "event_type": "price_change"}}
{"_local_timestamp": "2026-01-25T23:37:43.767994+00:00", "data": {"market": "0x5b1ffbc2fb2e49e0f27a24b8060cc1ca4d858088244fb6541fbe7d98aec1edfc", "price_changes": [{"asset_id": "84699240558843336852681019637508402913334763466484851143834992522794763821922", "price": "0.001", "size": "6297.07", "side": "BUY", "hash": "1ef409fc1c14271dfbd964d1673d7e20a944e722", "best_bid": "0.47", "best_ask": "0.998"}, {"asset_id": "55988747984122854040927657837180471992842893619926975962847031786103973956230", "price": "0.999", "size": "6297.07", "side": "SELL", "hash": "faddcbf982a63f505115587b984c984e77714bc9", "best_bid": "0.002", "best_ask": "0.53"}], "timestamp": "1769384263685", "event_type": "price_change"}}
{"_local_timestamp": "2026-01-25T23:37:55.598221+00:00", "data": {"market": "0xa7f543a60ae9bf63a2fb0761cb6c57f3b0fe6fe2f322badc1cf8efc18e1f06f3", "price_changes": [{"asset_id": "60630035809502871670968527829832130899519184487844530148138037917820105333195", "price": "0.07", "size": "28", "side": "BUY", "hash": "0fdc4ab32eb328004666864e71b2bbe22dc6e447", "best_bid": "0.67", "best_ask": "0.99"}, {"asset_id": "72064407257107698168904775231646130333321163294482054496695801991988860351955", "price": "0.93", "size": "28", "side": "SELL", "hash": "23136e37c234e9cc4fa0ccf9e558cf1c2881a51f", "best_bid": "0.01", "best_ask": "0.33"}], "timestamp": "1769384275527", "event_type": "price_change"}}
{"_local_timestamp": "2026-01-25T23:37:55.606718+00:00", "data": {"market": "0xa7f543a60ae9bf63a2fb0761cb6c57f3b0fe6fe2f322badc1cf8efc18e1f06f3", "price_changes": [{"asset_id": "60630035809502871670968527829832130899519184487844530148138037917820105333195", "price": "0.15", "size": "0", "side": "BUY", "hash": "0fdc4ab32eb328004666864e71b2bbe22dc6e447", "best_bid": "0.67", "best_ask": "0.99"}, {"asset_id": "72064407257107698168904775231646130333321163294482054496695801991988860351955", "price": "0.85", "size": "0", "side": "SELL", "hash": "23136e37c234e9cc4fa0ccf9e558cf1c2881a51f", "best_bid": "0.01", "best_ask": "0.33"}], "timestamp": "1769384275527", "event_type": "price_change"}}
{"_local_timestamp": "2026-01-25T23:37:55.899558+00:00", "data": {"market": "0xa7f543a60ae9bf63a2fb0761cb6c57f3b0fe6fe2f322badc1cf8efc18e1f06f3", "price_changes": [{"asset_id": "60630035809502871670968527829832130899519184487844530148138037917820105333195", "price": "0.17", "size": "6.97", "side": "BUY", "hash": "eda107f9a70ff2b1e3e6ed391879394abbc7f113", "best_bid": "0.67", "best_ask": "0.99"}, {"asset_id": "72064407257107698168904775231646130333321163294482054496695801991988860351955", "price": "0.83", "size": "6.97", "side": "SELL", "hash": "9e4c9911a42ea55601d450a4ea75958262301af3", "best_bid": "0.01", "best_ask": "0.33"}], "timestamp": "1769384275823", "event_type": "price_change"}}
{"_local_timestamp": "2026-01-25T23:37:55.900170+00:00", "data": {"market": "0xa7f543a60ae9bf63a2fb0761cb6c57f3b0fe6fe2f322badc1cf8efc18e1f06f3", "price_changes": [{"asset_id": "60630035809502871670968527829832130899519184487844530148138037917820105333195", "price": "0.08", "size": "5.61", "side": "BUY", "hash": "190a71455d2ba148bbf4ea8e240d7edcd0ca6734", "best_bid": "0.67", "best_ask": "0.99"}, {"asset_id": "72064407257107698168904775231646130333321163294482054496695801991988860351955", "price": "0.92", "size": "5.61", "side": "SELL", "hash": "77e66635b6edf12c758b603d891262d1dbcf2035", "best_bid": "0.01", "best_ask": "0.33"}], "timestamp": "1769384275824", "event_type": "price_change"}}
{"_local_timestamp": "2026-01-25T23:37:56.154451+00:00", "data": {"market": "0xa7f543a60ae9bf63a2fb0761cb6c57f3b0fe6fe2f322badc1cf8efc18e1f06f3", "price_changes": [{"asset_id": "60630035809502871670968527829832130899519184487844530148138037917820105333195", "price": "0.16", "size": "0", "side": "BUY", "hash": "cf4f5efe1590fc3a0d938ae696659ebb3475ef65", "best_bid": "0.67", "best_ask": "0.99"}, {"asset_id": "72064407257107698168904775231646130333321163294482054496695801991988860351955", "price": "0.84", "size": "0", "side": "SELL", "hash": "2e37034ec937ee54afd0d2e6a068679321c59cb3", "best_bid": "0.01", "best_ask": "0.33"}], "timestamp": "1769384276086", "event_type": "price_change"}}
{"_local_timestamp": "2026-01-25T23:37:56.179123+00:00", "data": {"market": "0xa7f543a60ae9bf63a2fb0761cb6c57f3b0fe6fe2f322badc1cf8efc18e1f06f3", "price_changes": [{"asset_id": "60630035809502871670968527829832130899519184487844530148138037917820105333195", "price": "0.08", "size": "25.61", "side": "BUY", "hash": "03b2ea4bc8771124a35f052008ba7f1e3a880fb7", "best_bid": "0.67", "best_ask": "0.99"}, {"asset_id": "72064407257107698168904775231646130333321163294482054496695801991988860351955", "price": "0.92", "size": "25.61", "side": "SELL", "hash": "90281d2ed9b6fc1be14f6a4c631e988a245c5109", "best_bid": "0.01", "best_ask": "0.33"}], "timestamp": "1769384276107", "event_type": "price_change"}}
{"_local_timestamp": "2026-01-25T23:37:57.913742+00:00", "data": {"market": "0xa7f543a60ae9bf63a2fb0761cb6c57f3b0fe6fe2f322badc1cf8efc18e1f06f3", "price_changes": [{"asset_id": "60630035809502871670968527829832130899519184487844530148138037917820105333195", "price": "0.08", "size": "5.61", "side": "BUY", "hash": "73465ebdbb8c387869b6d0388197c5bff2dbdb17", "best_bid": "0.67", "best_ask": "0.99"}, {"asset_id": "72064407257107698168904775231646130333321163294482054496695801991988860351955", "price": "0.92", "size": "5.61", "side": "SELL", "hash": "e76f4d574503109e2db4d3b30749cee3c60ae866", "best_bid": "0.01", "best_ask": "0.33"}], "timestamp": "1769384277843", "event_type": "price_change"}}
{"_local_timestamp": "2026-01-25T23:37:57.945469+00:00", "data": {"market": "0xa7f543a60ae9bf63a2fb0761cb6c57f3b0fe6fe2f322badc1cf8efc18e1f06f3", "price_changes": [{"asset_id": "60630035809502871670968527829832130899519184487844530148138037917820105333195", "price": "0.18", "size": "20", "side": "BUY", "hash": "5aab52d3040eb7b0940a99a6bf1a7919dc929a28", "best_bid": "0.67", "best_ask": "0.99"}, {"asset_id": "72064407257107698168904775231646130333321163294482054496695801991988860351955", "price": "0.82", "size": "20", "side": "SELL", "hash": "ab1854c302e94344c2402b733530f97584d38cd8", "best_bid": "0.01", "best_ask": "0.33"}], "timestamp": "1769384277869", "event_type": "price_change"}}
{"_local_timestamp": "2026-01-25T23:38:09.778513+00:00", "data": {"market": "0xb15470d6545c9ffbd3525906a5d2798823f254a4da92793d60cb782eab0a60e6", "price_changes": [{"asset_id": "90789399138416550270325314131162808548653580120624904482557448689454324951485", "price": "0.22", "size": "0", "side": "BUY", "hash": "5d83299d69682094d5aca08a53528884636875a1", "best_bid": "0.7", "best_ask": "0.98"}, {"asset_id": "17900375639478683655679670694975722771965736396567788561403630305042342586821", "price": "0.78", "size": "0", "side": "SELL", "hash": "1f23323e61a439a8a514eb5c8cdb974e670bd3c4", "best_bid": "0.02", "best_ask": "0.3"}], "timestamp": "1769384289665", "event_type": "price_change"}}
{"_local_timestamp": "2026-01-25T23:38:10.139002+00:00", "data": {"market": "0xb15470d6545c9ffbd3525906a5d2798823f254a4da92793d60cb782eab0a60e6", "price_changes": [{"asset_id": "90789399138416550270325314131162808548653580120624904482557448689454324951485", "price": "0.22", "size": "5", "side": "BUY", "hash": "b60a196aef4e632b02f906f0818d5da42d5ccd19", "best_bid": "0.7", "best_ask": "0.98"}, {"asset_id": "17900375639478683655679670694975722771965736396567788561403630305042342586821", "price": "0.78", "size": "5", "side": "SELL", "hash": "615f97cd6fb5d719067208a6e44d461a7753f0db", "best_bid": "0.02", "best_ask": "0.3"}], "timestamp": "1769384289995", "event_type": "price_change"}}
{"_local_timestamp": "2026-01-25T23:38:18.387329+00:00", "data": {"market": "0xdad4e6e57414a92fa03d4e15e8c2e07b85380a87ebb81904a5f67d1c8556ada4", "price_changes": [{"asset_id": "42723153620114986899527138677498119826187383530151579581130802432995564299860", "price": "0.15", "size": "39", "side": "BUY", "hash": "27cfff694ad2fc7360f341248d366e96aa3b0a29", "best_bid": "0.15", "best_ask": "0.8"}, {"asset_id": "114915801833091228296307497336880451877035366982188025096863607960278359963397", "price": "0.85", "size": "39", "side": "SELL", "hash": "ca0fd4c64d08c4636fe752c1d682a91aa76ab7b8", "best_bid": "0.2", "best_ask": "0.85"}], "timestamp": "1769384298317", "event_type": "price_change"}}
{"_local_timestamp": "2026-01-25T23:38:18.387927+00:00", "data": {"market": "0xb15470d6545c9ffbd3525906a5d2798823f254a4da92793d60cb782eab0a60e6", "price_changes": [{"asset_id": "90789399138416550270325314131162808548653580120624904482557448689454324951485", "price": "0.27", "size": "39", "side": "BUY", "hash": "435154ce0ea13079ae16b40e8e0b074278b611b4", "best_bid": "0.7", "best_ask": "0.98"}, {"asset_id": "17900375639478683655679670694975722771965736396567788561403630305042342586821", "price": "0.73", "size": "39", "side": "SELL", "hash": "ae3ebc4df70d9faf021c5cc840c59ca5e5456402", "best_bid": "0.02", "best_ask": "0.3"}], "timestamp": "1769384298317", "event_type": "price_change"}}
{"_local_timestamp": "2026-01-25T23:38:18.388435+00:00", "data": {"market": "0xdb63045c5fee5e17add600bc32ff4669ff182e7318ebf2de7ef76f57428e0637", "price_changes": [{"asset_id": "102218031695713464375543092457665843104124978678573987166043279966171620326426", "price": "0.09", "size": "99", "side": "BUY", "hash": "2d0850145489e02a0b8e52f1df31dcbab35ad83d", "best_bid": "0.21", "best_ask": "0.75"}, {"asset_id": "66239146285239552348107247662987123692248015882372466576713915175598480677131", "price": "0.91", "size": "99", "side": "SELL", "hash": "442dac3a4be20b3b1ee8ddf7bfcd8e3d5e7b0c7b", "best_bid": "0.25", "best_ask": "0.79"}], "timestamp": "1769384298317", "event_type": "price_change"}}
{"_local_timestamp": "2026-01-25T23:38:18.388943+00:00", "data": {"market": "0x38fb69564ae311ef4ed9d34a1d5a3587828e4e660e67009d5a3cde08649c2171", "price_changes": [{"asset_id": "107685275791096286164005001565561436959674140290833663772296335256910172946680", "price": "0.106", "size": "39", "side": "BUY", "hash": "65f0c826f1d31c849b58b878ddfd9deed90b0c8a", "best_bid": "0.7", "best_ask": "0.986"}, {"asset_id": "90521863996635153941760208041563651859877473351126931907472023157602367136987", "price": "0.894", "size": "39", "side": "SELL", "hash": "8b2739623ce3f34af0402e2d0142c49c7443f2b8", "best_bid": "0.014", "best_ask": "0.3"}], "timestamp": "1769384298317", "event_type": "price_change"}}
{"_local_timestamp": "2026-01-25T23:38:18.389463+00:00", "data": {"market": "0x5b1ffbc2fb2e49e0f27a24b8060cc1ca4d858088244fb6541fbe7d98aec1edfc", "price_changes": [{"asset_id": "84699240558843336852681019637508402913334763466484851143834992522794763821922", "price": "0.155", "size": "178.33", "side": "BUY", "hash": "d9be57066205f5bac7bfebc3907a29d79ca09d74", "best_bid": "0.47", "best_ask": "0.998"}, {"asset_id": "55988747984122854040927657837180471992842893619926975962847031786103973956230", "price": "0.845", "size": "178.33", "side": "SELL", "hash": "0de90fe72b010443e9ecaee9a01c7dfa0c7011d4", "best_bid": "0.002", "best_ask": "0.53"}], "timestamp": "1769384298317", "event_type": "price_change"}}
{"_local_timestamp": "2026-01-25T23:38:18.389995+00:00", "data": {"market": "0xdb63045c5fee5e17add600bc32ff4669ff182e7318ebf2de7ef76f57428e0637", "price_changes": [{"asset_id": "102218031695713464375543092457665843104124978678573987166043279966171620326426", "price": "0.1", "size": "79", "side": "BUY", "hash": "076a65c1bc45b46e838f8b5e9256ccc4269e4f36", "best_bid": "0.21", "best_ask": "0.75"}, {"asset_id": "66239146285239552348107247662987123692248015882372466576713915175598480677131", "price": "0.9", "size": "79", "side": "SELL", "hash": "7fc6f0c701803b91729c7cb20f3579929ed3b9b7", "best_bid": "0.25", "best_ask": "0.79"}], "timestamp": "1769384298318", "event_type": "price_change"}}
{"_local_timestamp": "2026-01-25T23:38:18.390493+00:00", "data": {"market": "0x5b1ffbc2fb2e49e0f27a24b8060cc1ca4d858088244fb6541fbe7d98aec1edfc", "price_changes": [{"asset_id": "84699240558843336852681019637508402913334763466484851143834992522794763821922", "price": "0.156", "size": "158.33", "side": "BUY", "hash": "3768af172959a60452374b2f4ea315f3924ad955", "best_bid": "0.47", "best_ask": "0.998"}, {"asset_id": "55988747984122854040927657837180471992842893619926975962847031786103973956230", "price": "0.844", "size": "158.33", "side": "SELL", "hash": "6aaddeb239045dec4294126b9105f932e52157c9", "best_bid": "0.002", "best_ask": "0.53"}], "timestamp": "1769384298318", "event_type": "price_change"}}
{"_local_timestamp": "2026-01-25T23:38:18.390986+00:00", "data": {"market": "0xdad4e6e57414a92fa03d4e15e8c2e07b85380a87ebb81904a5f67d1c8556ada4", "price_changes": [{"asset_id": "42723153620114986899527138677498119826187383530151579581130802432995564299860", "price": "0.14", "size": "39", "side": "BUY", "hash": "0dec3ca299bd5a778bbcb5e04e0f33a351f5e7fe", "best_bid": "0.15", "best_ask": "0.8"}, {"asset_id": "114915801833091228296307497336880451877035366982188025096863607960278359963397", "price": "0.86", "size": "39", "side": "SELL", "hash": "dd91d1dc8b2532f328d61313750d91d71633a996", "best_bid": "0.2", "best_ask": "0.85"}], "timestamp": "1769384298317", "event_type": "price_change"}}
{"_local_timestamp": "2026-01-25T23:38:18.391481+00:00", "data": {"market": "0x38fb69564ae311ef4ed9d34a1d5a3587828e4e660e67009d5a3cde08649c2171", "price_changes": [{"asset_id": "107685275791096286164005001565561436959674140290833663772296335256910172946680", "price": "0.105", "size": "39", "side": "BUY", "hash": "b9528a2d05d8c6fab6533dc5c6bc3426ce7904a6", "best_bid": "0.7", "best_ask": "0.986"}, {"asset_id": "90521863996635153941760208041563651859877473351126931907472023157602367136987", "price": "0.895", "size": "39", "side": "SELL", "hash": "9a1e16b532b49b39cc2887accb32e5d1e26f011b", "best_bid": "0.014", "best_ask": "0.3"}], "timestamp": "1769384298318", "event_type": "price_change"}}
{"_local_timestamp": "2026-01-25T23:38:21.161434+00:00", "data": {"market": "0xdad4e6e57414a92fa03d4e15e8c2e07b85380a87ebb81904a5f67d1c8556ada4", "price_changes": [{"asset_id": "42723153620114986899527138677498119826187383530151579581130802432995564299860", "price": "0.14", "size": "19", "side": "BUY", "hash": "f864164a0e7a912a53e9c03f3a2244a20d4d4636", "best_bid": "0.15", "best_ask": "0.8"}, {"asset_id": "114915801833091228296307497336880451877035366982188025096863607960278359963397", "price": "0.86", "size": "19", "side": "SELL", "hash": "2afb87b59221196528562e46f41344511b73d3d7", "best_bid": "0.2", "best_ask": "0.85"}], "timestamp": "1769384301093", "event_type": "price_change"}}
{"_local_timestamp": "2026-01-25T23:38:21.162099+00:00", "data": {"market": "0xdb63045c5fee5e17add600bc32ff4669ff182e7318ebf2de7ef76f57428e0637", "price_changes": [{"asset_id": "102218031695713464375543092457665843104124978678573987166043279966171620326426", "price": "0.09", "size": "79", "side": "BUY", "hash": "69a39a8f7350fc28fef88f1208b71fdb3ae67fea", "best_bid": "0.21", "best_ask": "0.75"}, {"asset_id": "66239146285239552348107247662987123692248015882372466576713915175598480677131", "price": "0.91", "size": "79", "side": "SELL", "hash": "668ba36450f395a77861dd2b2bca93fbe51d42a4", "best_bid": "0.25", "best_ask": "0.79"}], "timestamp": "1769384301093", "event_type": "price_change"}}
{"_local_timestamp": "2026-01-25T23:38:21.162735+00:00", "data": {"market": "0xb15470d6545c9ffbd3525906a5d2798823f254a4da92793d60cb782eab0a60e6", "price_changes": [{"asset_id": "90789399138416550270325314131162808548653580120624904482557448689454324951485", "price": "0.26", "size": "0", "side": "BUY", "hash": "b1973eba94711b11d36c5f9ce7fa3eab3744bcdd", "best_bid": "0.7", "best_ask": "0.98"}, {"asset_id": "17900375639478683655679670694975722771965736396567788561403630305042342586821", "price": "0.74", "size": "0", "side": "SELL", "hash": "87bad6cd3352d507bc4be4eead77a4d2b69e0bee", "best_bid": "0.02", "best_ask": "0.3"}], "timestamp": "1769384301093", "event_type": "price_change"}}
{"_local_timestamp": "2026-01-25T23:38:21.163284+00:00", "data": {"market": "0x5b1ffbc2fb2e49e0f27a24b8060cc1ca4d858088244fb6541fbe7d98aec1edfc", "price_changes": [{"asset_id": "84699240558843336852681019637508402913334763466484851143834992522794763821922", "price": "0.155", "size": "158.33", "side": "BUY", "hash": "62a038e44bb32a9ba18d195b7f6404e42133db1b", "best_bid": "0.47", "best_ask": "0.998"}, {"asset_id": "55988747984122854040927657837180471992842893619926975962847031786103973956230", "price": "0.845", "size": "158.33", "side": "SELL", "hash": "7fdae679ac99981a62d84f7cd3905e45473ab55b", "best_bid": "0.002", "best_ask": "0.53"}], "timestamp": "1769384301093", "event_type": "price_change"}}
{"_local_timestamp": "2026-01-25T23:38:21.163856+00:00", "data": {"market": "0x38fb69564ae311ef4ed9d34a1d5a3587828e4e660e67009d5a3cde08649c2171", "price_changes": [{"asset_id": "107685275791096286164005001565561436959674140290833663772296335256910172946680", "price": "0.105", "size": "19", "side": "BUY", "hash": "55941e2064a030be38add50e1b1e90e38cf4a885", "best_bid": "0.7", "best_ask": "0.986"}, {"asset_id": "90521863996635153941760208041563651859877473351126931907472023157602367136987", "price": "0.895", "size": "19", "side": "SELL", "hash": "77d6da7990a01c32decfc7dcb7cd3d05cd841b01", "best_bid": "0.014", "best_ask": "0.3"}], "timestamp": "1769384301093", "event_type": "price_change"}}
{"_local_timestamp": "2026-01-25T23:38:21.259233+00:00", "data": {"market": "0xdad4e6e57414a92fa03d4e15e8c2e07b85380a87ebb81904a5f67d1c8556ada4", "price_changes": [{"asset_id": "42723153620114986899527138677498119826187383530151579581130802432995564299860", "price": "0.16", "size": "20", "side": "BUY", "hash": "a5c313a95666fc4fcdcaddd8908f682f457105cf", "best_bid": "0.16", "best_ask": "0.8"}, {"asset_id": "114915801833091228296307497336880451877035366982188025096863607960278359963397", "price": "0.84", "size": "20", "side": "SELL", "hash": "7e4ff46379383ddff8869c0d4a46a1c796c9d858", "best_bid": "0.2", "best_ask": "0.84"}], "timestamp": "1769384301121", "event_type": "price_change"}}
{"_local_timestamp": "2026-01-25T23:38:21.259930+00:00", "data": {"market": "0xb15470d6545c9ffbd3525906a5d2798823f254a4da92793d60cb782eab0a60e6", "price_changes": [{"asset_id": "90789399138416550270325314131162808548653580120624904482557448689454324951485", "price": "0.28", "size": "20", "side": "BUY", "hash": "eb9390bb8ec5ec2ee410ffaee482e40307e94376", "best_bid": "0.7", "best_ask": "0.98"}, {"asset_id": "17900375639478683655679670694975722771965736396567788561403630305042342586821", "price": "0.72", "size": "20", "side": "SELL", "hash": "28d7f81b831b73a4b22fe307d856caf4015c5125", "best_bid": "0.02", "best_ask": "0.3"}], "timestamp": "1769384301121", "event_type": "price_change"}}
{"_local_timestamp": "2026-01-25T23:38:21.260814+00:00", "data": {"market": "0x5b1ffbc2fb2e49e0f27a24b8060cc1ca4d858088244fb6541fbe7d98aec1edfc", "price_changes": [{"asset_id": "84699240558843336852681019637508402913334763466484851143834992522794763821922", "price": "0.157", "size": "20", "side": "BUY", "hash": "0154521f4e05cdd32ec2fc8ad7d99f197a6b5edf", "best_bid": "0.47", "best_ask": "0.998"}, {"asset_id": "55988747984122854040927657837180471992842893619926975962847031786103973956230", "price": "0.843", "size": "20", "side": "SELL", "hash": "2a43bffd6cb367a0cd7ed443d861c603583b918d", "best_bid": "0.002", "best_ask": "0.53"}], "timestamp": "1769384301122", "event_type": "price_change"}}
{"_local_timestamp": "2026-01-25T23:38:21.261541+00:00", "data": {"market": "0x38fb69564ae311ef4ed9d34a1d5a3587828e4e660e67009d5a3cde08649c2171", "price_changes": [{"asset_id": "107685275791096286164005001565561436959674140290833663772296335256910172946680", "price": "0.107", "size": "20", "side": "BUY", "hash": "dabbcf94173cc38b7e4ca96905dd0850f1398d76", "best_bid": "0.7", "best_ask": "0.986"}, {"asset_id": "90521863996635153941760208041563651859877473351126931907472023157602367136987", "price": "0.893", "size": "20", "side": "SELL", "hash": "02d8e46426bf50dfe021b217eec846a856053fae", "best_bid": "0.014", "best_ask": "0.3"}], "timestamp": "1769384301122", "event_type": "price_change"}}
{"_local_timestamp": "2026-01-25T23:38:21.271730+00:00", "data": {"market": "0xdb63045c5fee5e17add600bc32ff4669ff182e7318ebf2de7ef76f57428e0637", "price_changes": [{"asset_id": "102218031695713464375543092457665843104124978678573987166043279966171620326426", "price": "0.11", "size": "20", "side": "BUY", "hash": "6a04b4dd1dbdb88e2851fed80fd5fbeb270e4337", "best_bid": "0.21", "best_ask": "0.75"}, {"asset_id": "66239146285239552348107247662987123692248015882372466576713915175598480677131", "price": "0.89", "size": "20", "side": "SELL", "hash": "06922307235688921a5bf1c100a1e4e70a4aef4c", "best_bid": "0.25", "best_ask": "0.79"}], "timestamp": "1769384301121", "event_type": "price_change"}}
{"_local_timestamp": "2026-01-25T23:38:29.695529+00:00", "data": {"market": "0x5b1ffbc2fb2e49e0f27a24b8060cc1ca4d858088244fb6541fbe7d98aec1edfc", "price_changes": [{"asset_id": "84699240558843336852681019637508402913334763466484851143834992522794763821922", "price": "0.155", "size": "0", "side": "BUY", "hash": "13ce3b85d1ca24ea75d9464d89aa2a31fc1a0f75", "best_bid": "0.47", "best_ask": "0.998"}, {"asset_id": "55988747984122854040927657837180471992842893619926975962847031786103973956230", "price": "0.845", "size": "0", "side": "SELL", "hash": "e2e4b23cf1cfc2fff5806a0bce29a12042e734fc", "best_bid": "0.002", "best_ask": "0.53"}], "timestamp": "1769384309619", "event_type": "price_change"}}
{"_local_timestamp": "2026-01-25T23:38:29.705090+00:00", "data": {"market": "0xdb63045c5fee5e17add600bc32ff4669ff182e7318ebf2de7ef76f57428e0637", "price_changes": [{"asset_id": "102218031695713464375543092457665843104124978678573987166043279966171620326426", "price": "0.09", "size": "0", "side": "BUY", "hash": "6c81ded977f7a94b57fce4722ce9718ac50ce5f8", "best_bid": "0.21", "best_ask": "0.75"}, {"asset_id": "66239146285239552348107247662987123692248015882372466576713915175598480677131", "price": "0.91", "size": "0", "side": "SELL", "hash": "ed73a67bb6c5cd3b52001d0870eeac0f28f2f18b", "best_bid": "0.25", "best_ask": "0.79"}], "timestamp": "1769384309619", "event_type": "price_change"}}
{"_local_timestamp": "2026-01-25T23:38:29.711419+00:00", "data": {"market": "0x38fb69564ae311ef4ed9d34a1d5a3587828e4e660e67009d5a3cde08649c2171", "price_changes": [{"asset_id": "107685275791096286164005001565561436959674140290833663772296335256910172946680", "price": "0.105", "size": "0", "side": "BUY", "hash": "540b56322da054502647fdd2a6bfda3b873f776c", "best_bid": "0.7", "best_ask": "0.986"}, {"asset_id": "90521863996635153941760208041563651859877473351126931907472023157602367136987", "price": "0.895", "size": "0", "side": "SELL", "hash": "8437bebc44dc1c86ec6a835fd6472106dfded9eb", "best_bid": "0.014", "best_ask": "0.3"}], "timestamp": "1769384309619", "event_type": "price_change"}}
{"_local_timestamp": "2026-01-25T23:38:30.932863+00:00", "data": {"market": "0xb15470d6545c9ffbd3525906a5d2798823f254a4da92793d60cb782eab0a60e6", "price_changes": [{"asset_id": "90789399138416550270325314131162808548653580120624904482557448689454324951485", "price": "0.27", "size": "0", "side": "BUY", "hash": "97b6b5d06ad83009ba04710781a28ec6eb60ae66", "best_bid": "0.7", "best_ask": "0.98"}, {"asset_id": "17900375639478683655679670694975722771965736396567788561403630305042342586821", "price": "0.73", "size": "0", "side": "SELL", "hash": "aded8c297d1c49da44ea8eaa9fe8c81a0500c171", "best_bid": "0.02", "best_ask": "0.3"}], "timestamp": "1769384310858", "event_type": "price_change"}}
