{"_local_timestamp": "2026-01-25T23:40:59.955968+00:00", "data": [{"market": "0xdad4e6e57414a92fa03d4e15e8c2e07b85380a87ebb81904a5f67d1c8556ada4", "asset_id": "42723153620114986899527138677498119826187383530151579581130802432995564299860", "timestamp": "1769384311939", "hash": "4e90627c8d918ff9a0961f21150338a986946b0d", "bids": [{"price": "0.01", "size": "139.24"}, {"price": "0.02", "size": "30.2"}, {"price": "0.05", "size": "30"}, {"price": "0.06", "size": "20.56"}, {"price": "0.11", "size": "20"}, {"price": "0.13", "size": "21.26"}, {"price": "0.14", "size": "20"}], "asks": [{"price": "0.99", "size": "2128"}, {"price": "0.98", "size": "16.66"}, {"price": "0.89", "size": "20"}, {"price": "0.8", "size": "198.44"}], "event_type": "book", "last_trade_price": "0.100"}, {"market": "0x38fb69564ae311ef4ed9d34a1d5a3587828e4e660e67009d5a3cde08649c2171", "asset_id": "107685275791096286164005001565561436959674140290833663772296335256910172946680", "timestamp": "1769384418108", "hash": "4a8be9bd5fbda53782b0d344e087d579e6670d62", "bids": [{"price": "0.001", "size": "3052.59"}, {"price": "0.002", "size": "6.57"}, {"price": "0.003", "size": "1000"}, {"price": "0.004", "size": "11.36"}, {"price": "0.01", "size": "4123"}, {"price": "0.011", "size": "5.76"}, {"price": "0.02", "size": "1800"}, {"price": "0.021", "size": "8.82"}, {"price": "0.05", "size": "30"}, {"price": "0.051", "size": "39"}, {"price": "0.052", "size": "5.31"}, {"price": "0.06", "size": "400"}, {"price": "0.1", "size": "200"}, {"price": "0.104", "size": "13.55"}, {"price": "0.106", "size": "45"}, {"price": "0.107", "size": "20"}, {"price": "0.7", "size": "175.51"}], "asks": [{"price": "0.999", "size": "1056.44"}, {"price": "0.998", "size": "66.36"}, {"price": "0.99", "size": "28.96"}, {"price": "0.987", "size": "5"}, {"price": "0.986", "size": "44.99"}], "event_type": "book", "last_trade_price": "0.010"}, {"market": "0xdb63045c5fee5e17add600bc32ff4669ff182e7318ebf2de7ef76f57428e0637", "asset_id": "66239146285239552348107247662987123692248015882372466576713915175598480677131", "timestamp": "1769384311939", "hash": "ee474c1dcd8f54d42ea5320789cc6927da6bc7cc", "bids": [{"price": "0.01", "size": "128"}, {"price": "0.02", "size": "16.66"}, {"price": "0.11", "size": "20"}, {"price": "0.25", "size": "21.26"}], "asks": [{"price": "0.99", "size": "2336.27"}, {"price": "0.98", "size": "32.82"}, {"price": "0.95", "size": "10"}, {"price": "0.92", "size": "15.13"}, {"price": "0.91", "size": "20"}, {"price": "0.79", "size": "158.33"}], "event_type": "book", "last_trade_price": "0.250"}, {"market": "0xb15470d6545c9ffbd3525906a5d2798823f254a4da92793d60cb782eab0a60e6", "asset_id": "90789399138416550270325314131162808548653580120624904482557448689454324951485", "timestamp": "1769384452633", "hash": "b4261f7a8ea8e74936b3440ae9eb55684acc7b8c", "bids": [{"price": "0.01", "size": "129.65"}, {"price": "0.02", "size": "15.19"}, {"price": "0.05", "size": "30"}, {"price": "0.06", "size": "33"}, {"price": "0.07", "size": "23.28"}, {"price": "0.22", "size": "5"}, {"price": "0.25", "size": "8"}, {"price": "0.26", "size": "20"}, {"price": "0.7", "size": "26.6"}], "asks": [{"price": "0.99", "size": "21.46"}, {"price": "0.98", "size": "60.93"}], "event_type": "book", "last_trade_price": "0.980"}, {"market": "0xdad4e6e57414a92fa03d4e15e8c2e07b85380a87ebb81904a5f67d1c8556ada4", "asset_id": "114915801833091228296307497336880451877035366982188025096863607960278359963397", "timestamp": "1769384311939", "hash": "9a8d1fa43dee19e313674f4430b186ca4b9ff103", "bids": [{"price": "0.01", "size": "2128"}, {"price": "0.02", "size": "16.66"}, {"price": "0.11", "size": "20"}, {"price": "0.2", "size": "198.44"}], "asks": [{"price": "0.99", "size": "139.24"}, {"price": "0.98", "size": "30.2"}, {"price": "0.95", "size": "30"}, {"price": "0.94", "size": "20.56"}, {"price": "0.89", "size": "20"}, {"price": "0.87", "size": "21.26"}, {"price": "0.86", "size": "20"}], "event_type": "book", "last_trade_price": "0.100"}, {"market": "0x5b1ffbc2fb2e49e0f27a24b8060cc1ca4d858088244fb6541fbe7d98aec1edfc", "asset_id": "55988747984122854040927657837180471992842893619926975962847031786103973956230", "timestamp": "1769384418108", "hash": "7eac6efbf675bf28c204f0eb262ce0280db49108", "bids": [{"price": "0.001", "size": "1263.99"}, {"price": "0.002", "size": "477.64"}], "asks": [{"price": "0.999", "size": "5297.07"}, {"price": "0.998", "size": "35.89"}, {"price": "0.99", "size": "2123"}, {"price": "0.989", "size": "32.42"}, {"price": "0.95", "size": "30"}, {"price": "0.94", "size": "33"}, {"price": "0.939", "size": "5.08"}, {"price": "0.875", "size": "16"}, {"price": "0.846", "size": "8.14"}, {"price": "0.844", "size": "158.33"}, {"price": "0.842", "size": "45"}, {"price": "0.841", "size": "20"}, {"price": "0.53", "size": "19"}], "event_type": "book", "last_trade_price": "0.002"}, {"market": "0xdb63045c5fee5e17add600bc32ff4669ff182e7318ebf2de7ef76f57428e0637", "asset_id": "102218031695713464375543092457665843104124978678573987166043279966171620326426", "timestamp": "1769384311939", "hash": "a27bb37067f829fc485ab4e963ee209dd1c64fa8", "bids": [{"price": "0.01", "size": "2336.27"}, {"price": "0.02", "size": "32.82"}, {"price": "0.05", "size": "10"}, {"price": "0.08", "size": "15.13"}, {"price": "0.09", "size": "20"}, {"price": "0.21", "size": "158.33"}], "asks": [{"price": "0.99", "size": "128"}, {"price": "0.98", "size": "16.66"}, {"price": "0.89", "size": "20"}, {"price": "0.75", "size": "21.26"}], "event_type": "book", "last_trade_price": "0.250"}, {"market": "0x5b1ffbc2fb2e49e0f27a24b8060cc1ca4d858088244fb6541fbe7d98aec1edfc", "asset_id": "84699240558843336852681019637508402913334763466484851143834992522794763821922", "timestamp": "1769384418108", "hash": "0f6fbe021debe053d2e14cd4b6ea5d85645f9ab9", "bids": [{"price": "0.001", "size": "5297.07"}, {"price": "0.002", "size": "35.89"}, {"price": "0.01", "size": "2123"}, {"price": "0.011", "size": "32.42"}, {"price": "0.05", "size": "30"}, {"price": "0.06", "size": "33"}, {"price": "0.061", "size": "5.08"}, {"price": "0.125", "size": "16"}, {"price": "0.154", "size": "8.14"}, {"price": "0.156", "size": "158.33"}, {"price": "0.158", "size": "45"}, {"price": "0.159", "size": "20"}, {"price": "0.47", "size": "19"}], "asks": [{"price": "0.999", "size": "1263.99"}, {"price": "0.998", "size": "477.64"}], "event_type": "book", "last_trade_price": "0.002"}, {"market": "0xa7f543a60ae9bf63a2fb0761cb6c57f3b0fe6fe2f322badc1cf8efc18e1f06f3", "asset_id": "72064407257107698168904775231646130333321163294482054496695801991988860351955", "timestamp": "1769384428650", "hash": "cb0faa0b1f0e4720d3875c2dee497322220a384f", "bids": [{"price": "0.01", "size": "72.47"}], "asks": [{"price": "0.99", "size": "129.57"}, {"price": "0.98", "size": "15.01"}, {"price": "0.95", "size": "30"}, {"price": "0.94", "size": "33"}, {"price": "0.92", "size": "5.61"}, {"price": "0.91", "size": "22"}, {"price": "0.83", "size": "6.97"}, {"price": "0.82", "size": "20"}, {"price": "0.53", "size": "87.38"}, {"price": "0.35", "size": "9.43"}, {"price": "0.33", "size": "6.26"}], "event_type": "book", "last_trade_price": "0.010"}, {"market": "0x38fb69564ae311ef4ed9d34a1d5a3587828e4e660e67009d5a3cde08649c2171", "asset_id": "90521863996635153941760208041563651859877473351126931907472023157602367136987", "timestamp": "1769384418108", "hash": "041ec807a179bb029a8e9a834a99da1b5308d3c4", "bids": [{"price": "0.001", "size": "1056.44"}, {"price": "0.002", "size": "66.36"}, {"price": "0.01", "size": "28.96"}, {"price": "0.013", "size": "5"}, {"price": "0.014", "size": "44.99"}], "asks": [{"price": "0.999", "size": "3052.59"}, {"price": "0.998", "size": "6.57"}, {"price": "0.997", "size": "1000"}, {"price": "0.996", "size": "11.36"}, {"price": "0.99", "size": "4123"}, {"price": "0.989", "size": "5.76"}, {"price": "0.98", "size": "1800"}, {"price": "0.979", "size": "8.82"}, {"price": "0.95", "size": "30"}, {"price": "0.949", "size": "39"}, {"price": "0.948", "size": "5.31"}, {"price": "0.94", "size": "400"}, {"price": "0.9", "size": "200"}, {"price": "0.896", "size": "13.55"}, {"price": "0.894", "size": "45"}, {"price": "0.893", "size": "20"}, {"price": "0.3", "size": "175.51"}], "event_type": "book", "last_trade_price": "0.010"}, {"market": "0xb15470d6545c9ffbd3525906a5d2798823f254a4da92793d60cb782eab0a60e6", "asset_id": "17900375639478683655679670694975722771965736396567788561403630305042342586821", "timestamp": "1769384452633", "hash": "b5b9998fac66c5eacc3e5627045e0051d303093b", "bids": [{"price": "0.01", "size": "21.46"}, {"price": "0.02", "size": "60.93"}], "asks": [{"price": "0.99", "size": "129.65"}, {"price": "0.98", "size": "15.19"}, {"price": "0.95", "size": "30"}, {"price": "0.94", "size": "33"}, {"price": "0.93", "size": "23.28"}, {"price": "0.78", "size": "5"}, {"price": "0.75", "size": "8"}, {"price": "0.74", "size": "20"}, {"price": "0.3", "size": "26.6"}], "event_type": "book", "last_trade_price": "0.980"}, {"market": "0xa7f543a60ae9bf63a2fb0761cb6c57f3b0fe6fe2f322badc1cf8efc18e1f06f3", "asset_id": "60630035809502871670968527829832130899519184487844530148138037917820105333195", "timestamp": "1769384428650", "hash": "c69bebb39e4607eb443bfdbb59d09de9ccb5c645", "bids": [{"price": "0.01", "size": "129.57"}, {"price": "0.02", "size": "15.01"}, {"price": "0.05", "size": "30"}, {"price": "0.06", "size": "33"}, {"price": "0.08", "size": "5.61"}, {"price": "0.09", "size": "22"}, {"price": "0.17", "size": "6.97"}, {"price": "0.18", "size": "20"}, {"price": "0.47", "size": "87.38"}, {"price": "0.65", "size": "9.43"}, {"price": "0.67", "size": "6.26"}], "asks": [{"price": "0.99", "size": "72.47"}], "event_type": "book", "last_trade_price": "0.010"}]}
{"_local_timestamp": "2026-01-25T23:41:12.041980+00:00", "data": {"market": "0x5b1ffbc2fb2e49e0f27a24b8060cc1ca4d858088244fb6541fbe7d98aec1edfc", "price_changes": [{"asset_id": "84699240558843336852681019637508402913334763466484851143834992522794763821922", "price": "0.156", "size": "0", "side": "BUY", "hash": "b2cd3a48ecb3c6079ced950cc708f6283cda80e0", "best_bid": "0.47", "best_ask": "0.998"}, {"asset_id": "55988747984122854040927657837180471992842893619926975962847031786103973956230", "price": "0.844", "size": "0", "side": "SELL", "hash": "e3dfcc3a469390ef1ebaf397dc135770e126e064", "best_bid": "0.002", "best_ask": "0.53"}], "timestamp": "1769384471927", "event_type": "price_change"}}
{"_local_timestamp": "2026-01-25T23:41:15.834439+00:00", "data": {"market": "0xa7f543a60ae9bf63a2fb0761cb6c57f3b0fe6fe2f322badc1cf8efc18e1f06f3", "price_changes": [{"asset_id": "60630035809502871670968527829832130899519184487844530148138037917820105333195", "price": "0.08", "size": "0", "side": "BUY", "hash": "3e103fef8b24b5466efcb934b70d4db43c19f482", "best_bid": "0.67", "best_ask": "0.99"}, {"asset_id": "72064407257107698168904775231646130333321163294482054496695801991988860351955", "price": "0.92", "size": "0", "side": "SELL", "hash": "c86917cf218f903072ecb914f08c221454360cdb", "best_bid": "0.01", "best_ask": "0.33"}], "timestamp": "1769384475763", "event_type": "price_change"}}
{"_local_timestamp": "2026-01-25T23:41:15.836041+00:00", "data": {"market": "0xa7f543a60ae9bf63a2fb0761cb6c57f3b0fe6fe2f322badc1cf8efc18e1f06f3", "price_changes": [{"asset_id": "60630035809502871670968527829832130899519184487844530148138037917820105333195", "price": "0.17", "size": "0", "side": "BUY", "hash": "3e103fef8b24b5466efcb934b70d4db43c19f482", "best_bid": "0.67", "best_ask": "0.99"}, {"asset_id": "72064407257107698168904775231646130333321163294482054496695801991988860351955", "price": "0.83", "size": "0", "side": "SELL", "hash": "c86917cf218f903072ecb914f08c221454360cdb", "best_bid": "0.01", "best_ask": "0.33"}], "timestamp": "1769384475763", "event_type": "price_change"}}
{"_local_timestamp": "2026-01-25T23:41:18.349090+00:00", "data": {"market": "0xa7f543a60ae9bf63a2fb0761cb6c57f3b0fe6fe2f322badc1cf8efc18e1f06f3", "price_changes": [{"asset_id": "60630035809502871670968527829832130899519184487844530148138037917820105333195", "price": "0.18", "size": "0", "side": "BUY", "hash": "a8af73dada201f977078eeee30124b5326bac561", "best_bid": "0.67", "best_ask": "0.99"}, {"asset_id": "72064407257107698168904775231646130333321163294482054496695801991988860351955", "price": "0.82", "size": "0", "side": "SELL", "hash": "a44a534e9b1ddc49563718664dc3032950795a5c", "best_bid": "0.01", "best_ask": "0.33"}], "timestamp": "1769384478226", "event_type": "price_change"}}
{"_local_timestamp": "2026-01-25T23:41:18.383360+00:00", "data": {"market": "0xa7f543a60ae9bf63a2fb0761cb6c57f3b0fe6fe2f322badc1cf8efc18e1f06f3", "price_changes": [{"asset_id": "60630035809502871670968527829832130899519184487844530148138037917820105333195", "price": "0.1", "size": "20", "side": "BUY", "hash": "058585f1866556ec2bcb29207f9840681da2a74d", "best_bid": "0.67", "best_ask": "0.99"}, {"asset_id": "72064407257107698168904775231646130333321163294482054496695801991988860351955", "price": "0.9", "size": "20", "side": "SELL", "hash": "ec1741517153e877ee69158c365109ddef731607", "best_bid": "0.01", "best_ask": "0.33"}], "timestamp": "1769384478252", "event_type": "price_change"}}
{"_local_timestamp": "2026-01-25T23:41:18.610698+00:00", "data": {"market": "0xa7f543a60ae9bf63a2fb0761cb6c57f3b0fe6fe2f322badc1cf8efc18e1f06f3", "price_changes": [{"asset_id": "60630035809502871670968527829832130899519184487844530148138037917820105333195", "price": "0.07", "size": "8.17", "side": "BUY", "hash": "964731fd4589e6d696578a5d9d699652c839f005", "best_bid": "0.67", "best_ask": "0.99"}, {"asset_id": "72064407257107698168904775231646130333321163294482054496695801991988860351955", "price": "0.93", "size": "8.17", "side": "SELL", "hash": "7afc8554918736b00a3b35cf5d0fb46f81e22a3a", "best_bid": "0.01", "best_ask": "0.33"}], "timestamp": "1769384478547", "event_type": "price_change"}}
{"_local_timestamp": "2026-01-25T23:41:18.616885+00:00", "data": {"market": "0xa7f543a60ae9bf63a2fb0761cb6c57f3b0fe6fe2f322badc1cf8efc18e1f06f3", "price_changes": [{"asset_id": "60630035809502871670968527829832130899519184487844530148138037917820105333195", "price": "0.19", "size": "5.58", "side": "BUY", "hash": "657c00fe703be3290fb082ca2350c7b42e94d01b", "best_bid": "0.67", "best_ask": "0.99"}, {"asset_id": "72064407257107698168904775231646130333321163294482054496695801991988860351955", "price": "0.81", "size": "5.58", "side": "SELL", "hash": "c7dc1fe741bc33bf2f94db440d1e106c7e8a3c0b", "best_bid": "0.01", "best_ask": "0.33"}], "timestamp": "1769384478551", "event_type": "price_change"}}
{"_local_timestamp": "2026-01-25T23:41:19.201178+00:00", "data": {"market": "0x38fb69564ae311ef4ed9d34a1d5a3587828e4e660e67009d5a3cde08649c2171", "price_changes": [{"asset_id": "107685275791096286164005001565561436959674140290833663772296335256910172946680", "price": "0.104", "size": "0", "side": "BUY", "hash": "4c18cc2008d4b74e3a4fe23e9f04bad70f400c39", "best_bid": "0.7", "best_ask": "0.986"}, {"asset_id": "90521863996635153941760208041563651859877473351126931907472023157602367136987", "price": "0.896", "size": "0", "side": "SELL", "hash": "9fc17e0b8655e92edd3d7be4193cdc12a62ddfc1", "best_bid": "0.014", "best_ask": "0.3"}], "timestamp": "1769384479119", "event_type": "price_change"}}
{"_local_timestamp": "2026-01-25T23:41:21.793595+00:00", "data": {"market": "0x38fb69564ae311ef4ed9d34a1d5a3587828e4e660e67009d5a3cde08649c2171", "price_changes": [{"asset_id": "107685275791096286164005001565561436959674140290833663772296335256910172946680", "price": "0.108", "size": "13.05", "side": "BUY", "hash": "146c4afdb8820a24fbb8e0aef9c82daec53e7a5c", "best_bid": "0.7", "best_ask": "0.986"}, {"asset_id": "90521863996635153941760208041563651859877473351126931907472023157602367136987", "price": "0.892", "size": "13.05", "side": "SELL", "hash": "ec8971137265a97a45d817dfebf2162ffa17c7c4", "best_bid": "0.014", "best_ask": "0.3"}], "timestamp": "1769384481728", "event_type": "price_change"}}
{"_local_timestamp": "2026-01-25T23:41:23.820282+00:00", "data": {"market": "0x38fb69564ae311ef4ed9d34a1d5a3587828e4e660e67009d5a3cde08649c2171", "price_changes": [{"asset_id": "107685275791096286164005001565561436959674140290833663772296335256910172946680", "price": "0.107", "size": "0", "side": "BUY", "hash": "f80337f0a14306bc8e2a02abaa036d6a7603e919", "best_bid": "0.7", "best_ask": "0.986"}, {"asset_id": "90521863996635153941760208041563651859877473351126931907472023157602367136987", "price": "0.893", "size": "0", "side": "SELL", "hash": "d5541dc3c57728db9a6772becd9bb2da8de53631", "best_bid": "0.014", "best_ask": "0.3"}], "timestamp": "1769384483753", "event_type": "price_change"}}
{"_local_timestamp": "2026-01-25T23:41:23.847093+00:00", "data": {"market": "0x38fb69564ae311ef4ed9d34a1d5a3587828e4e660e67009d5a3cde08649c2171", "price_changes": [{"asset_id": "107685275791096286164005001565561436959674140290833663772296335256910172946680", "price": "0.109", "size": "20", "side": "BUY", "hash": "e1edf4c7571f877e8dbaf183cc7398dfbc4bf102", "best_bid": "0.7", "best_ask": "0.986"}, {"asset_id": "90521863996635153941760208041563651859877473351126931907472023157602367136987", "price": "0.891", "size": "20", "side": "SELL", "hash": "f4cfe79f5e4bc8582efe78e4396b0fb1da105b19", "best_bid": "0.014", "best_ask": "0.3"}], "timestamp": "1769384483780", "event_type": "price_change"}}
{"_local_timestamp": "2026-01-25T23:41:25.125130+00:00", "data": {"market": "0xa7f543a60ae9bf63a2fb0761cb6c57f3b0fe6fe2f322badc1cf8efc18e1f06f3", "price_changes": [{"asset_id": "72064407257107698168904775231646130333321163294482054496695801991988860351955", "price": "0.33", "size": "0", "side": "SELL", "hash": "b7ee06c4af16370c1ae721b414f9dc9182a9e254", "best_bid": "0.01", "best_ask": "0.35"}, {"asset_id": "60630035809502871670968527829832130899519184487844530148138037917820105333195", "price": "0.67", "size": "0", "side": "BUY", "hash": "3181375fe68635fccfda0ff6b3191fab2b5e125b", "best_bid": "0.65", "best_ask": "0.99"}], "timestamp": "1769384485061", "event_type": "price_change"}}
{"_local_timestamp": "2026-01-25T23:41:27.836592+00:00", "data": {"market": "0xa7f543a60ae9bf63a2fb0761cb6c57f3b0fe6fe2f322badc1cf8efc18e1f06f3", "price_changes": [{"asset_id": "72064407257107698168904775231646130333321163294482054496695801991988860351955", "price": "0.34", "size": "6.26", "side": "SELL", "hash": "42997039c867c7d54d66b6cd0974dbb78cbde4a3", "best_bid": "0.01", "best_ask": "0.34"}, {"asset_id": "60630035809502871670968527829832130899519184487844530148138037917820105333195", "price": "0.66", "size": "6.26", "side": "BUY", "hash": "1faf5392019f75f1d2abecf0a0f302a30ef97c11", "best_bid": "0.66", "best_ask": "0.99"}], "timestamp": "1769384487760", "event_type": "price_change"}}
{"_local_timestamp": "2026-01-25T23:41:27.858535+00:00", "data": {"market": "0xdad4e6e57414a92fa03d4e15e8c2e07b85380a87ebb81904a5f67d1c8556ada4", "price_changes": [{"asset_id": "42723153620114986899527138677498119826187383530151579581130802432995564299860", "price": "0.19", "size": "20", "side": "BUY", "hash": "55d2354a7d62d56b79fc2a183b24dcbd84a769ee", "best_bid": "0.19", "best_ask": "0.8"}, {"asset_id": "114915801833091228296307497336880451877035366982188025096863607960278359963397", "price": "0.81", "size": "20", "side": "SELL", "hash": "be09e6c2692287e9ecc3da964deecbb80af997b3", "best_bid": "0.2", "best_ask": "0.81"}], "timestamp": "1769384487787", "event_type": "price_change"}}
{"_local_timestamp": "2026-01-25T23:41:29.301820+00:00", "data": {"market": "0xdad4e6e57414a92fa03d4e15e8c2e07b85380a87ebb81904a5f67d1c8556ada4", "price_changes": [{"asset_id": "42723153620114986899527138677498119826187383530151579581130802432995564299860", "price": "0.14", "size": "0", "side": "BUY", "hash": "eb66d7c28d04974118b64eef041b4f3fc1e84a81", "best_bid": "0.19", "best_ask": "0.8"}, {"asset_id": "114915801833091228296307497336880451877035366982188025096863607960278359963397", "price": "0.86", "size": "0", "side": "SELL", "hash": "0dd9787c02c32f5e403d998cd7b41f5fc847cadd", "best_bid": "0.2", "best_ask": "0.81"}], "timestamp": "1769384489233", "event_type": "price_change"}}
{"_local_timestamp": "2026-01-25T23:41:29.323561+00:00", "data": {"market": "0xdb63045c5fee5e17add600bc32ff4669ff182e7318ebf2de7ef76f57428e0637", "price_changes": [{"asset_id": "102218031695713464375543092457665843104124978678573987166043279966171620326426", "price": "0.23", "size": "20", "side": "BUY", "hash": "5e516057b2d1eaf0b478fc3eef76fb59bac87ac5", "best_bid": "0.23", "best_ask": "0.75"}, {"asset_id": "66239146285239552348107247662987123692248015882372466576713915175598480677131", "price": "0.77", "size": "20", "side": "SELL", "hash": "688c04d55ea28ff7ce480c5de6e4b5ed75eb8dad", "best_bid": "0.25", "best_ask": "0.77"}], "timestamp": "1769384489254", "event_type": "price_change"}}
{"_local_timestamp": "2026-01-25T23:41:29.324549+00:00", "data": {"market": "0xdad4e6e57414a92fa03d4e15e8c2e07b85380a87ebb81904a5f67d1c8556ada4", "price_changes": [{"asset_id": "42723153620114986899527138677498119826187383530151579581130802432995564299860", "price": "0.2", "size": "20", "side": "BUY", "hash": "489341d7f3c8202d7fbc0c2fa2bed9d8eb9487fa", "best_bid": "0.2", "best_ask": "0.8"}, {"asset_id": "114915801833091228296307497336880451877035366982188025096863607960278359963397", "price": "0.8", "size": "20", "side": "SELL", "hash": "0fe893f25787c6144c120d6478997393ab2f6963", "best_bid": "0.2", "best_ask": "0.8"}], "timestamp": "1769384489254", "event_type": "price_change"}}
{"_local_timestamp": "2026-01-25T23:41:29.349592+00:00", "data": {"market": "0x5b1ffbc2fb2e49e0f27a24b8060cc1ca4d858088244fb6541fbe7d98aec1edfc", "price_changes": [{"asset_id": "84699240558843336852681019637508402913334763466484851143834992522794763821922", "price": "0.478", "size": "20", "side": "BUY", "hash": "af8080f63b8ed0f03cd2cab7bf6fbf357d7cfd60", "best_bid": "0.478", "best_ask": "0.998"}, {"asset_id": "55988747984122854040927657837180471992842893619926975962847031786103973956230", "price": "0.522", "size": "20", "side": "SELL", "hash": "dabbf22a4b9899868305bdb1cafc4e9a77c8182d", "best_bid": "0.002", "best_ask": "0.522"}], "timestamp": "1769384489273", "event_type": "price_change"}}
{"_local_timestamp": "2026-01-25T23:41:29.354221+00:00", "data": {"market": "0xdad4e6e57414a92fa03d4e15e8c2e07b85380a87ebb81904a5f67d1c8556ada4", "price_changes": [{"asset_id": "42723153620114986899527138677498119826187383530151579581130802432995564299860", "price": "0.19", "size": "0", "side": "BUY", "hash": "69a979b91e65604d06e5b591c829df45e4bf6f73", "best_bid": "0.2", "best_ask": "0.8"}, {"asset_id": "114915801833091228296307497336880451877035366982188025096863607960278359963397", "price": "0.81", "size": "0", "side": "SELL", "hash": "358608be337f876376a8b8dc1ffcdf5962352959", "best_bid": "0.2", "best_ask": "0.8"}], "timestamp": "1769384489291", "event_type": "price_change"}}
{"_local_timestamp": "2026-01-25T23:41:29.636296+00:00", "data": {"market": "0xdad4e6e57414a92fa03d4e15e8c2e07b85380a87ebb81904a5f67d1c8556ada4", "price_changes": [{"asset_id": "42723153620114986899527138677498119826187383530151579581130802432995564299860", "price": "0.2", "size": "0", "side": "BUY", "hash": "0333ce0fb451f97c02e78944ceeee00bbdc166e4", "best_bid": "0.13", "best_ask": "0.8"}, {"asset_id": "114915801833091228296307497336880451877035366982188025096863607960278359963397", "price": "0.8", "size": "0", "side": "SELL", "hash": "3342343e503c3a461c711d0b72a06c76c052cf60", "best_bid": "0.2", "best_ask": "0.87"}], "timestamp": "1769384489569", "event_type": "price_change"}}
{"_local_timestamp": "2026-01-25T23:41:29.659448+00:00", "data": {"market": "0xdad4e6e57414a92fa03d4e15e8c2e07b85380a87ebb81904a5f67d1c8556ada4", "price_changes": [{"asset_id": "42723153620114986899527138677498119826187383530151579581130802432995564299860", "price": "0.14", "size": "20", "side": "BUY", "hash": "453aeb57560df7ab73b719be10058221b4c28b9a", "best_bid": "0.14", "best_ask": "0.8"}, {"asset_id": "114915801833091228296307497336880451877035366982188025096863607960278359963397", "price": "0.86", "size": "20", "side": "SELL", "hash": "e1e3516d68ea4e559b8d572b7df5d8bdd740bf09", "best_bid": "0.2", "best_ask": "0.86"}], "timestamp": "1769384489592", "event_type": "price_change"}}
{"_local_timestamp": "2026-01-25T23:41:29.660856+00:00", "data": {"market": "0xdad4e6e57414a92fa03d4e15e8c2e07b85380a87ebb81904a5f67d1c8556ada4", "price_changes": [{"asset_id": "42723153620114986899527138677498119826187383530151579581130802432995564299860", "price": "0.25", "size": "20", "side": "BUY", "hash": "291b62f26658b2dcc503643293b2a788cda81627", "best_bid": "0.25", "best_ask": "0.8"}, {"asset_id": "114915801833091228296307497336880451877035366982188025096863607960278359963397", "price": "0.75", "size": "20", "side": "SELL", "hash": "7ee29e6d1e4874052399fb8fc5c78cd5754ac52f", "best_bid": "0.2", "best_ask": "0.75"}], "timestamp": "1769384489592", "event_type": "price_change"}}
{"_local_timestamp": "2026-01-25T23:41:39.291246+00:00", "data": {"market": "0x5b1ffbc2fb2e49e0f27a24b8060cc1ca4d858088244fb6541fbe7d98aec1edfc", "price_changes": [{"asset_id": "84699240558843336852681019637508402913334763466484851143834992522794763821922", "price": "0.01", "size": "123", "side": "BUY", "hash": "c38b80a4b338e25227eaa361c02baaf266bad05d", "best_bid": "0.478", "best_ask": "0.998"}, {"asset_id": "55988747984122854040927657837180471992842893619926975962847031786103973956230", "price": "0.99", "size": "123", "side": "SELL", "hash": "1e77eb92e3418b141127e1a2c88563925a7c1955", "best_bid": "0.002", "best_ask": "0.522"}], "timestamp": "1769384499208", "event_type": "price_change"}}
