{"_local_timestamp": "2026-01-25T23:33:32.516383+00:00", "data": [{"market": "0x6bc9531fff87196aa1ced85050c8532b1bf75ac18e14a2949180b7d19171256a", "asset_id": "53419693435572371788699892259142418692358073805819213173632989322601750027858", "timestamp": "1769383843906", "hash": "86b66a121615e1181617a016889642987ce6fcee", "bids": [{"price": "0.01", "size": "2573.21"}, {"price": "0.02", "size": "21.14"}, {"price": "0.05", "size": "30"}, {"price": "0.06", "size": "133"}, {"price": "0.07", "size": "100"}, {"price": "0.08", "size": "400"}, {"price": "0.09", "size": "5.68"}, {"price": "0.12", "size": "66.66"}, {"price": "0.2", "size": "300"}, {"price": "0.21", "size": "150"}, {"price": "0.22", "size": "66.66"}], "asks": [{"price": "0.99", "size": "47.46"}, {"price": "0.98", "size": "59"}, {"price": "0.97", "size": "18.95"}, {"price": "0.95", "size": "10"}, {"price": "0.94", "size": "14.99"}, {"price": "0.93", "size": "20"}, {"price": "0.92", "size": "8.33"}, {"price": "0.89", "size": "77.78"}], "event_type": "book", "last_trade_price": ""}, {"market": "0x6bc9531fff87196aa1ced85050c8532b1bf75ac18e14a2949180b7d19171256a", "asset_id": "55950724784964299514196921613683955661483220553780201996623041253165124319777", "timestamp": "1769383843906", "hash": "f0fa9e0a313c87fa7fd4aa613c6e15d889c7bc84", "bids": [{"price": "0.01", "size": "47.46"}, {"price": "0.02", "size": "59"}, {"price": "0.03", "size": "18.95"}, {"price": "0.05", "size": "10"}, {"price": "0.06", "size": "14.99"}, {"price": "0.07", "size": "20"}, {"price": "0.08", "size": "8.33"}, {"price": "0.11", "size": "77.78"}], "asks": [{"price": "0.99", "size": "2573.21"}, {"price": "0.98", "size": "21.14"}, {"price": "0.95", "size": "30"}, {"price": "0.94", "size": "133"}, {"price": "0.93", "size": "100"}, {"price": "0.92", "size": "400"}, {"price": "0.91", "size": "5.68"}, {"price": "0.88", "size": "66.66"}, {"price": "0.8", "size": "300"}, {"price": "0.79", "size": "150"}, {"price": "0.78", "size": "66.66"}], "event_type": "book", "last_trade_price": ""}, {"market": "0xaf681bb7e57ee20f081c575c293c61d956c95e3c08246d216c5df123bcc1ff7c", "asset_id": "100936365235088365887390148339025781650492541691117144201293268974573722080526", "timestamp": "1769383373024", "hash": "9205137a47e749a0db8939bf9f4d036c7edbad14", "bids": [{"price": "0.01", "size": "44.29"}, {"price": "0.02", "size": "10.13"}, {"price": "0.03", "size": "12"}, {"price": "0.04", "size": "6.66"}, {"price": "0.05", "size": "10"}, {"price": "0.06", "size": "33.33"}, {"price": "0.07", "size": "106.01"}, {"price": "0.12", "size": "39.99"}], "asks": [{"price": "0.99", "size": "286.2"}, {"price": "0.98", "size": "30.6"}, {"price": "0.95", "size": "30"}, {"price": "0.94", "size": "33"}, {"price": "0.93", "size": "100"}, {"price": "0.92", "size": "505.18"}, {"price": "0.88", "size": "66.66"}, {"price": "0.87", "size": "6.47"}, {"price": "0.86", "size": "20"}, {"price": "0.8", "size": "300"}, {"price": "0.78", "size": "75"}, {"price": "0.76", "size": "66.66"}], "event_type": "book", "last_trade_price": ""}, {"market": "0xaf681bb7e57ee20f081c575c293c61d956c95e3c08246d216c5df123bcc1ff7c", "asset_id": "58852733019222657257857989920800865387778184315425789631820735202058753631697", "timestamp": "1769383373024", "hash": "d7071f3e11da41fe5017ca47d886a6a4fec3ab34", "bids": [{"price": "0.01", "size": "286.2"}, {"price": "0.02", "size": "30.6"}, {"price": "0.05", "size": "30"}, {"price": "0.06", "size": "33"}, {"price": "0.07", "size": "100"}, {"price": "0.08", "size": "505.18"}, {"price": "0.12", "size": "66.66"}, {"price": "0.13", "size": "6.47"}, {"price": "0.14", "size": "20"}, {"price": "0.2", "size": "300"}, {"price": "0.22", "size": "75"}, {"price": "0.24", "size": "66.66"}], "asks": [{"price": "0.99", "size": "44.29"}, {"price": "0.98", "size": "10.13"}, {"price": "0.97", "size": "12"}, {"price": "0.96", "size": "6.66"}, {"price": "0.95", "size": "10"}, {"price": "0.94", "size": "33.33"}, {"price": "0.93", "size": "106.01"}, {"price": "0.88", "size": "39.99"}], "event_type": "book", "last_trade_price": ""}]}
{"_local_timestamp": "2026-01-25T23:34:11.084398+00:00", "data": {"market": "0x6bc9531fff87196aa1ced85050c8532b1bf75ac18e14a2949180b7d19171256a", "price_changes": [{"asset_id": "55950724784964299514196921613683955661483220553780201996623041253165124319777", "price": "0.11", "size": "57.78", "side": "BUY", "hash": "4d6b4ab8f34a167a64019cb046417a2c2a31afe7", "best_bid": "0.11", "best_ask": "0.78"}, {"asset_id": "53419693435572371788699892259142418692358073805819213173632989322601750027858", "price": "0.89", "size": "57.78", "side": "SELL", "hash": "b2028a77116378517814068445f4792ff33a8493", "best_bid": "0.22", "best_ask": "0.89"}], "timestamp": "1769384051001", "event_type": "price_change"}}
{"_local_timestamp": "2026-01-25T23:34:11.164376+00:00", "data": {"market": "0x6bc9531fff87196aa1ced85050c8532b1bf75ac18e14a2949180b7d19171256a", "price_changes": [{"asset_id": "55950724784964299514196921613683955661483220553780201996623041253165124319777", "price": "0.11", "size": "77.78", "side": "BUY", "hash": "083a8ec85f29b19e05d5cefcbd5686e5337fa5e4", "best_bid": "0.11", "best_ask": "0.78"}, {"asset_id": "53419693435572371788699892259142418692358073805819213173632989322601750027858", "price": "0.89", "size": "77.78", "side": "SELL", "hash": "3955b28c52d3fc26c916123edc6b2714b5ee6358", "best_bid": "0.22", "best_ask": "0.89"}], "timestamp": "1769384051082", "event_type": "price_change"}}
