{"_local_timestamp": "2026-01-25T23:40:42.391217+00:00", "data": [{"market": "0x190aad2ac982a1580aa8898eff5b5145bea98410efb1c27fa48b9855b0816816", "asset_id": "78373437221361695333158611033231454123737262327585004303005945550584578439157", "timestamp": "1769384421396", "hash": "d531d7a9a12524c13ef3b8b42bbc9268692c1cf3", "bids": [{"price": "0.01", "size": "75.65"}, {"price": "0.02", "size": "18.15"}, {"price": "0.03", "size": "79"}, {"price": "0.04", "size": "12"}, {"price": "0.06", "size": "76.6"}], "asks": [{"price": "0.99", "size": "5916.63"}, {"price": "0.98", "size": "2200"}, {"price": "0.97", "size": "7.52"}, {"price": "0.95", "size": "30"}, {"price": "0.94", "size": "39.3"}, {"price": "0.92", "size": "700"}, {"price": "0.91", "size": "300"}, {"price": "0.9", "size": "100"}, {"price": "0.89", "size": "225"}, {"price": "0.88", "size": "10.25"}, {"price": "0.8", "size": "300"}, {"price": "0.79", "size": "100"}, {"price": "0.74", "size": "50"}, {"price": "0.73", "size": "25"}, {"price": "0.67", "size": "100"}, {"price": "0.66", "size": "20"}, {"price": "0.65", "size": "5"}, {"price": "0.36", "size": "50"}], "event_type": "book", "last_trade_price": ""}, {"market": "0x190aad2ac982a1580aa8898eff5b5145bea98410efb1c27fa48b9855b0816816", "asset_id": "57194211714856283860306967370855065883188074221115190944511787502330841713296", "timestamp": "1769384421396", "hash": "e0c79a78be880be03e0f263da8e1a12a3296f02d", "bids": [{"price": "0.01", "size": "5916.63"}, {"price": "0.02", "size": "2200"}, {"price": "0.03", "size": "7.52"}, {"price": "0.05", "size": "30"}, {"price": "0.06", "size": "39.3"}, {"price": "0.08", "size": "700"}, {"price": "0.09", "size": "300"}, {"price": "0.1", "size": "100"}, {"price": "0.11", "size": "225"}, {"price": "0.12", "size": "10.25"}, {"price": "0.2", "size": "300"}, {"price": "0.21", "size": "100"}, {"price": "0.26", "size": "50"}, {"price": "0.27", "size": "25"}, {"price": "0.33", "size": "100"}, {"price": "0.34", "size": "20"}, {"price": "0.35", "size": "5"}, {"price": "0.64", "size": "50"}], "asks": [{"price": "0.99", "size": "75.65"}, {"price": "0.98", "size": "18.15"}, {"price": "0.97", "size": "79"}, {"price": "0.96", "size": "12"}, {"price": "0.94", "size": "76.6"}], "event_type": "book", "last_trade_price": ""}, {"market": "0xd7e7300ecc03a88948a89186d7f06b1000750a7f4a0778e40566d50af9ef3147", "asset_id": "95873286255325136859944314511685433946471154050507766930211873940748656819468", "timestamp": "1769384321489", "hash": "8e5e4c3712a8642767f97491ea0d4eb8c9040eaa", "bids": [{"price": "0.01", "size": "3509.95"}, {"price": "0.02", "size": "1200"}, {"price": "0.03", "size": "10.39"}, {"price": "0.05", "size": "10"}, {"price": "0.07", "size": "1014.28"}, {"price": "0.1", "size": "340"}, {"price": "0.11", "size": "5.35"}, {"price": "0.14", "size": "778.57"}, {"price": "0.17", "size": "564.7"}, {"price": "0.21", "size": "290.46"}, {"price": "0.24", "size": "100"}, {"price": "0.28", "size": "121.42"}, {"price": "0.29", "size": "60"}, {"price": "0.43", "size": "66.66"}, {"price": "0.64", "size": "5"}, {"price": "0.65", "size": "66.66"}], "asks": [{"price": "0.99", "size": "72.92"}, {"price": "0.98", "size": "180.8"}, {"price": "0.97", "size": "15"}, {"price": "0.96", "size": "6.55"}, {"price": "0.95", "size": "160"}, {"price": "0.94", "size": "8.5"}, {"price": "0.89", "size": "42.61"}, {"price": "0.87", "size": "6.62"}, {"price": "0.8", "size": "9.99"}], "event_type": "book", "last_trade_price": ""}, {"market": "0xd7e7300ecc03a88948a89186d7f06b1000750a7f4a0778e40566d50af9ef3147", "asset_id": "99055552646623705673547483236277908448648634668240976877999861297866776043432", "timestamp": "1769384321489", "hash": "7f5cbec0e0584ce081f4ea273bfbf7dce05bf650", "bids": [{"price": "0.01", "size": "72.92"}, {"price": "0.02", "size": "180.8"}, {"price": "0.03", "size": "15"}, {"price": "0.04", "size": "6.55"}, {"price": "0.05", "size": "160"}, {"price": "0.06", "size": "8.5"}, {"price": "0.11", "size": "42.61"}, {"price": "0.13", "size": "6.62"}, {"price": "0.2", "size": "9.99"}], "asks": [{"price": "0.99", "size": "3509.95"}, {"price": "0.98", "size": "1200"}, {"price": "0.97", "size": "10.39"}, {"price": "0.95", "size": "10"}, {"price": "0.93", "size": "1014.28"}, {"price": "0.9", "size": "340"}, {"price": "0.89", "size": "5.35"}, {"price": "0.86", "size": "778.57"}, {"price": "0.83", "size": "564.7"}, {"price": "0.79", "size": "290.46"}, {"price": "0.76", "size": "100"}, {"price": "0.72", "size": "121.42"}, {"price": "0.71", "size": "60"}, {"price": "0.57", "size": "66.66"}, {"price": "0.36", "size": "5"}, {"price": "0.35", "size": "66.66"}], "event_type": "book", "last_trade_price": ""}]}
{"_local_timestamp": "2026-01-25T23:41:17.933671+00:00", "data": {"market": "0x190aad2ac982a1580aa8898eff5b5145bea98410efb1c27fa48b9855b0816816", "price_changes": [{"asset_id": "57194211714856283860306967370855065883188074221115190944511787502330841713296", "price": "0.64", "size": "70", "side": "BUY", "hash": "e93f1144c581003b94eeaa8f0d69ba4c88baf538", "best_bid": "0.64", "best_ask": "0.94"}, {"asset_id": "78373437221361695333158611033231454123737262327585004303005945550584578439157", "price": "0.36", "size": "70", "side": "SELL", "hash": "badfa21a9ad2c0390c08bb08f8c19963679ee5cd", "best_bid": "0.06", "best_ask": "0.36"}], "timestamp": "1769384477836", "event_type": "price_change"}}
{"_local_timestamp": "2026-01-25T23:42:05.337453+00:00", "data": {"market": "0xd7e7300ecc03a88948a89186d7f06b1000750a7f4a0778e40566d50af9ef3147", "price_changes": [{"asset_id": "99055552646623705673547483236277908448648634668240976877999861297866776043432", "price": "0.13", "size": "0", "side": "BUY", "hash": "2ea6460677ddc42b16b5a2b72abdae6f64a08e17", "best_bid": "0.2", "best_ask": "0.35"}, {"asset_id": "95873286255325136859944314511685433946471154050507766930211873940748656819468", "price": "0.87", "size": "0", "side": "SELL", "hash": "98b4449fa0a34bba121a4e655f5da65596abbd3b", "best_bid": "0.65", "best_ask": "0.8"}], "timestamp": "1769384525265", "event_type": "price_change"}}
{"_local_timestamp": "2026-01-25T23:42:06.430652+00:00", "data": {"market": "0xd7e7300ecc03a88948a89186d7f06b1000750a7f4a0778e40566d50af9ef3147", "price_changes": [{"asset_id": "99055552646623705673547483236277908448648634668240976877999861297866776043432", "price": "0.12", "size": "7.17", "side": "BUY", "hash": "cad35202988107b84a4f453c810009a7e211d4a8", "best_bid": "0.2", "best_ask": "0.35"}, {"asset_id": "95873286255325136859944314511685433946471154050507766930211873940748656819468", "price": "0.88", "size": "7.17", "side": "SELL", "hash": "bb00200bb9188772ce64d8161e4fa12f581adfaa", "best_bid": "0.65", "best_ask": "0.8"}], "timestamp": "1769384526366", "event_type": "price_change"}}
{"_local_timestamp": "2026-01-25T23:44:00.311243+00:00", "data": {"market": "0x190aad2ac982a1580aa8898eff5b5145bea98410efb1c27fa48b9855b0816816", "price_changes": [{"asset_id": "57194211714856283860306967370855065883188074221115190944511787502330841713296", "price": "0.36", "size": "100", "side": "BUY", "hash": "b3b1dd060b987d9d5d77798987d1a0186b16827c", "best_bid": "0.64", "best_ask": "0.94"}, {"asset_id": "78373437221361695333158611033231454123737262327585004303005945550584578439157", "price": "0.64", "size": "100", "side": "SELL", "hash": "740249f07201e38905b7d516baa997e3b0a103ad", "best_bid": "0.06", "best_ask": "0.36"}], "timestamp": "1769384640033", "event_type": "price_change"}}
{"_local_timestamp": "2026-01-25T23:44:00.321857+00:00", "data": {"market": "0x190aad2ac982a1580aa8898eff5b5145bea98410efb1c27fa48b9855b0816816", "price_changes": [{"asset_id": "57194211714856283860306967370855065883188074221115190944511787502330841713296", "price": "0.35", "size": "105", "side": "BUY", "hash": "eb39154c9dfa2c79fe6b0c7fac9a18d8abf2b9bb", "best_bid": "0.64", "best_ask": "0.94"}, {"asset_id": "78373437221361695333158611033231454123737262327585004303005945550584578439157", "price": "0.65", "size": "105", "side": "SELL", "hash": "12fc3ce749014615b0a8a2b91f2b09fad8ee60e3", "best_bid": "0.06", "best_ask": "0.36"}], "timestamp": "1769384640034", "event_type": "price_change"}}
{"_local_timestamp": "2026-01-25T23:44:01.673700+00:00", "data": {"market": "0x190aad2ac982a1580aa8898eff5b5145bea98410efb1c27fa48b9855b0816816", "price_changes": [{"asset_id": "57194211714856283860306967370855065883188074221115190944511787502330841713296", "price": "0.34", "size": "0", "side": "BUY", "hash": "27a218986616c9192df6ca2782a7b58d365de22f", "best_bid": "0.64", "best_ask": "0.94"}, {"asset_id": "78373437221361695333158611033231454123737262327585004303005945550584578439157", "price": "0.66", "size": "0", "side": "SELL", "hash": "e66266bcae14625f1eb51c1399f1227d2a90c449", "best_bid": "0.06", "best_ask": "0.36"}], "timestamp": "1769384641441", "event_type": "price_change"}}
{"_local_timestamp": "2026-01-25T23:44:01.709183+00:00", "data": {"market": "0x190aad2ac982a1580aa8898eff5b5145bea98410efb1c27fa48b9855b0816816", "price_changes": [{"asset_id": "57194211714856283860306967370855065883188074221115190944511787502330841713296", "price": "0.37", "size": "20", "side": "BUY", "hash": "725e68eaaa958a22f0c460e35cb2b1d3d7381acb", "best_bid": "0.64", "best_ask": "0.94"}, {"asset_id": "78373437221361695333158611033231454123737262327585004303005945550584578439157", "price": "0.63", "size": "20", "side": "SELL", "hash": "b2d1e5e0b7273179d4553b227fc6023f7afd1a0a", "best_bid": "0.06", "best_ask": "0.36"}], "timestamp": "1769384641474", "event_type": "price_change"}}
{"_local_timestamp": "2026-01-25T23:44:03.433291+00:00", "data": {"market": "0x190aad2ac982a1580aa8898eff5b5145bea98410efb1c27fa48b9855b0816816", "price_changes": [{"asset_id": "57194211714856283860306967370855065883188074221115190944511787502330841713296", "price": "0.09", "size": "200", "side": "BUY", "hash": "678b5e7f36ee77ec0485678f59d993125fe57429", "best_bid": "0.64", "best_ask": "0.94"}, {"asset_id": "78373437221361695333158611033231454123737262327585004303005945550584578439157", "price": "0.91", "size": "200", "side": "SELL", "hash": "8eee365716404cfe352553e61ff19bc1c1ee2db7", "best_bid": "0.06", "best_ask": "0.36"}], "timestamp": "1769384643153", "event_type": "price_change"}}
{"_local_timestamp": "2026-01-25T23:44:16.080070+00:00", "data": {"market": "0x190aad2ac982a1580aa8898eff5b5145bea98410efb1c27fa48b9855b0816816", "price_changes": [{"asset_id": "57194211714856283860306967370855065883188074221115190944511787502330841713296", "price": "0.35", "size": "5", "side": "BUY", "hash": "ecba5885ffb4004cd1555ae85e6ec2c0110eed19", "best_bid": "0.64", "best_ask": "0.94"}, {"asset_id": "78373437221361695333158611033231454123737262327585004303005945550584578439157", "price": "0.65", "size": "5", "side": "SELL", "hash": "e7c18bfc35f70e93614d4ce5892a3fd85561361d", "best_bid": "0.06", "best_ask": "0.36"}], "timestamp": "1769384655926", "event_type": "price_change"}}
