{"_local_timestamp": "2026-01-25T23:33:32.780555+00:00", "data": [{"market": "0x3f0a0a5731160db5a73bd709c961975a28c40e7f50e559abc3facf985a266024", "asset_id": "59246943125415615812321962817990565622474353716970493273087689462169824274451", "timestamp": "1769381838752", "hash": "6e25ca79afa0f6dbf7c0816e73f736932c8a8c2c", "bids": [{"price": "0.01", "size": "64.18"}, {"price": "0.02", "size": "55.96"}, {"price": "0.03", "size": "8.61"}, {"price": "0.04", "size": "58.33"}, {"price": "0.05", "size": "10.87"}, {"price": "0.09", "size": "69.43"}], "asks": [{"price": "0.99", "size": "5615.81"}, {"price": "0.98", "size": "2200"}, {"price": "0.97", "size": "9.54"}, {"price": "0.95", "size": "30"}, {"price": "0.94", "size": "33"}, {"price": "0.93", "size": "7.73"}, {"price": "0.92", "size": "1050"}, {"price": "0.88", "size": "508.33"}, {"price": "0.84", "size": "200"}, {"price": "0.83", "size": "5.95"}, {"price": "0.81", "size": "850"}, {"price": "0.79", "size": "133.33"}, {"price": "0.75", "size": "104"}, {"price": "0.71", "size": "82.75"}, {"price": "0.67", "size": "60.6"}, {"price": "0.66", "size": "105"}, {"price": "0.65", "size": "20"}, {"price": "0.59", "size": "100"}, {"price": "0.58", "size": "5"}, {"price": "0.2", "size": "10"}], "event_type": "book", "last_trade_price": ""}, {"market": "0x3f0a0a5731160db5a73bd709c961975a28c40e7f50e559abc3facf985a266024", "asset_id": "73394615263052956343158745031480156477285866340119075296363449260993535566315", "timestamp": "1769381838752", "hash": "481efc12d248bef0b295e1ffc01956f26117e0b8", "bids": [{"price": "0.01", "size": "5615.81"}, {"price": "0.02", "size": "2200"}, {"price": "0.03", "size": "9.54"}, {"price": "0.05", "size": "30"}, {"price": "0.06", "size": "33"}, {"price": "0.07", "size": "7.73"}, {"price": "0.08", "size": "1050"}, {"price": "0.12", "size": "508.33"}, {"price": "0.16", "size": "200"}, {"price": "0.17", "size": "5.95"}, {"price": "0.19", "size": "850"}, {"price": "0.21", "size": "133.33"}, {"price": "0.25", "size": "104"}, {"price": "0.29", "size": "82.75"}, {"price": "0.33", "size": "60.6"}, {"price": "0.34", "size": "105"}, {"price": "0.35", "size": "20"}, {"price": "0.41", "size": "100"}, {"price": "0.42", "size": "5"}, {"price": "0.8", "size": "10"}], "asks": [{"price": "0.99", "size": "64.18"}, {"price": "0.98", "size": "55.96"}, {"price": "0.97", "size": "8.61"}, {"price": "0.96", "size": "58.33"}, {"price": "0.95", "size": "10.87"}, {"price": "0.91", "size": "69.43"}], "event_type": "book", "last_trade_price": ""}, {"market": "0x462ab115b37bc0bf5d95870612dc64056c18a0c70595baf6743cb7e411d81888", "asset_id": "63140740428716707280026056975794084854010610423100519220636578559614000754781", "timestamp": "1769383674962", "hash": "c53fdfed471b2896c2f1edfbcf238516614ce0eb", "bids": [{"price": "0.01", "size": "5909.9"}, {"price": "0.02", "size": "2200"}, {"price": "0.03", "size": "6.93"}, {"price": "0.05", "size": "30"}, {"price": "0.06", "size": "33"}, {"price": "0.07", "size": "514.28"}, {"price": "0.08", "size": "8.66"}, {"price": "0.11", "size": "534.09"}, {"price": "0.14", "size": "228.57"}, {"price": "0.18", "size": "155.55"}, {"price": "0.22", "size": "118.18"}, {"price": "0.25", "size": "96"}, {"price": "0.26", "size": "48"}, {"price": "0.29", "size": "68.96"}, {"price": "0.34", "size": "100"}, {"price": "0.67", "size": "4"}], "asks": [{"price": "0.99", "size": "78.56"}, {"price": "0.98", "size": "41.41"}, {"price": "0.97", "size": "10.56"}, {"price": "0.96", "size": "20"}, {"price": "0.95", "size": "10.2"}, {"price": "0.92", "size": "156.09"}, {"price": "0.91", "size": "9.84"}, {"price": "0.85", "size": "6.66"}, {"price": "0.84", "size": "66.66"}], "event_type": "book", "last_trade_price": ""}, {"market": "0x462ab115b37bc0bf5d95870612dc64056c18a0c70595baf6743cb7e411d81888", "asset_id": "105321160396462293788614833458065210845968292785218816650564562543689863738555", "timestamp": "1769383674962", "hash": "6c46956fb56d4008ae519a027ece518f4cee05bb", "bids": [{"price": "0.01", "size": "78.56"}, {"price": "0.02", "size": "41.41"}, {"price": "0.03", "size": "10.56"}, {"price": "0.04", "size": "20"}, {"price": "0.05", "size": "10.2"}, {"price": "0.08", "size": "156.09"}, {"price": "0.09", "size": "9.84"}, {"price": "0.15", "size": "6.66"}, {"price": "0.16", "size": "66.66"}], "asks": [{"price": "0.99", "size": "5909.9"}, {"price": "0.98", "size": "2200"}, {"price": "0.97", "size": "6.93"}, {"price": "0.95", "size": "30"}, {"price": "0.94", "size": "33"}, {"price": "0.93", "size": "514.28"}, {"price": "0.92", "size": "8.66"}, {"price": "0.89", "size": "534.09"}, {"price": "0.86", "size": "228.57"}, {"price": "0.82", "size": "155.55"}, {"price": "0.78", "size": "118.18"}, {"price": "0.75", "size": "96"}, {"price": "0.74", "size": "48"}, {"price": "0.71", "size": "68.96"}, {"price": "0.66", "size": "100"}, {"price": "0.33", "size": "4"}], "event_type": "book", "last_trade_price": ""}]}
{"_local_timestamp": "2026-01-25T23:35:23.097617+00:00", "data": {"market": "0x462ab115b37bc0bf5d95870612dc64056c18a0c70595baf6743cb7e411d81888", "price_changes": [{"asset_id": "105321160396462293788614833458065210845968292785218816650564562543689863738555", "price": "0.08", "size": "136.09", "side": "BUY", "hash": "7a32ff16461ad146c3ab9afa40e6d16457e9d811", "best_bid": "0.16", "best_ask": "0.33"}, {"asset_id": "63140740428716707280026056975794084854010610423100519220636578559614000754781", "price": "0.92", "size": "136.09", "side": "SELL", "hash": "4051fa8c763db312418ad722d93bbc7ba37d10a2", "best_bid": "0.67", "best_ask": "0.84"}], "timestamp": "1769384123003", "event_type": "price_change"}}
{"_local_timestamp": "2026-01-25T23:35:25.068918+00:00", "data": {"market": "0x462ab115b37bc0bf5d95870612dc64056c18a0c70595baf6743cb7e411d81888", "price_changes": [{"asset_id": "105321160396462293788614833458065210845968292785218816650564562543689863738555", "price": "0.08", "size": "156.09", "side": "BUY", "hash": "fe82355701252dfec8863d2673d44fcde2adbfad", "best_bid": "0.16", "best_ask": "0.33"}, {"asset_id": "63140740428716707280026056975794084854010610423100519220636578559614000754781", "price": "0.92", "size": "156.09", "side": "SELL", "hash": "edf0efb2df3cd8905e747b935001977084e5dfd9", "best_bid": "0.67", "best_ask": "0.84"}], "timestamp": "1769384124966", "event_type": "price_change"}}
