{"_local_timestamp": "2026-01-25T23:33:32.781532+00:00", "data": [{"market": "0x9256274410a5fa5d9332cdc42b6898cdc27186c79792bb3dbf609153a433bd05", "asset_id": "14582545730228428482912971347572544281875999426839094041667501419038246618585", "timestamp": "1769381605124", "hash": "946da2c056af48de3df03cff1b50af5f9974c974", "bids": [{"price": "0.01", "size": "78.01"}, {"price": "0.02", "size": "35.04"}, {"price": "0.05", "size": "30"}, {"price": "0.06", "size": "53"}, {"price": "0.07", "size": "6.85"}, {"price": "0.08", "size": "82.76"}, {"price": "0.09", "size": "66.66"}, {"price": "0.11", "size": "59.09"}, {"price": "0.12", "size": "5.88"}, {"price": "0.18", "size": "71.66"}], "asks": [{"price": "0.99", "size": "80.19"}, {"price": "0.98", "size": "23.83"}, {"price": "0.96", "size": "66.66"}, {"price": "0.95", "size": "20"}, {"price": "0.94", "size": "6.46"}, {"price": "0.93", "size": "103"}, {"price": "0.91", "size": "83.31"}], "event_type": "book", "last_trade_price": ""}, {"market": "0x9735676a9c6bc3ee63496bfbe27c5f222d02463c41aa7f7a4e3b645f79cfa29c", "asset_id": "51139697479054469944236132595348770797766976112763062697989474877845630491882", "timestamp": "1769383747652", "hash": "1f984ddbc696225b9069ca78125327da7c846c14", "bids": [{"price": "0.01", "size": "74.96"}, {"price": "0.02", "size": "7.68"}, {"price": "0.03", "size": "12"}, {"price": "0.04", "size": "9"}, {"price": "0.05", "size": "10"}, {"price": "0.06", "size": "66.66"}, {"price": "0.07", "size": "5.76"}, {"price": "0.09", "size": "11.1"}, {"price": "0.11", "size": "71.66"}], "asks": [{"price": "0.99", "size": "86.15"}, {"price": "0.98", "size": "18.25"}, {"price": "0.97", "size": "20"}, {"price": "0.96", "size": "8.41"}, {"price": "0.95", "size": "30"}, {"price": "0.94", "size": "104.83"}, {"price": "0.93", "size": "53"}, {"price": "0.92", "size": "9.91"}, {"price": "0.88", "size": "79.99"}], "event_type": "book", "last_trade_price": ""}, {"market": "0x9256274410a5fa5d9332cdc42b6898cdc27186c79792bb3dbf609153a433bd05", "asset_id": "100483443247041044563874634953278400972311005965822139457018312114391318359850", "timestamp": "1769381605124", "hash": "e0ff2f7371ac72df0f15ef8c6ee0304bf3817f75", "bids": [{"price": "0.01", "size": "80.19"}, {"price": "0.02", "size": "23.83"}, {"price": "0.04", "size": "66.66"}, {"price": "0.05", "size": "20"}, {"price": "0.06", "size": "6.46"}, {"price": "0.07", "size": "103"}, {"price": "0.09", "size": "83.31"}], "asks": [{"price": "0.99", "size": "78.01"}, {"price": "0.98", "size": "35.04"}, {"price": "0.95", "size": "30"}, {"price": "0.94", "size": "53"}, {"price": "0.93", "size": "6.85"}, {"price": "0.92", "size": "82.76"}, {"price": "0.91", "size": "66.66"}, {"price": "0.89", "size": "59.09"}, {"price": "0.88", "size": "5.88"}, {"price": "0.82", "size": "71.66"}], "event_type": "book", "last_trade_price": ""}, {"market": "0x9735676a9c6bc3ee63496bfbe27c5f222d02463c41aa7f7a4e3b645f79cfa29c", "asset_id": "69541728889474243559228458257667024729753704232262882473518688610039296438225", "timestamp": "1769383747652", "hash": "a42cb90c68f1fdc8d7f22e304422f6939d387521", "bids": [{"price": "0.01", "size": "86.15"}, {"price": "0.02", "size": "18.25"}, {"price": "0.03", "size": "20"}, {"price": "0.04", "size": "8.41"}, {"price": "0.05", "size": "30"}, {"price": "0.06", "size": "104.83"}, {"price": "0.07", "size": "53"}, {"price": "0.08", "size": "9.91"}, {"price": "0.12", "size": "79.99"}], "asks": [{"price": "0.99", "size": "74.96"}, {"price": "0.98", "size": "7.68"}, {"price": "0.97", "size": "12"}, {"price": "0.96", "size": "9"}, {"price": "0.95", "size": "10"}, {"price": "0.94", "size": "66.66"}, {"price": "0.93", "size": "5.76"}, {"price": "0.91", "size": "11.1"}, {"price": "0.89", "size": "71.66"}], "event_type": "book", "last_trade_price": ""}]}
{"_local_timestamp": "2026-01-25T23:34:35.859573+00:00", "data": {"market": "0x9735676a9c6bc3ee63496bfbe27c5f222d02463c41aa7f7a4e3b645f79cfa29c", "price_changes": [{"asset_id": "51139697479054469944236132595348770797766976112763062697989474877845630491882", "price": "0.04", "size": "0", "side": "BUY", "hash": "5aa03d1fd87e04d4d8a24fdf7eb9f3d18e34d189", "best_bid": "0.11", "best_ask": "0.88"}, {"asset_id": "69541728889474243559228458257667024729753704232262882473518688610039296438225", "price": "0.96", "size": "0", "side": "SELL", "hash": "d56084d6fae388e0ee11bdb388ae8221aea49b63", "best_bid": "0.12", "best_ask": "0.89"}], "timestamp": "1769384075795", "event_type": "price_change"}}
{"_local_timestamp": "2026-01-25T23:34:36.283066+00:00", "data": {"market": "0x9735676a9c6bc3ee63496bfbe27c5f222d02463c41aa7f7a4e3b645f79cfa29c", "price_changes": [{"asset_id": "51139697479054469944236132595348770797766976112763062697989474877845630491882", "price": "0.04", "size": "9", "side": "BUY", "hash": "a9778aa4df3f0719a7dcaf5f8f8ef7c204f3ac9c", "best_bid": "0.11", "best_ask": "0.88"}, {"asset_id": "69541728889474243559228458257667024729753704232262882473518688610039296438225", "price": "0.96", "size": "9", "side": "SELL", "hash": "a03e102fc7751b3c10bc53f7458c48c6301aef5d", "best_bid": "0.12", "best_ask": "0.89"}], "timestamp": "1769384076213", "event_type": "price_change"}}
