{"_local_timestamp": "2026-01-25T23:33:32.781479+00:00", "data": [{"market": "0xbd72208a4ceea9fde59f3a42d2f4c5c78bd7cc05c4fada7fe60f877d2fee6dc9", "asset_id": "62507379773479884700055231011175851702393160133306303553772239765673251895405", "timestamp": "1769383763697", "hash": "f7fc26b9d2da57509c88fd5e335e5e5489635a87", "bids": [{"price": "0.01", "size": "64.26"}, {"price": "0.02", "size": "13.45"}, {"price": "0.03", "size": "20"}, {"price": "0.04", "size": "6.21"}, {"price": "0.05", "size": "30"}, {"price": "0.06", "size": "22.33"}, {"price": "0.08", "size": "77.76"}, {"price": "0.09", "size": "50"}, {"price": "0.1", "size": "8.36"}, {"price": "0.17", "size": "5.88"}, {"price": "0.18", "size": "50"}], "asks": [{"price": "0.99", "size": "71.89"}, {"price": "0.98", "size": "19.75"}, {"price": "0.96", "size": "12"}, {"price": "0.95", "size": "20"}, {"price": "0.94", "size": "33"}, {"price": "0.93", "size": "16"}, {"price": "0.92", "size": "6.9"}, {"price": "0.9", "size": "66.66"}, {"price": "0.82", "size": "5"}, {"price": "0.81", "size": "5.26"}, {"price": "0.8", "size": "66.66"}], "event_type": "book", "last_trade_price": ""}, {"market": "0xf0e2374e59f471eee1ee40d64dc1ae7c8dde26c0c32eb638078466699ef2d82c", "asset_id": "78419272772718591259707392529286143999585002153698629120311127484109129703126", "timestamp": "1769383835484", "hash": "2d8aa0d7fa7fe099a019c23cbdd74b0bded72a60", "bids": [{"price": "0.01", "size": "2580.45"}, {"price": "0.02", "size": "805.81"}, {"price": "0.03", "size": "14.01"}, {"price": "0.05", "size": "30"}, {"price": "0.06", "size": "33"}, {"price": "0.08", "size": "206.44"}, {"price": "0.1", "size": "1000"}, {"price": "0.13", "size": "66.66"}, {"price": "0.14", "size": "25.78"}, {"price": "0.18", "size": "62"}, {"price": "0.25", "size": "150"}, {"price": "0.26", "size": "66.66"}], "asks": [{"price": "0.99", "size": "80.23"}, {"price": "0.98", "size": "39.44"}, {"price": "0.97", "size": "7.94"}, {"price": "0.96", "size": "66.66"}, {"price": "0.95", "size": "9.94"}, {"price": "0.91", "size": "77.76"}], "event_type": "book", "last_trade_price": ""}, {"market": "0xbd72208a4ceea9fde59f3a42d2f4c5c78bd7cc05c4fada7fe60f877d2fee6dc9", "asset_id": "110513625685552508307985945547975220111251271956311568244995722139152190564594", "timestamp": "1769383763697", "hash": "bfe2f9e61222fe2cf3447380574817a853601024", "bids": [{"price": "0.01", "size": "71.89"}, {"price": "0.02", "size": "19.75"}, {"price": "0.04", "size": "12"}, {"price": "0.05", "size": "20"}, {"price": "0.06", "size": "33"}, {"price": "0.07", "size": "16"}, {"price": "0.08", "size": "6.9"}, {"price": "0.1", "size": "66.66"}, {"price": "0.18", "size": "5"}, {"price": "0.19", "size": "5.26"}, {"price": "0.2", "size": "66.66"}], "asks": [{"price": "0.99", "size": "64.26"}, {"price": "0.98", "size": "13.45"}, {"price": "0.97", "size": "20"}, {"price": "0.96", "size": "6.21"}, {"price": "0.95", "size": "30"}, {"price": "0.94", "size": "22.33"}, {"price": "0.92", "size": "77.76"}, {"price": "0.91", "size": "50"}, {"price": "0.9", "size": "8.36"}, {"price": "0.83", "size": "5.88"}, {"price": "0.82", "size": "50"}], "event_type": "book", "last_trade_price": ""}, {"market": "0xf0e2374e59f471eee1ee40d64dc1ae7c8dde26c0c32eb638078466699ef2d82c", "asset_id": "43764112353863682805544905924472270465691576141147046888871842356360994964279", "timestamp": "1769383835484", "hash": "7a151cf103d000aca5553d1ae9d500fdee99510b", "bids": [{"price": "0.01", "size": "80.23"}, {"price": "0.02", "size": "39.44"}, {"price": "0.03", "size": "7.94"}, {"price": "0.04", "size": "66.66"}, {"price": "0.05", "size": "9.94"}, {"price": "0.09", "size": "77.76"}], "asks": [{"price": "0.99", "size": "2580.45"}, {"price": "0.98", "size": "805.81"}, {"price": "0.97", "size": "14.01"}, {"price": "0.95", "size": "30"}, {"price": "0.94", "size": "33"}, {"price": "0.92", "size": "206.44"}, {"price": "0.9", "size": "1000"}, {"price": "0.87", "size": "66.66"}, {"price": "0.86", "size": "25.78"}, {"price": "0.82", "size": "62"}, {"price": "0.75", "size": "150"}, {"price": "0.74", "size": "66.66"}], "event_type": "book", "last_trade_price": ""}]}
{"_local_timestamp": "2026-01-25T23:33:33.788196+00:00", "data": {"market": "0xbd72208a4ceea9fde59f3a42d2f4c5c78bd7cc05c4fada7fe60f877d2fee6dc9", "price_changes": [{"asset_id": "110513625685552508307985945547975220111251271956311568244995722139152190564594", "price": "0.18", "size": "0", "side": "BUY", "hash": "7c14d4843eed3cd39f11554ffc01b77a76947d83", "best_bid": "0.2", "best_ask": "0.82"}, {"asset_id": "62507379773479884700055231011175851702393160133306303553772239765673251895405", "price": "0.82", "size": "0", "side": "SELL", "hash": "49d6616666b5f6834b4d04f5da34e08f4e7c6528", "best_bid": "0.18", "best_ask": "0.8"}], "timestamp": "1769384013714", "event_type": "price_change"}}
{"_local_timestamp": "2026-01-25T23:33:34.181071+00:00", "data": {"market": "0xbd72208a4ceea9fde59f3a42d2f4c5c78bd7cc05c4fada7fe60f877d2fee6dc9", "price_changes": [{"asset_id": "110513625685552508307985945547975220111251271956311568244995722139152190564594", "price": "0.18", "size": "5", "side": "BUY", "hash": "fd5ed54e5dd6250ff274cdff4fb7f3efcca4e1ee", "best_bid": "0.2", "best_ask": "0.82"}, {"asset_id": "62507379773479884700055231011175851702393160133306303553772239765673251895405", "price": "0.82", "size": "5", "side": "SELL", "hash": "9cb24c26b7bf6ef64ea638d6b313f103cebe606e", "best_bid": "0.18", "best_ask": "0.8"}], "timestamp": "1769384014109", "event_type": "price_change"}}
{"_local_timestamp": "2026-01-25T23:34:23.565342+00:00", "data": {"market": "0xf0e2374e59f471eee1ee40d64dc1ae7c8dde26c0c32eb638078466699ef2d82c", "price_changes": [{"asset_id": "78419272772718591259707392529286143999585002153698629120311127484109129703126", "price": "0.08", "size": "200", "side": "BUY", "hash": "818b635cd3542963eb1d824147400671c81b4b35", "best_bid": "0.26", "best_ask": "0.91"}, {"asset_id": "43764112353863682805544905924472270465691576141147046888871842356360994964279", "price": "0.92", "size": "200", "side": "SELL", "hash": "165376074e372274c911a01e23558461c5b9e7fa", "best_bid": "0.09", "best_ask": "0.74"}], "timestamp": "1769384063312", "event_type": "price_change"}}
{"_local_timestamp": "2026-01-25T23:34:23.926245+00:00", "data": {"market": "0xf0e2374e59f471eee1ee40d64dc1ae7c8dde26c0c32eb638078466699ef2d82c", "price_changes": [{"asset_id": "78419272772718591259707392529286143999585002153698629120311127484109129703126", "price": "0.07", "size": "7.37", "side": "BUY", "hash": "3bf64e0d4ee811f72b9bb9c4b66c63eddf1e91a0", "best_bid": "0.26", "best_ask": "0.91"}, {"asset_id": "43764112353863682805544905924472270465691576141147046888871842356360994964279", "price": "0.93", "size": "7.37", "side": "SELL", "hash": "9d583e9d5f77a4df6f8ce684507aaf7a03a48165", "best_bid": "0.09", "best_ask": "0.74"}], "timestamp": "1769384063705", "event_type": "price_change"}}
{"_local_timestamp": "2026-01-25T23:35:02.984099+00:00", "data": {"market": "0xbd72208a4ceea9fde59f3a42d2f4c5c78bd7cc05c4fada7fe60f877d2fee6dc9", "price_changes": [{"asset_id": "110513625685552508307985945547975220111251271956311568244995722139152190564594", "price": "0.18", "size": "0", "side": "BUY", "hash": "8c7dc32c4dab50d9d6ec66696e926f1b172fb975", "best_bid": "0.2", "best_ask": "0.82"}, {"asset_id": "62507379773479884700055231011175851702393160133306303553772239765673251895405", "price": "0.82", "size": "0", "side": "SELL", "hash": "06122b8d3a5e9f0606a88eff89ba2a26c34b5d96", "best_bid": "0.18", "best_ask": "0.8"}], "timestamp": "1769384102906", "event_type": "price_change"}}
{"_local_timestamp": "2026-01-25T23:35:03.363610+00:00", "data": {"market": "0xbd72208a4ceea9fde59f3a42d2f4c5c78bd7cc05c4fada7fe60f877d2fee6dc9", "price_changes": [{"asset_id": "110513625685552508307985945547975220111251271956311568244995722139152190564594", "price": "0.18", "size": "5", "side": "BUY", "hash": "29bf8ce16ee35fcf286922c625698bdeb71d8e82", "best_bid": "0.2", "best_ask": "0.82"}, {"asset_id": "62507379773479884700055231011175851702393160133306303553772239765673251895405", "price": "0.82", "size": "5", "side": "SELL", "hash": "db9bc324497411eb88b5c32e47c1a31cdee36d19", "best_bid": "0.18", "best_ask": "0.8"}], "timestamp": "1769384103282", "event_type": "price_change"}}
{"_local_timestamp": "2026-01-25T23:35:55.017175+00:00", "data": {"market": "0xbd72208a4ceea9fde59f3a42d2f4c5c78bd7cc05c4fada7fe60f877d2fee6dc9", "price_changes": [{"asset_id": "110513625685552508307985945547975220111251271956311568244995722139152190564594", "price": "0.18", "size": "0", "side": "BUY", "hash": "d4a42d5c11574eae790866c4ee97208cc9789e12", "best_bid": "0.2", "best_ask": "0.82"}, {"asset_id": "62507379773479884700055231011175851702393160133306303553772239765673251895405", "price": "0.82", "size": "0", "side": "SELL", "hash": "c96665d0cf45c8395cb0fe1dd97d4ba6db9295ee", "best_bid": "0.18", "best_ask": "0.8"}], "timestamp": "1769384154938", "event_type": "price_change"}}
{"_local_timestamp": "2026-01-25T23:35:55.374926+00:00", "data": {"market": "0xbd72208a4ceea9fde59f3a42d2f4c5c78bd7cc05c4fada7fe60f877d2fee6dc9", "price_changes": [{"asset_id": "110513625685552508307985945547975220111251271956311568244995722139152190564594", "price": "0.18", "size": "5", "side": "BUY", "hash": "6b844ae9ce8cc1d417cf871df0a0a4c661fb2577", "best_bid": "0.2", "best_ask": "0.82"}, {"asset_id": "62507379773479884700055231011175851702393160133306303553772239765673251895405", "price": "0.82", "size": "5", "side": "SELL", "hash": "0d091d4af83155df8de8102182ee4de7b974eab2", "best_bid": "0.18", "best_ask": "0.8"}], "timestamp": "1769384155297", "event_type": "price_change"}}
{"_local_timestamp": "2026-01-25T23:36:24.419146+00:00", "data": {"market": "0xbd72208a4ceea9fde59f3a42d2f4c5c78bd7cc05c4fada7fe60f877d2fee6dc9", "price_changes": [{"asset_id": "110513625685552508307985945547975220111251271956311568244995722139152190564594", "price": "0.18", "size": "0", "side": "BUY", "hash": "f145d29c37b8749740af2711d7e1ac361399ce2d", "best_bid": "0.2", "best_ask": "0.82"}, {"asset_id": "62507379773479884700055231011175851702393160133306303553772239765673251895405", "price": "0.82", "size": "0", "side": "SELL", "hash": "5a4a253f58a39c51d31755387454bad628c8a8ac", "best_bid": "0.18", "best_ask": "0.8"}], "timestamp": "1769384184351", "event_type": "price_change"}}
{"_local_timestamp": "2026-01-25T23:36:24.775860+00:00", "data": {"market": "0xbd72208a4ceea9fde59f3a42d2f4c5c78bd7cc05c4fada7fe60f877d2fee6dc9", "price_changes": [{"asset_id": "110513625685552508307985945547975220111251271956311568244995722139152190564594", "price": "0.18", "size": "5", "side": "BUY", "hash": "6e8b5fe15b532f3da95f627bdf42a7fee5a77d2f", "best_bid": "0.2", "best_ask": "0.82"}, {"asset_id": "62507379773479884700055231011175851702393160133306303553772239765673251895405", "price": "0.82", "size": "5", "side": "SELL", "hash": "a1f3b0742f231fda7762fd7210b7ecea2fb3e4d5", "best_bid": "0.18", "best_ask": "0.8"}], "timestamp": "1769384184709", "event_type": "price_change"}}
{"_local_timestamp": "2026-01-25T23:36:50.315300+00:00", "data": {"market": "0xbd72208a4ceea9fde59f3a42d2f4c5c78bd7cc05c4fada7fe60f877d2fee6dc9", "price_changes": [{"asset_id": "110513625685552508307985945547975220111251271956311568244995722139152190564594", "price": "0.18", "size": "0", "side": "BUY", "hash": "749fbbe8c93e7534c8222bf0d3320212b41daab4", "best_bid": "0.2", "best_ask": "0.82"}, {"asset_id": "62507379773479884700055231011175851702393160133306303553772239765673251895405", "price": "0.82", "size": "0", "side": "SELL", "hash": "8cf466d228a4e0c6e20cb71f56ee0a033491de6b", "best_bid": "0.18", "best_ask": "0.8"}], "timestamp": "1769384210246", "event_type": "price_change"}}
{"_local_timestamp": "2026-01-25T23:36:50.654707+00:00", "data": {"market": "0xbd72208a4ceea9fde59f3a42d2f4c5c78bd7cc05c4fada7fe60f877d2fee6dc9", "price_changes": [{"asset_id": "110513625685552508307985945547975220111251271956311568244995722139152190564594", "price": "0.18", "size": "5", "side": "BUY", "hash": "e260b530578be4634fa77dbdce80964a1749bb14", "best_bid": "0.2", "best_ask": "0.82"}, {"asset_id": "62507379773479884700055231011175851702393160133306303553772239765673251895405", "price": "0.82", "size": "5", "side": "SELL", "hash": "b845f157e087ecde58daa4ace669a53f844ca270", "best_bid": "0.18", "best_ask": "0.8"}], "timestamp": "1769384210586", "event_type": "price_change"}}
{"_local_timestamp": "2026-01-25T23:37:15.116085+00:00", "data": {"market": "0xbd72208a4ceea9fde59f3a42d2f4c5c78bd7cc05c4fada7fe60f877d2fee6dc9", "price_changes": [{"asset_id": "110513625685552508307985945547975220111251271956311568244995722139152190564594", "price": "0.18", "size": "0", "side": "BUY", "hash": "c0218774ddc59c001c6ae2083cd9cb89b9c0618d", "best_bid": "0.2", "best_ask": "0.82"}, {"asset_id": "62507379773479884700055231011175851702393160133306303553772239765673251895405", "price": "0.82", "size": "0", "side": "SELL", "hash": "243646f3dde3379834d0c74d9ab9fd943fadd8f9", "best_bid": "0.18", "best_ask": "0.8"}], "timestamp": "1769384235044", "event_type": "price_change"}}
{"_local_timestamp": "2026-01-25T23:37:15.581676+00:00", "data": {"market": "0xbd72208a4ceea9fde59f3a42d2f4c5c78bd7cc05c4fada7fe60f877d2fee6dc9", "price_changes": [{"asset_id": "110513625685552508307985945547975220111251271956311568244995722139152190564594", "price": "0.18", "size": "5", "side": "BUY", "hash": "dc59f138f68fc01735ec853dde65aaa9c6f55e18", "best_bid": "0.2", "best_ask": "0.82"}, {"asset_id": "62507379773479884700055231011175851702393160133306303553772239765673251895405", "price": "0.82", "size": "5", "side": "SELL", "hash": "e3c7d9edbdf4839227e9a0ec15ea3eed40e0e4d4", "best_bid": "0.18", "best_ask": "0.8"}], "timestamp": "1769384235513", "event_type": "price_change"}}
