{"_local_timestamp": "2026-01-25T23:33:24.380711+00:00", "data": [{"market": "0x51cc0614ea1f7bec1578cc308d2514e2d2cbe0501707bba7f0eea17652956e44", "asset_id": "47244521176243504831320010374030626206943608425325384795080723420898313839532", "timestamp": "1769383775810", "hash": "338d598c6b3094f4a48b1654b273ad3f980fd61d", "bids": [{"price": "0.01", "size": "4009.76"}, {"price": "0.02", "size": "1750"}, {"price": "0.03", "size": "10.2"}, {"price": "0.04", "size": "750"}, {"price": "0.05", "size": "250"}, {"price": "0.08", "size": "450"}, {"price": "0.09", "size": "22"}, {"price": "0.1", "size": "100"}, {"price": "0.11", "size": "5.42"}, {"price": "0.12", "size": "283.33"}, {"price": "0.17", "size": "188.23"}, {"price": "0.2", "size": "100"}, {"price": "0.21", "size": "183.33"}, {"price": "0.25", "size": "104"}, {"price": "0.27", "size": "50"}, {"price": "0.29", "size": "82.75"}, {"price": "0.33", "size": "60.6"}, {"price": "0.34", "size": "716"}, {"price": "0.35", "size": "71.42"}, {"price": "0.45", "size": "555"}, {"price": "0.56", "size": "444"}, {"price": "0.67", "size": "19.4"}, {"price": "0.68", "size": "16.17"}, {"price": "0.7", "size": "5973.82"}, {"price": "0.72", "size": "336.25"}, {"price": "0.73", "size": "250"}, {"price": "0.74", "size": "27.8"}, {"price": "0.75", "size": "105"}], "asks": [{"price": "0.99", "size": "32768"}, {"price": "0.98", "size": "11949.77"}, {"price": "0.97", "size": "500"}, {"price": "0.96", "size": "2556.17"}, {"price": "0.95", "size": "100"}, {"price": "0.94", "size": "250"}, {"price": "0.92", "size": "512"}, {"price": "0.91", "size": "560.75"}, {"price": "0.9", "size": "100"}, {"price": "0.89", "size": "118.18"}, {"price": "0.88", "size": "91.66"}, {"price": "0.87", "size": "100"}, {"price": "0.84", "size": "3999.97"}, {"price": "0.83", "size": "5820"}, {"price": "0.82", "size": "85"}, {"price": "0.81", "size": "31.98"}], "event_type": "book", "last_trade_price": ""}, {"market": "0x51cc0614ea1f7bec1578cc308d2514e2d2cbe0501707bba7f0eea17652956e44", "asset_id": "10776578084439550181526173165818979034936800182797800156144227188229495479910", "timestamp": "1769383775810", "hash": "b41bfabdfc9802be57d7fea059f510c0effb3e6b", "bids": [{"price": "0.01", "size": "32768"}, {"price": "0.02", "size": "11949.77"}, {"price": "0.03", "size": "500"}, {"price": "0.04", "size": "2556.17"}, {"price": "0.05", "size": "100"}, {"price": "0.06", "size": "250"}, {"price": "0.08", "size": "512"}, {"price": "0.09", "size": "560.75"}, {"price": "0.1", "size": "100"}, {"price": "0.11", "size": "118.18"}, {"price": "0.12", "size": "91.66"}, {"price": "0.13", "size": "100"}, {"price": "0.16", "size": "3999.97"}, {"price": "0.17", "size": "5820"}, {"price": "0.18", "size": "85"}, {"price": "0.19", "size": "31.98"}], "asks": [{"price": "0.99", "size": "4009.76"}, {"price": "0.98", "size": "1750"}, {"price": "0.97", "size": "10.2"}, {"price": "0.96", "size": "750"}, {"price": "0.95", "size": "250"}, {"price": "0.92", "size": "450"}, {"price": "0.91", "size": "22"}, {"price": "0.9", "size": "100"}, {"price": "0.89", "size": "5.42"}, {"price": "0.88", "size": "283.33"}, {"price": "0.83", "size": "188.23"}, {"price": "0.8", "size": "100"}, {"price": "0.79", "size": "183.33"}, {"price": "0.75", "size": "104"}, {"price": "0.73", "size": "50"}, {"price": "0.71", "size": "82.75"}, {"price": "0.67", "size": "60.6"}, {"price": "0.66", "size": "716"}, {"price": "0.65", "size": "71.42"}, {"price": "0.55", "size": "555"}, {"price": "0.44", "size": "444"}, {"price": "0.33", "size": "19.4"}, {"price": "0.32", "size": "16.17"}, {"price": "0.3", "size": "5973.82"}, {"price": "0.28", "size": "336.25"}, {"price": "0.27", "size": "250"}, {"price": "0.26", "size": "27.8"}, {"price": "0.25", "size": "105"}], "event_type": "book", "last_trade_price": ""}]}
{"_local_timestamp": "2026-01-25T23:33:39.170898+00:00", "data": {"market": "0x51cc0614ea1f7bec1578cc308d2514e2d2cbe0501707bba7f0eea17652956e44", "price_changes": [{"asset_id": "10776578084439550181526173165818979034936800182797800156144227188229495479910", "price": "0.26", "size": "0", "side": "SELL", "hash": "6c78bf1380394af19db546ef7a4432ea5e3f100f", "best_bid": "0.19", "best_ask": "0.25"}, {"asset_id": "47244521176243504831320010374030626206943608425325384795080723420898313839532", "price": "0.74", "size": "0", "side": "BUY", "hash": "6d7d1b6a006d6d59422af2d53e35c47b5f5734bd", "best_bid": "0.75", "best_ask": "0.81"}], "timestamp": "1769384019098", "event_type": "price_change"}}
{"_local_timestamp": "2026-01-25T23:33:52.159899+00:00", "data": {"market": "0x51cc0614ea1f7bec1578cc308d2514e2d2cbe0501707bba7f0eea17652956e44", "price_changes": [{"asset_id": "10776578084439550181526173165818979034936800182797800156144227188229495479910", "price": "0.26", "size": "13.9", "side": "SELL", "hash": "270dc0f338c67ef049b82dc778641058f97d1a9d", "best_bid": "0.19", "best_ask": "0.25"}, {"asset_id": "47244521176243504831320010374030626206943608425325384795080723420898313839532", "price": "0.74", "size": "13.9", "side": "BUY", "hash": "617eafae999982863354c27629ee8f16bda7e925", "best_bid": "0.75", "best_ask": "0.81"}], "timestamp": "1769384032092", "event_type": "price_change"}}
{"_local_timestamp": "2026-01-25T23:33:52.161386+00:00", "data": {"market": "0x51cc0614ea1f7bec1578cc308d2514e2d2cbe0501707bba7f0eea17652956e44", "price_changes": [{"asset_id": "10776578084439550181526173165818979034936800182797800156144227188229495479910", "price": "0.26", "size": "27.8", "side": "SELL", "hash": "0d6de84a694f05ba4e460dc11aec07ea1849c379", "best_bid": "0.19", "best_ask": "0.25"}, {"asset_id": "47244521176243504831320010374030626206943608425325384795080723420898313839532", "price": "0.74", "size": "27.8", "side": "BUY", "hash": "11b38ab161c56ce60e7f51549832b3f6fdc8767b", "best_bid": "0.75", "best_ask": "0.81"}], "timestamp": "1769384032092", "event_type": "price_change"}}
{"_local_timestamp": "2026-01-25T23:35:31.348926+00:00", "data": {"market": "0x51cc0614ea1f7bec1578cc308d2514e2d2cbe0501707bba7f0eea17652956e44", "price_changes": [{"asset_id": "10776578084439550181526173165818979034936800182797800156144227188229495479910", "price": "0.18", "size": "36", "side": "BUY", "hash": "74913bc4e20219cdfd8bfc4b31e5a3dd352ae361", "best_bid": "0.19", "best_ask": "0.25"}, {"asset_id": "47244521176243504831320010374030626206943608425325384795080723420898313839532", "price": "0.82", "size": "36", "side": "SELL", "hash": "b8fc78156507df2021e6e33467a4244c93778382", "best_bid": "0.75", "best_ask": "0.81"}], "timestamp": "1769384131244", "event_type": "price_change"}}
{"_local_timestamp": "2026-01-25T23:36:31.916024+00:00", "data": {"market": "0x51cc0614ea1f7bec1578cc308d2514e2d2cbe0501707bba7f0eea17652956e44", "price_changes": [{"asset_id": "10776578084439550181526173165818979034936800182797800156144227188229495479910", "price": "0.18", "size": "85", "side": "BUY", "hash": "89baa18fc91f9ff77f79d3bc9d9d7536c32f3c89", "best_bid": "0.19", "best_ask": "0.25"}, {"asset_id": "47244521176243504831320010374030626206943608425325384795080723420898313839532", "price": "0.82", "size": "85", "side": "SELL", "hash": "40c8a694e16ec0a7f028c04c0152f4a4957f0d9e", "best_bid": "0.75", "best_ask": "0.81"}], "timestamp": "1769384191843", "event_type": "price_change"}}
{"_local_timestamp": "2026-01-25T23:38:01.988277+00:00", "data": {"market": "0x51cc0614ea1f7bec1578cc308d2514e2d2cbe0501707bba7f0eea17652956e44", "price_changes": [{"asset_id": "10776578084439550181526173165818979034936800182797800156144227188229495479910", "price": "0.26", "size": "0", "side": "SELL", "hash": "da49bc5461f02af1d645ff16073ec5332044dc01", "best_bid": "0.19", "best_ask": "0.25"}, {"asset_id": "47244521176243504831320010374030626206943608425325384795080723420898313839532", "price": "0.74", "size": "0", "side": "BUY", "hash": "0dd1352c1a39b27a36e308b402942713d424ffa4", "best_bid": "0.75", "best_ask": "0.81"}], "timestamp": "1769384281919", "event_type": "price_change"}}
