{"_local_timestamp": "2026-01-25T23:41:07.714297+00:00", "data": [{"market": "0x3ef91f30a2747ddf7569a00ac8e98b783ed883dc317b7ce7c1d9d7cf8abaaaa4", "asset_id": "53278208813065717614334685705159077956149366574908426524098128705222746079163", "timestamp": "1769384461428", "hash": "0beace3cebc0d6ba5b138fd4c0121f1940c70c9e", "bids": [{"price": "0.01", "size": "1074.92"}, {"price": "0.02", "size": "656.72"}, {"price": "0.03", "size": "12.18"}, {"price": "0.04", "size": "3529.29"}, {"price": "0.05", "size": "710"}, {"price": "0.06", "size": "1058.66"}, {"price": "0.07", "size": "53.35"}, {"price": "0.09", "size": "10"}, {"price": "0.1", "size": "4471.01"}, {"price": "0.11", "size": "2441.13"}, {"price": "0.12", "size": "356.18"}], "asks": [{"price": "0.99", "size": "5912.18"}, {"price": "0.98", "size": "1512"}, {"price": "0.97", "size": "6685"}, {"price": "0.96", "size": "133.68"}, {"price": "0.95", "size": "30"}, {"price": "0.92", "size": "32"}, {"price": "0.91", "size": "600"}, {"price": "0.9", "size": "6.31"}, {"price": "0.88", "size": "3050"}, {"price": "0.86", "size": "242.85"}, {"price": "0.85", "size": "1066"}, {"price": "0.84", "size": "8"}, {"price": "0.81", "size": "168.42"}, {"price": "0.8", "size": "400"}, {"price": "0.79", "size": "860"}, {"price": "0.78", "size": "100"}, {"price": "0.77", "size": "121.73"}, {"price": "0.74", "size": "126.56"}, {"price": "0.73", "size": "100"}, {"price": "0.72", "size": "1990.85"}, {"price": "0.71", "size": "6"}, {"price": "0.67", "size": "72.72"}, {"price": "0.64", "size": "64"}, {"price": "0.63", "size": "179.05"}, {"price": "0.48", "size": "32"}, {"price": "0.44", "size": "300"}, {"price": "0.32", "size": "16"}, {"price": "0.3", "size": "12"}, {"price": "0.24", "size": "8"}, {"price": "0.21", "size": "16.45"}, {"price": "0.2", "size": "13.75"}, {"price": "0.18", "size": "15.62"}, {"price": "0.16", "size": "1131.1"}, {"price": "0.15", "size": "794"}, {"price": "0.14", "size": "2032.1"}, {"price": "0.13", "size": "145.29"}], "event_type": "book", "last_trade_price": "0.120"}, {"market": "0x3ef91f30a2747ddf7569a00ac8e98b783ed883dc317b7ce7c1d9d7cf8abaaaa4", "asset_id": "39342171144861816896992253440408377265010285664347210041520694491243996062356", "timestamp": "1769384461428", "hash": "b0a42dfb586c9019a912885f16696480946ff313", "bids": [{"price": "0.01", "size": "5912.18"}, {"price": "0.02", "size": "1512"}, {"price": "0.03", "size": "6685"}, {"price": "0.04", "size": "133.68"}, {"price": "0.05", "size": "30"}, {"price": "0.08", "size": "32"}, {"price": "0.09", "size": "600"}, {"price": "0.1", "size": "6.31"}, {"price": "0.12", "size": "3050"}, {"price": "0.14", "size": "242.85"}, {"price": "0.15", "size": "1066"}, {"price": "0.16", "size": "8"}, {"price": "0.19", "size": "168.42"}, {"price": "0.2", "size": "400"}, {"price": "0.21", "size": "860"}, {"price": "0.22", "size": "100"}, {"price": "0.23", "size": "121.73"}, {"price": "0.26", "size": "126.56"}, {"price": "0.27", "size": "100"}, {"price": "0.28", "size": "1990.85"}, {"price": "0.29", "size": "6"}, {"price": "0.33", "size": "72.72"}, {"price": "0.36", "size": "64"}, {"price": "0.37", "size": "179.05"}, {"price": "0.52", "size": "32"}, {"price": "0.56", "size": "300"}, {"price": "0.68", "size": "16"}, {"price": "0.7", "size": "12"}, {"price": "0.76", "size": "8"}, {"price": "0.79", "size": "16.45"}, {"price": "0.8", "size": "13.75"}, {"price": "0.82", "size": "15.62"}, {"price": "0.84", "size": "1131.1"}, {"price": "0.85", "size": "794"}, {"price": "0.86", "size": "2032.1"}, {"price": "0.87", "size": "145.29"}], "asks": [{"price": "0.99", "size": "1074.92"}, {"price": "0.98", "size": "656.72"}, {"price": "0.97", "size": "12.18"}, {"price": "0.96", "size": "3529.29"}, {"price": "0.95", "size": "710"}, {"price": "0.94", "size": "1058.66"}, {"price": "0.93", "size": "53.35"}, {"price": "0.91", "size": "10"}, {"price": "0.9", "size": "4471.01"}, {"price": "0.89", "size": "2441.13"}, {"price": "0.88", "size": "356.18"}], "event_type": "book", "last_trade_price": "0.120"}, {"market": "0x3d181539539db729c9a7d64ca6a8408e9bcfe3f0a1b34006b3080b83251abc42", "asset_id": "101527543003282261838304487852594777993929946270122190382925629741608625516752", "timestamp": "1769384466351", "hash": "71eba088b8f375083d8fbe147d546737db81af14", "bids": [{"price": "0.01", "size": "472.1"}, {"price": "0.02", "size": "422.1"}, {"price": "0.03", "size": "32228.34"}, {"price": "0.04", "size": "3111.53"}, {"price": "0.05", "size": "1982.41"}], "asks": [{"price": "0.99", "size": "5222.18"}, {"price": "0.98", "size": "1912"}, {"price": "0.97", "size": "250"}, {"price": "0.96", "size": "133.68"}, {"price": "0.95", "size": "30"}, {"price": "0.92", "size": "32"}, {"price": "0.91", "size": "900"}, {"price": "0.9", "size": "6.3"}, {"price": "0.87", "size": "2856"}, {"price": "0.86", "size": "242.85"}, {"price": "0.84", "size": "8"}, {"price": "0.81", "size": "168.42"}, {"price": "0.8", "size": "1250"}, {"price": "0.79", "size": "200"}, {"price": "0.76", "size": "116.66"}, {"price": "0.71", "size": "89.65"}, {"price": "0.7", "size": "1500"}, {"price": "0.67", "size": "72.72"}, {"price": "0.66", "size": "1864"}, {"price": "0.65", "size": "5"}, {"price": "0.64", "size": "61"}, {"price": "0.62", "size": "127.63"}, {"price": "0.48", "size": "64"}, {"price": "0.32", "size": "32"}, {"price": "0.24", "size": "16"}, {"price": "0.2", "size": "155.15"}, {"price": "0.13", "size": "200"}, {"price": "0.1", "size": "442"}, {"price": "0.09", "size": "1936.7"}, {"price": "0.08", "size": "2666.5"}, {"price": "0.07", "size": "246.42"}], "event_type": "book", "last_trade_price": "0.930"}, {"market": "0x3d181539539db729c9a7d64ca6a8408e9bcfe3f0a1b34006b3080b83251abc42", "asset_id": "7143227515027765990730848799554396540608061035800749058233095831982546139677", "timestamp": "1769384466351", "hash": "92a16edb306953fcafe7e598f832750d6f0b5990", "bids": [{"price": "0.01", "size": "5222.18"}, {"price": "0.02", "size": "1912"}, {"price": "0.03", "size": "250"}, {"price": "0.04", "size": "133.68"}, {"price": "0.05", "size": "30"}, {"price": "0.08", "size": "32"}, {"price": "0.09", "size": "900"}, {"price": "0.1", "size": "6.3"}, {"price": "0.13", "size": "2856"}, {"price": "0.14", "size": "242.85"}, {"price": "0.16", "size": "8"}, {"price": "0.19", "size": "168.42"}, {"price": "0.2", "size": "1250"}, {"price": "0.21", "size": "200"}, {"price": "0.24", "size": "116.66"}, {"price": "0.29", "size": "89.65"}, {"price": "0.3", "size": "1500"}, {"price": "0.33", "size": "72.72"}, {"price": "0.34", "size": "1864"}, {"price": "0.35", "size": "5"}, {"price": "0.36", "size": "61"}, {"price": "0.38", "size": "127.63"}, {"price": "0.52", "size": "64"}, {"price": "0.68", "size": "32"}, {"price": "0.76", "size": "16"}, {"price": "0.8", "size": "155.15"}, {"price": "0.87", "size": "200"}, {"price": "0.9", "size": "442"}, {"price": "0.91", "size": "1936.7"}, {"price": "0.92", "size": "2666.5"}, {"price": "0.93", "size": "246.42"}], "asks": [{"price": "0.99", "size": "472.1"}, {"price": "0.98", "size": "422.1"}, {"price": "0.97", "size": "32228.34"}, {"price": "0.96", "size": "3111.53"}, {"price": "0.95", "size": "1982.41"}], "event_type": "book", "last_trade_price": "0.930"}]}
{"_local_timestamp": "2026-01-25T23:41:07.837579+00:00", "data": {"market": "0x3d181539539db729c9a7d64ca6a8408e9bcfe3f0a1b34006b3080b83251abc42", "price_changes": [{"asset_id": "101527543003282261838304487852594777993929946270122190382925629741608625516752", "price": "0.03", "size": "32220.96", "side": "BUY", "hash": "29e62171d8cf2d49c58f0b37dd4282b1c0d10c48", "best_bid": "0.05", "best_ask": "0.07"}, {"asset_id": "7143227515027765990730848799554396540608061035800749058233095831982546139677", "price": "0.97", "size": "32220.96", "side": "SELL", "hash": "5a3e3001d1b7e298fd996ee68b39ee6fce2ebfcf", "best_bid": "0.93", "best_ask": "0.95"}], "timestamp": "1769384467755", "event_type": "price_change"}}
{"_local_timestamp": "2026-01-25T23:41:08.196064+00:00", "data": {"market": "0x3d181539539db729c9a7d64ca6a8408e9bcfe3f0a1b34006b3080b83251abc42", "price_changes": [{"asset_id": "101527543003282261838304487852594777993929946270122190382925629741608625516752", "price": "0.03", "size": "32228.34", "side": "BUY", "hash": "932f892cb2abaa8b2da8f20714d0d449ee134271", "best_bid": "0.05", "best_ask": "0.07"}, {"asset_id": "7143227515027765990730848799554396540608061035800749058233095831982546139677", "price": "0.97", "size": "32228.34", "side": "SELL", "hash": "5c45e1b521a7745cb42c7e55bc1800df2781e46a", "best_bid": "0.93", "best_ask": "0.95"}], "timestamp": "1769384468128", "event_type": "price_change"}}
{"_local_timestamp": "2026-01-25T23:41:09.565701+00:00", "data": {"market": "0x3d181539539db729c9a7d64ca6a8408e9bcfe3f0a1b34006b3080b83251abc42", "price_changes": [{"asset_id": "7143227515027765990730848799554396540608061035800749058233095831982546139677", "price": "0.36", "size": "56", "side": "BUY", "hash": "83ee9ea90c6e54e346f8ea9f410b05c2ce583b9b", "best_bid": "0.93", "best_ask": "0.95"}, {"asset_id": "101527543003282261838304487852594777993929946270122190382925629741608625516752", "price": "0.64", "size": "56", "side": "SELL", "hash": "0ad9d7b24bce7380a6a79e4dbc72ff0c8edcc4fd", "best_bid": "0.05", "best_ask": "0.07"}], "timestamp": "1769384469487", "event_type": "price_change"}}
{"_local_timestamp": "2026-01-25T23:41:09.567866+00:00", "data": {"market": "0x3d181539539db729c9a7d64ca6a8408e9bcfe3f0a1b34006b3080b83251abc42", "price_changes": [{"asset_id": "101527543003282261838304487852594777993929946270122190382925629741608625516752", "price": "0.03", "size": "32220.96", "side": "BUY", "hash": "674bf01b4de0077377350afe91d924b31dd6d746", "best_bid": "0.05", "best_ask": "0.07"}, {"asset_id": "7143227515027765990730848799554396540608061035800749058233095831982546139677", "price": "0.97", "size": "32220.96", "side": "SELL", "hash": "e478b2498d317d68f137ecc8e94df741fbe00cd4", "best_bid": "0.93", "best_ask": "0.95"}], "timestamp": "1769384469487", "event_type": "price_change"}}
{"_local_timestamp": "2026-01-25T23:41:09.647013+00:00", "data": {"market": "0x3d181539539db729c9a7d64ca6a8408e9bcfe3f0a1b34006b3080b83251abc42", "price_changes": [{"asset_id": "7143227515027765990730848799554396540608061035800749058233095831982546139677", "price": "0.21", "size": "100", "side": "BUY", "hash": "892f468cafb73bfab467ad450aa0c4cbe2739a5f", "best_bid": "0.93", "best_ask": "0.95"}, {"asset_id": "101527543003282261838304487852594777993929946270122190382925629741608625516752", "price": "0.79", "size": "100", "side": "SELL", "hash": "8a30b9acfbb4fae8126575d346a818c4d6db5389", "best_bid": "0.05", "best_ask": "0.07"}], "timestamp": "1769384469551", "event_type": "price_change"}}
{"_local_timestamp": "2026-01-25T23:41:09.911391+00:00", "data": {"market": "0x3d181539539db729c9a7d64ca6a8408e9bcfe3f0a1b34006b3080b83251abc42", "price_changes": [{"asset_id": "7143227515027765990730848799554396540608061035800749058233095831982546139677", "price": "0.24", "size": "216.66", "side": "BUY", "hash": "09ae041b184541514e50f0c7cd729dad64eca824", "best_bid": "0.93", "best_ask": "0.95"}, {"asset_id": "101527543003282261838304487852594777993929946270122190382925629741608625516752", "price": "0.76", "size": "216.66", "side": "SELL", "hash": "ba11d32814f01816a5feff8a61765c8b5a831c1f", "best_bid": "0.05", "best_ask": "0.07"}], "timestamp": "1769384469805", "event_type": "price_change"}}
{"_local_timestamp": "2026-01-25T23:41:09.941890+00:00", "data": {"market": "0x3d181539539db729c9a7d64ca6a8408e9bcfe3f0a1b34006b3080b83251abc42", "price_changes": [{"asset_id": "7143227515027765990730848799554396540608061035800749058233095831982546139677", "price": "0.36", "size": "61", "side": "BUY", "hash": "bb51c29a327de47fc4e8122e2ffadb7d568925e2", "best_bid": "0.93", "best_ask": "0.95"}, {"asset_id": "101527543003282261838304487852594777993929946270122190382925629741608625516752", "price": "0.64", "size": "61", "side": "SELL", "hash": "51bbffe9f8deeb2ae99ad6f55900abb9119c3938", "best_bid": "0.05", "best_ask": "0.07"}], "timestamp": "1769384469866", "event_type": "price_change"}}
{"_local_timestamp": "2026-01-25T23:41:09.948650+00:00", "data": {"market": "0x3d181539539db729c9a7d64ca6a8408e9bcfe3f0a1b34006b3080b83251abc42", "price_changes": [{"asset_id": "101527543003282261838304487852594777993929946270122190382925629741608625516752", "price": "0.03", "size": "32228.34", "side": "BUY", "hash": "6afda05e8e1ac2a9e1ef590d011e998c8ca6cfe7", "best_bid": "0.05", "best_ask": "0.07"}, {"asset_id": "7143227515027765990730848799554396540608061035800749058233095831982546139677", "price": "0.97", "size": "32228.34", "side": "SELL", "hash": "89e5b911c5e6332eda76a3c4ed09cc99a4c8ef1f", "best_bid": "0.93", "best_ask": "0.95"}], "timestamp": "1769384469867", "event_type": "price_change"}}
{"_local_timestamp": "2026-01-25T23:41:11.103283+00:00", "data": {"market": "0x3d181539539db729c9a7d64ca6a8408e9bcfe3f0a1b34006b3080b83251abc42", "price_changes": [{"asset_id": "101527543003282261838304487852594777993929946270122190382925629741608625516752", "price": "0.03", "size": "32220.96", "side": "BUY", "hash": "e755626e91b434213f7cdb0cb8be468c478409e2", "best_bid": "0.05", "best_ask": "0.07"}, {"asset_id": "7143227515027765990730848799554396540608061035800749058233095831982546139677", "price": "0.97", "size": "32220.96", "side": "SELL", "hash": "6c048a0c4e043c5187a8021743a39d7010de2780", "best_bid": "0.93", "best_ask": "0.95"}], "timestamp": "1769384470994", "event_type": "price_change"}}
{"_local_timestamp": "2026-01-25T23:41:11.516466+00:00", "data": {"market": "0x3d181539539db729c9a7d64ca6a8408e9bcfe3f0a1b34006b3080b83251abc42", "price_changes": [{"asset_id": "101527543003282261838304487852594777993929946270122190382925629741608625516752", "price": "0.03", "size": "32228.34", "side": "BUY", "hash": "8a77a42b837b97f8b22860303894bc2d13f44d4d", "best_bid": "0.05", "best_ask": "0.07"}, {"asset_id": "7143227515027765990730848799554396540608061035800749058233095831982546139677", "price": "0.97", "size": "32228.34", "side": "SELL", "hash": "5d448d22ee1540d440731824605792b736b4037d", "best_bid": "0.93", "best_ask": "0.95"}], "timestamp": "1769384471423", "event_type": "price_change"}}
{"_local_timestamp": "2026-01-25T23:41:11.960457+00:00", "data": {"market": "0x3d181539539db729c9a7d64ca6a8408e9bcfe3f0a1b34006b3080b83251abc42", "price_changes": [{"asset_id": "101527543003282261838304487852594777993929946270122190382925629741608625516752", "price": "0.03", "size": "32220.96", "side": "BUY", "hash": "cb7b99b81e4124b19dadb3db75ea634b13d0c778", "best_bid": "0.05", "best_ask": "0.07"}, {"asset_id": "7143227515027765990730848799554396540608061035800749058233095831982546139677", "price": "0.97", "size": "32220.96", "side": "SELL", "hash": "c6d6fbc0cc80f8f2081eee25442d8b73b1f79008", "best_bid": "0.93", "best_ask": "0.95"}], "timestamp": "1769384471891", "event_type": "price_change"}}
{"_local_timestamp": "2026-01-25T23:41:12.393823+00:00", "data": {"market": "0x3d181539539db729c9a7d64ca6a8408e9bcfe3f0a1b34006b3080b83251abc42", "price_changes": [{"asset_id": "101527543003282261838304487852594777993929946270122190382925629741608625516752", "price": "0.03", "size": "32228.34", "side": "BUY", "hash": "3153337e9f572fd21b24d2ed147710d1198de47a", "best_bid": "0.05", "best_ask": "0.07"}, {"asset_id": "7143227515027765990730848799554396540608061035800749058233095831982546139677", "price": "0.97", "size": "32228.34", "side": "SELL", "hash": "49139490590a7218f3fd4b323962f62d8bb6c6f0", "best_bid": "0.93", "best_ask": "0.95"}], "timestamp": "1769384472315", "event_type": "price_change"}}
{"_local_timestamp": "2026-01-25T23:41:13.936823+00:00", "data": {"market": "0x3d181539539db729c9a7d64ca6a8408e9bcfe3f0a1b34006b3080b83251abc42", "price_changes": [{"asset_id": "101527543003282261838304487852594777993929946270122190382925629741608625516752", "price": "0.03", "size": "32220.96", "side": "BUY", "hash": "e4f9f1e99b0748e6d1ebc1e6e4212721743456ea", "best_bid": "0.05", "best_ask": "0.07"}, {"asset_id": "7143227515027765990730848799554396540608061035800749058233095831982546139677", "price": "0.97", "size": "32220.96", "side": "SELL", "hash": "e78cdd5f00f54d076eee9da38a990fac420f20cd", "best_bid": "0.93", "best_ask": "0.95"}], "timestamp": "1769384473860", "event_type": "price_change"}}
{"_local_timestamp": "2026-01-25T23:41:14.246136+00:00", "data": {"market": "0x3d181539539db729c9a7d64ca6a8408e9bcfe3f0a1b34006b3080b83251abc42", "price_changes": [{"asset_id": "101527543003282261838304487852594777993929946270122190382925629741608625516752", "price": "0.03", "size": "32228.34", "side": "BUY", "hash": "e43c1517953ede4b03729a8de33bfb8cec2ae0ed", "best_bid": "0.05", "best_ask": "0.07"}, {"asset_id": "7143227515027765990730848799554396540608061035800749058233095831982546139677", "price": "0.97", "size": "32228.34", "side": "SELL", "hash": "065b01f07cb9da3ad64d66dbddbf98ba9030578a", "best_bid": "0.93", "best_ask": "0.95"}], "timestamp": "1769384474164", "event_type": "price_change"}}
{"_local_timestamp": "2026-01-25T23:41:14.287617+00:00", "data": {"market": "0x3ef91f30a2747ddf7569a00ac8e98b783ed883dc317b7ce7c1d9d7cf8abaaaa4", "price_changes": [{"asset_id": "53278208813065717614334685705159077956149366574908426524098128705222746079163", "price": "0.13", "size": "174.47", "side": "SELL", "hash": "6cbf73e9eadb5da6ec397630d088db517703d06c", "best_bid": "0.12", "best_ask": "0.13"}, {"asset_id": "39342171144861816896992253440408377265010285664347210041520694491243996062356", "price": "0.87", "size": "174.47", "side": "BUY", "hash": "49c87d2ade7a24688237648981c5fe7a1cfb24de", "best_bid": "0.87", "best_ask": "0.88"}], "timestamp": "1769384474189", "event_type": "price_change"}}
{"_local_timestamp": "2026-01-25T23:41:14.288457+00:00", "data": {"market": "0x3ef91f30a2747ddf7569a00ac8e98b783ed883dc317b7ce7c1d9d7cf8abaaaa4", "price_changes": [{"asset_id": "53278208813065717614334685705159077956149366574908426524098128705222746079163", "price": "0.13", "size": "203.65", "side": "SELL", "hash": "70ab7b939cdc709d8448971ba1c72dcb8dc005bf", "best_bid": "0.12", "best_ask": "0.13"}, {"asset_id": "39342171144861816896992253440408377265010285664347210041520694491243996062356", "price": "0.87", "size": "203.65", "side": "BUY", "hash": "88e27de58e8b19096d8244d4eb5dfc83c16a3078", "best_bid": "0.87", "best_ask": "0.88"}], "timestamp": "1769384474190", "event_type": "price_change"}}
{"_local_timestamp": "2026-01-25T23:41:14.295004+00:00", "data": {"market": "0x3ef91f30a2747ddf7569a00ac8e98b783ed883dc317b7ce7c1d9d7cf8abaaaa4", "price_changes": [{"asset_id": "53278208813065717614334685705159077956149366574908426524098128705222746079163", "price": "0.13", "size": "232.83", "side": "SELL", "hash": "abf5fb68fde6afefcb61820b73fefaf433e67b6b", "best_bid": "0.12", "best_ask": "0.13"}, {"asset_id": "39342171144861816896992253440408377265010285664347210041520694491243996062356", "price": "0.87", "size": "232.83", "side": "BUY", "hash": "f03a85301e684067e3704e4e01cc70240db461eb", "best_bid": "0.87", "best_ask": "0.88"}], "timestamp": "1769384474191", "event_type": "price_change"}}
{"_local_timestamp": "2026-01-25T23:41:14.707656+00:00", "data": {"market": "0x3d181539539db729c9a7d64ca6a8408e9bcfe3f0a1b34006b3080b83251abc42", "price_changes": [{"asset_id": "7143227515027765990730848799554396540608061035800749058233095831982546139677", "price": "0.3", "size": "100", "side": "BUY", "hash": "7b19f20ffeef33ad6da60fc2c261764051d52c26", "best_bid": "0.93", "best_ask": "0.95"}, {"asset_id": "101527543003282261838304487852594777993929946270122190382925629741608625516752", "price": "0.7", "size": "100", "side": "SELL", "hash": "5792b817329f61df880e1b7f1e41453ec4331389", "best_bid": "0.05", "best_ask": "0.07"}], "timestamp": "1769384474537", "event_type": "price_change"}}
{"_local_timestamp": "2026-01-25T23:41:15.157060+00:00", "data": {"market": "0x3ef91f30a2747ddf7569a00ac8e98b783ed883dc317b7ce7c1d9d7cf8abaaaa4", "price_changes": [{"asset_id": "53278208813065717614334685705159077956149366574908426524098128705222746079163", "price": "0.13", "size": "248.87", "side": "SELL", "hash": "3734dff0085a7da5a7ae508371d31bebbee04252", "best_bid": "0.12", "best_ask": "0.13"}, {"asset_id": "39342171144861816896992253440408377265010285664347210041520694491243996062356", "price": "0.87", "size": "248.87", "side": "BUY", "hash": "b087e7609324d506fc5a7a471e4d0d2d2d51b2f7", "best_bid": "0.87", "best_ask": "0.88"}], "timestamp": "1769384475078", "event_type": "price_change"}}
{"_local_timestamp": "2026-01-25T23:41:15.291349+00:00", "data": {"market": "0x3d181539539db729c9a7d64ca6a8408e9bcfe3f0a1b34006b3080b83251abc42", "price_changes": [{"asset_id": "101527543003282261838304487852594777993929946270122190382925629741608625516752", "price": "0.03", "size": "32220.96", "side": "BUY", "hash": "b3dd759d26f6772180e6db134467a00915d9042a", "best_bid": "0.05", "best_ask": "0.07"}, {"asset_id": "7143227515027765990730848799554396540608061035800749058233095831982546139677", "price": "0.97", "size": "32220.96", "side": "SELL", "hash": "5c5748d4da5c9bb30313ff8fac6071944cf60b90", "best_bid": "0.93", "best_ask": "0.95"}], "timestamp": "1769384475219", "event_type": "price_change"}}
{"_local_timestamp": "2026-01-25T23:41:15.620317+00:00", "data": {"market": "0x3d181539539db729c9a7d64ca6a8408e9bcfe3f0a1b34006b3080b83251abc42", "price_changes": [{"asset_id": "101527543003282261838304487852594777993929946270122190382925629741608625516752", "price": "0.03", "size": "32228.34", "side": "BUY", "hash": "585570b3107c879a24f351dd3fbe518f41e63e52", "best_bid": "0.05", "best_ask": "0.07"}, {"asset_id": "7143227515027765990730848799554396540608061035800749058233095831982546139677", "price": "0.97", "size": "32228.34", "side": "SELL", "hash": "5d3f414e01af259b43b8985c3703185a76c26ac4", "best_bid": "0.93", "best_ask": "0.95"}], "timestamp": "1769384475540", "event_type": "price_change"}}
{"_local_timestamp": "2026-01-25T23:41:17.189958+00:00", "data": {"market": "0x3d181539539db729c9a7d64ca6a8408e9bcfe3f0a1b34006b3080b83251abc42", "price_changes": [{"asset_id": "7143227515027765990730848799554396540608061035800749058233095831982546139677", "price": "0.25", "size": "1680", "side": "BUY", "hash": "2cdb42370cbaba9348f05b291556244f9a901170", "best_bid": "0.93", "best_ask": "0.95"}, {"asset_id": "101527543003282261838304487852594777993929946270122190382925629741608625516752", "price": "0.75", "size": "1680", "side": "SELL", "hash": "463679a0d72365a05829b83b11d2bb81dbdbd225", "best_bid": "0.05", "best_ask": "0.07"}], "timestamp": "1769384477094", "event_type": "price_change"}}
{"_local_timestamp": "2026-01-25T23:41:17.431860+00:00", "data": {"market": "0x3d181539539db729c9a7d64ca6a8408e9bcfe3f0a1b34006b3080b83251abc42", "price_changes": [{"asset_id": "101527543003282261838304487852594777993929946270122190382925629741608625516752", "price": "0.03", "size": "32220.96", "side": "BUY", "hash": "afa0f517b8ddeef2a56a144bcbdfef56a5cf5840", "best_bid": "0.05", "best_ask": "0.07"}, {"asset_id": "7143227515027765990730848799554396540608061035800749058233095831982546139677", "price": "0.97", "size": "32220.96", "side": "SELL", "hash": "64f9f4f86e26122784652e570699f7d9998159bb", "best_bid": "0.93", "best_ask": "0.95"}], "timestamp": "1769384477363", "event_type": "price_change"}}
{"_local_timestamp": "2026-01-25T23:41:17.916504+00:00", "data": {"market": "0x3d181539539db729c9a7d64ca6a8408e9bcfe3f0a1b34006b3080b83251abc42", "price_changes": [{"asset_id": "101527543003282261838304487852594777993929946270122190382925629741608625516752", "price": "0.03", "size": "32228.34", "side": "BUY", "hash": "93cb9072a00b081cfe31b2bfc9d960068882105e", "best_bid": "0.05", "best_ask": "0.07"}, {"asset_id": "7143227515027765990730848799554396540608061035800749058233095831982546139677", "price": "0.97", "size": "32228.34", "side": "SELL", "hash": "939329576d38d85a07a536170388cfad6bfb6ae6", "best_bid": "0.93", "best_ask": "0.95"}], "timestamp": "1769384477786", "event_type": "price_change"}}
{"_local_timestamp": "2026-01-25T23:41:19.065970+00:00", "data": {"market": "0x3d181539539db729c9a7d64ca6a8408e9bcfe3f0a1b34006b3080b83251abc42", "price_changes": [{"asset_id": "7143227515027765990730848799554396540608061035800749058233095831982546139677", "price": "0.36", "size": "56", "side": "BUY", "hash": "695497d2b456ebf4783da2101adc6bc0cfe55c4b", "best_bid": "0.93", "best_ask": "0.95"}, {"asset_id": "101527543003282261838304487852594777993929946270122190382925629741608625516752", "price": "0.64", "size": "56", "side": "SELL", "hash": "863ff36167e3d3891df353909f331cc18dbbcb68", "best_bid": "0.05", "best_ask": "0.07"}], "timestamp": "1769384478992", "event_type": "price_change"}}
{"_local_timestamp": "2026-01-25T23:41:19.067605+00:00", "data": {"market": "0x3d181539539db729c9a7d64ca6a8408e9bcfe3f0a1b34006b3080b83251abc42", "price_changes": [{"asset_id": "101527543003282261838304487852594777993929946270122190382925629741608625516752", "price": "0.03", "size": "32220.96", "side": "BUY", "hash": "66e1c33dbe742fb9ec8bf7bb587654c429220a43", "best_bid": "0.05", "best_ask": "0.07"}, {"asset_id": "7143227515027765990730848799554396540608061035800749058233095831982546139677", "price": "0.97", "size": "32220.96", "side": "SELL", "hash": "cfd3b74e09cd32c31a4aec436d76018736a2bb6e", "best_bid": "0.93", "best_ask": "0.95"}], "timestamp": "1769384478993", "event_type": "price_change"}}
{"_local_timestamp": "2026-01-25T23:41:19.549493+00:00", "data": {"market": "0x3d181539539db729c9a7d64ca6a8408e9bcfe3f0a1b34006b3080b83251abc42", "price_changes": [{"asset_id": "101527543003282261838304487852594777993929946270122190382925629741608625516752", "price": "0.03", "size": "32228.34", "side": "BUY", "hash": "7b30bb8bafdfc845524cadf9a1f4deb1218f8073", "best_bid": "0.05", "best_ask": "0.07"}, {"asset_id": "7143227515027765990730848799554396540608061035800749058233095831982546139677", "price": "0.97", "size": "32228.34", "side": "SELL", "hash": "695b6939cb8ad5676b5029361aab8b37feb823f3", "best_bid": "0.93", "best_ask": "0.95"}], "timestamp": "1769384479481", "event_type": "price_change"}}
{"_local_timestamp": "2026-01-25T23:41:19.551764+00:00", "data": {"market": "0x3d181539539db729c9a7d64ca6a8408e9bcfe3f0a1b34006b3080b83251abc42", "price_changes": [{"asset_id": "7143227515027765990730848799554396540608061035800749058233095831982546139677", "price": "0.36", "size": "61", "side": "BUY", "hash": "801310b4049a958d143f1d679321af27761aa2bd", "best_bid": "0.93", "best_ask": "0.95"}, {"asset_id": "101527543003282261838304487852594777993929946270122190382925629741608625516752", "price": "0.64", "size": "61", "side": "SELL", "hash": "3eb0758350a2994b26736ac664f28e7c54aa40a9", "best_bid": "0.05", "best_ask": "0.07"}], "timestamp": "1769384479482", "event_type": "price_change"}}
{"_local_timestamp": "2026-01-25T23:41:20.844572+00:00", "data": {"market": "0x3d181539539db729c9a7d64ca6a8408e9bcfe3f0a1b34006b3080b83251abc42", "price_changes": [{"asset_id": "101527543003282261838304487852594777993929946270122190382925629741608625516752", "price": "0.03", "size": "32220.96", "side": "BUY", "hash": "fd529e91c8903b7014f5930ffe581871e4a3be90", "best_bid": "0.05", "best_ask": "0.07"}, {"asset_id": "7143227515027765990730848799554396540608061035800749058233095831982546139677", "price": "0.97", "size": "32220.96", "side": "SELL", "hash": "c256e435879be0303b76b24bc057fc2351f2fb9d", "best_bid": "0.93", "best_ask": "0.95"}], "timestamp": "1769384480769", "event_type": "price_change"}}
{"_local_timestamp": "2026-01-25T23:41:21.249238+00:00", "data": {"market": "0x3d181539539db729c9a7d64ca6a8408e9bcfe3f0a1b34006b3080b83251abc42", "price_changes": [{"asset_id": "101527543003282261838304487852594777993929946270122190382925629741608625516752", "price": "0.03", "size": "32228.34", "side": "BUY", "hash": "b69162d88abde365b3053068da2515dacba1c027", "best_bid": "0.05", "best_ask": "0.07"}, {"asset_id": "7143227515027765990730848799554396540608061035800749058233095831982546139677", "price": "0.97", "size": "32228.34", "side": "SELL", "hash": "bb07d238fb5e01e49e9b9d635a3edbc55192cfdd", "best_bid": "0.93", "best_ask": "0.95"}], "timestamp": "1769384481167", "event_type": "price_change"}}
{"_local_timestamp": "2026-01-25T23:41:22.813932+00:00", "data": {"market": "0x3d181539539db729c9a7d64ca6a8408e9bcfe3f0a1b34006b3080b83251abc42", "price_changes": [{"asset_id": "101527543003282261838304487852594777993929946270122190382925629741608625516752", "price": "0.03", "size": "32220.96", "side": "BUY", "hash": "914178ee492feeeedeab7c2cf1c417d269f51540", "best_bid": "0.05", "best_ask": "0.07"}, {"asset_id": "7143227515027765990730848799554396540608061035800749058233095831982546139677", "price": "0.97", "size": "32220.96", "side": "SELL", "hash": "3122fd405b548f4323f6bd8eddc65c28faec3d6e", "best_bid": "0.93", "best_ask": "0.95"}], "timestamp": "1769384482744", "event_type": "price_change"}}
{"_local_timestamp": "2026-01-25T23:41:23.166328+00:00", "data": {"market": "0x3d181539539db729c9a7d64ca6a8408e9bcfe3f0a1b34006b3080b83251abc42", "price_changes": [{"asset_id": "101527543003282261838304487852594777993929946270122190382925629741608625516752", "price": "0.03", "size": "32228.34", "side": "BUY", "hash": "3bbcff8a7830099289a24f427cf69e22a982d74d", "best_bid": "0.05", "best_ask": "0.07"}, {"asset_id": "7143227515027765990730848799554396540608061035800749058233095831982546139677", "price": "0.97", "size": "32228.34", "side": "SELL", "hash": "3670b5a403acbe5a33a5e100c71e8ccfd944badc", "best_bid": "0.93", "best_ask": "0.95"}], "timestamp": "1769384483073", "event_type": "price_change"}}
{"_local_timestamp": "2026-01-25T23:41:24.113994+00:00", "data": {"market": "0x3d181539539db729c9a7d64ca6a8408e9bcfe3f0a1b34006b3080b83251abc42", "price_changes": [{"asset_id": "101527543003282261838304487852594777993929946270122190382925629741608625516752", "price": "0.03", "size": "32220.96", "side": "BUY", "hash": "33910905d14865c9ace7da6b862afb12add6b988", "best_bid": "0.05", "best_ask": "0.07"}, {"asset_id": "7143227515027765990730848799554396540608061035800749058233095831982546139677", "price": "0.97", "size": "32220.96", "side": "SELL", "hash": "1bf2bcaad5e4d242b0242e3da8911085894f60da", "best_bid": "0.93", "best_ask": "0.95"}], "timestamp": "1769384484032", "event_type": "price_change"}}
{"_local_timestamp": "2026-01-25T23:41:24.394915+00:00", "data": {"market": "0x3d181539539db729c9a7d64ca6a8408e9bcfe3f0a1b34006b3080b83251abc42", "price_changes": [{"asset_id": "101527543003282261838304487852594777993929946270122190382925629741608625516752", "price": "0.03", "size": "32228.34", "side": "BUY", "hash": "6c69f5b60be991097f097ab5d1d2615d04e53c9d", "best_bid": "0.05", "best_ask": "0.07"}, {"asset_id": "7143227515027765990730848799554396540608061035800749058233095831982546139677", "price": "0.97", "size": "32228.34", "side": "SELL", "hash": "06a90149889c01ab220c98cea59712cf52b58ff3", "best_bid": "0.93", "best_ask": "0.95"}], "timestamp": "1769384484308", "event_type": "price_change"}}
{"_local_timestamp": "2026-01-25T23:41:25.906019+00:00", "data": {"market": "0x3d181539539db729c9a7d64ca6a8408e9bcfe3f0a1b34006b3080b83251abc42", "price_changes": [{"asset_id": "101527543003282261838304487852594777993929946270122190382925629741608625516752", "price": "0.03", "size": "32220.96", "side": "BUY", "hash": "6587cd432a6b5f1c5c7dde670ef5b33b0a80d91d", "best_bid": "0.05", "best_ask": "0.07"}, {"asset_id": "7143227515027765990730848799554396540608061035800749058233095831982546139677", "price": "0.97", "size": "32220.96", "side": "SELL", "hash": "2596c7244820cdeac7c421333b52a3e788bba879", "best_bid": "0.93", "best_ask": "0.95"}], "timestamp": "1769384485823", "event_type": "price_change"}}
{"_local_timestamp": "2026-01-25T23:41:26.167999+00:00", "data": {"market": "0x3d181539539db729c9a7d64ca6a8408e9bcfe3f0a1b34006b3080b83251abc42", "price_changes": [{"asset_id": "101527543003282261838304487852594777993929946270122190382925629741608625516752", "price": "0.03", "size": "32228.34", "side": "BUY", "hash": "9a281f6f67814a6c03f7a6808a2037ab5c62ef8a", "best_bid": "0.05", "best_ask": "0.07"}, {"asset_id": "7143227515027765990730848799554396540608061035800749058233095831982546139677", "price": "0.97", "size": "32228.34", "side": "SELL", "hash": "86952a8e388f78fdb5969a588190dfb4dfb36567", "best_bid": "0.93", "best_ask": "0.95"}], "timestamp": "1769384486089", "event_type": "price_change"}}
{"_local_timestamp": "2026-01-25T23:41:27.239508+00:00", "data": {"market": "0x3d181539539db729c9a7d64ca6a8408e9bcfe3f0a1b34006b3080b83251abc42", "price_changes": [{"asset_id": "101527543003282261838304487852594777993929946270122190382925629741608625516752", "price": "0.03", "size": "32220.96", "side": "BUY", "hash": "7c8442912163bec20147314c0162de627d949394", "best_bid": "0.05", "best_ask": "0.07"}, {"asset_id": "7143227515027765990730848799554396540608061035800749058233095831982546139677", "price": "0.97", "size": "32220.96", "side": "SELL", "hash": "2f9352f165fde82594c599e97e3145574b671a5e", "best_bid": "0.93", "best_ask": "0.95"}], "timestamp": "1769384487167", "event_type": "price_change"}}
{"_local_timestamp": "2026-01-25T23:41:27.612276+00:00", "data": {"market": "0x3d181539539db729c9a7d64ca6a8408e9bcfe3f0a1b34006b3080b83251abc42", "price_changes": [{"asset_id": "101527543003282261838304487852594777993929946270122190382925629741608625516752", "price": "0.03", "size": "32228.34", "side": "BUY", "hash": "11f5129ff6f5ee44687765da6aa9d8297bbc5ea7", "best_bid": "0.05", "best_ask": "0.07"}, {"asset_id": "7143227515027765990730848799554396540608061035800749058233095831982546139677", "price": "0.97", "size": "32228.34", "side": "SELL", "hash": "484012d6438128abe0b3ec3bf219c74709df7c58", "best_bid": "0.93", "best_ask": "0.95"}], "timestamp": "1769384487539", "event_type": "price_change"}}
{"_local_timestamp": "2026-01-25T23:41:27.970410+00:00", "data": {"market": "0x3d181539539db729c9a7d64ca6a8408e9bcfe3f0a1b34006b3080b83251abc42", "price_changes": [{"asset_id": "7143227515027765990730848799554396540608061035800749058233095831982546139677", "price": "0.36", "size": "56", "side": "BUY", "hash": "2f197f8fd325600b933a4ae6f3bf8b75f4b8dc55", "best_bid": "0.93", "best_ask": "0.95"}, {"asset_id": "101527543003282261838304487852594777993929946270122190382925629741608625516752", "price": "0.64", "size": "56", "side": "SELL", "hash": "1ac244b5aed6481d73ad46b3f6cbd55b27a09497", "best_bid": "0.05", "best_ask": "0.07"}], "timestamp": "1769384487897", "event_type": "price_change"}}
{"_local_timestamp": "2026-01-25T23:41:28.390093+00:00", "data": {"market": "0x3d181539539db729c9a7d64ca6a8408e9bcfe3f0a1b34006b3080b83251abc42", "price_changes": [{"asset_id": "7143227515027765990730848799554396540608061035800749058233095831982546139677", "price": "0.36", "size": "61", "side": "BUY", "hash": "f73bafeb8a591c85e3031e4d296b1f27dc46a5c7", "best_bid": "0.93", "best_ask": "0.95"}, {"asset_id": "101527543003282261838304487852594777993929946270122190382925629741608625516752", "price": "0.64", "size": "61", "side": "SELL", "hash": "5af86baee49a9da4cb2f41b1b137d3c173bd69f2", "best_bid": "0.05", "best_ask": "0.07"}], "timestamp": "1769384488317", "event_type": "price_change"}}
{"_local_timestamp": "2026-01-25T23:41:28.702864+00:00", "data": {"market": "0x3d181539539db729c9a7d64ca6a8408e9bcfe3f0a1b34006b3080b83251abc42", "price_changes": [{"asset_id": "101527543003282261838304487852594777993929946270122190382925629741608625516752", "price": "0.03", "size": "32220.96", "side": "BUY", "hash": "11d6f88fcfe988f0431076e5f41a7c37b3571ed8", "best_bid": "0.05", "best_ask": "0.07"}, {"asset_id": "7143227515027765990730848799554396540608061035800749058233095831982546139677", "price": "0.97", "size": "32220.96", "side": "SELL", "hash": "22f3e157e87da0a93a5e859a1461f60b78e4dca9", "best_bid": "0.93", "best_ask": "0.95"}], "timestamp": "1769384488627", "event_type": "price_change"}}
{"_local_timestamp": "2026-01-25T23:41:29.107663+00:00", "data": {"market": "0x3d181539539db729c9a7d64ca6a8408e9bcfe3f0a1b34006b3080b83251abc42", "price_changes": [{"asset_id": "101527543003282261838304487852594777993929946270122190382925629741608625516752", "price": "0.03", "size": "32228.34", "side": "BUY", "hash": "2dee6b6465f863ef7229ed3c47cb74d4ad074765", "best_bid": "0.05", "best_ask": "0.07"}, {"asset_id": "7143227515027765990730848799554396540608061035800749058233095831982546139677", "price": "0.97", "size": "32228.34", "side": "SELL", "hash": "89813ed26947632d3d6b9865a415faa6f234f40b", "best_bid": "0.93", "best_ask": "0.95"}], "timestamp": "1769384489011", "event_type": "price_change"}}
{"_local_timestamp": "2026-01-25T23:41:31.573630+00:00", "data": {"market": "0x3d181539539db729c9a7d64ca6a8408e9bcfe3f0a1b34006b3080b83251abc42", "price_changes": [{"asset_id": "101527543003282261838304487852594777993929946270122190382925629741608625516752", "price": "0.03", "size": "32220.96", "side": "BUY", "hash": "8a590d5190a0277507a7f83435c5565ec7f4d041", "best_bid": "0.05", "best_ask": "0.07"}, {"asset_id": "7143227515027765990730848799554396540608061035800749058233095831982546139677", "price": "0.97", "size": "32220.96", "side": "SELL", "hash": "a63d1151b57409350d6f28b9f951c20a1668e231", "best_bid": "0.93", "best_ask": "0.95"}], "timestamp": "1769384491498", "event_type": "price_change"}}
{"_local_timestamp": "2026-01-25T23:41:32.136429+00:00", "data": {"market": "0x3d181539539db729c9a7d64ca6a8408e9bcfe3f0a1b34006b3080b83251abc42", "price_changes": [{"asset_id": "101527543003282261838304487852594777993929946270122190382925629741608625516752", "price": "0.03", "size": "32228.34", "side": "BUY", "hash": "b23bd09e0bce871b2f7361e2fe0ab70031167844", "best_bid": "0.05", "best_ask": "0.07"}, {"asset_id": "7143227515027765990730848799554396540608061035800749058233095831982546139677", "price": "0.97", "size": "32228.34", "side": "SELL", "hash": "b0c09675ccc7947133776af7ed11eb4fb39a3ba1", "best_bid": "0.93", "best_ask": "0.95"}], "timestamp": "1769384492055", "event_type": "price_change"}}
{"_local_timestamp": "2026-01-25T23:41:33.558504+00:00", "data": {"market": "0x3d181539539db729c9a7d64ca6a8408e9bcfe3f0a1b34006b3080b83251abc42", "price_changes": [{"asset_id": "101527543003282261838304487852594777993929946270122190382925629741608625516752", "price": "0.03", "size": "32220.96", "side": "BUY", "hash": "22d806d0469c490d0049b67b96dc4c470324547b", "best_bid": "0.05", "best_ask": "0.07"}, {"asset_id": "7143227515027765990730848799554396540608061035800749058233095831982546139677", "price": "0.97", "size": "32220.96", "side": "SELL", "hash": "2cfb2b4cab9f60abea6aa46960af33e96246982e", "best_bid": "0.93", "best_ask": "0.95"}], "timestamp": "1769384493468", "event_type": "price_change"}}
{"_local_timestamp": "2026-01-25T23:41:33.935709+00:00", "data": {"market": "0x3d181539539db729c9a7d64ca6a8408e9bcfe3f0a1b34006b3080b83251abc42", "price_changes": [{"asset_id": "101527543003282261838304487852594777993929946270122190382925629741608625516752", "price": "0.03", "size": "32228.34", "side": "BUY", "hash": "52c25ee40889bbab20276885675e24a358fcfe63", "best_bid": "0.05", "best_ask": "0.07"}, {"asset_id": "7143227515027765990730848799554396540608061035800749058233095831982546139677", "price": "0.97", "size": "32228.34", "side": "SELL", "hash": "939a859132cd2d404d85f7dc822489b3a71bb034", "best_bid": "0.93", "best_ask": "0.95"}], "timestamp": "1769384493853", "event_type": "price_change"}}
{"_local_timestamp": "2026-01-25T23:41:35.590514+00:00", "data": {"market": "0x3d181539539db729c9a7d64ca6a8408e9bcfe3f0a1b34006b3080b83251abc42", "price_changes": [{"asset_id": "101527543003282261838304487852594777993929946270122190382925629741608625516752", "price": "0.03", "size": "32220.96", "side": "BUY", "hash": "1a2b4137392d48077b63bd6e833f5eea3255ea17", "best_bid": "0.05", "best_ask": "0.07"}, {"asset_id": "7143227515027765990730848799554396540608061035800749058233095831982546139677", "price": "0.97", "size": "32220.96", "side": "SELL", "hash": "16961362161ddea106eb7e5a4d825eb24b3df7e8", "best_bid": "0.93", "best_ask": "0.95"}], "timestamp": "1769384495515", "event_type": "price_change"}}
{"_local_timestamp": "2026-01-25T23:41:36.012415+00:00", "data": {"market": "0x3d181539539db729c9a7d64ca6a8408e9bcfe3f0a1b34006b3080b83251abc42", "price_changes": [{"asset_id": "101527543003282261838304487852594777993929946270122190382925629741608625516752", "price": "0.03", "size": "32228.34", "side": "BUY", "hash": "73a59f5a0a43c5e4d07989d0c2c26dc9aafa6738", "best_bid": "0.05", "best_ask": "0.07"}, {"asset_id": "7143227515027765990730848799554396540608061035800749058233095831982546139677", "price": "0.97", "size": "32228.34", "side": "SELL", "hash": "fd27b8215eafd54baa74fe8164f45a77b62fbe45", "best_bid": "0.93", "best_ask": "0.95"}], "timestamp": "1769384495936", "event_type": "price_change"}}
{"_local_timestamp": "2026-01-25T23:41:36.471662+00:00", "data": {"market": "0x3d181539539db729c9a7d64ca6a8408e9bcfe3f0a1b34006b3080b83251abc42", "price_changes": [{"asset_id": "101527543003282261838304487852594777993929946270122190382925629741608625516752", "price": "0.03", "size": "32220.96", "side": "BUY", "hash": "fc5f037a09cff3e46151b7b25caf656107c7c694", "best_bid": "0.05", "best_ask": "0.07"}, {"asset_id": "7143227515027765990730848799554396540608061035800749058233095831982546139677", "price": "0.97", "size": "32220.96", "side": "SELL", "hash": "1b96bf9199db14e2fcc8e821952c889d0e247a30", "best_bid": "0.93", "best_ask": "0.95"}], "timestamp": "1769384496395", "event_type": "price_change"}}
{"_local_timestamp": "2026-01-25T23:41:37.019476+00:00", "data": {"market": "0x3d181539539db729c9a7d64ca6a8408e9bcfe3f0a1b34006b3080b83251abc42", "price_changes": [{"asset_id": "101527543003282261838304487852594777993929946270122190382925629741608625516752", "price": "0.03", "size": "32228.34", "side": "BUY", "hash": "ed1f8f5fd0e811b5def60a2a1ff50e94e65e9932", "best_bid": "0.05", "best_ask": "0.07"}, {"asset_id": "7143227515027765990730848799554396540608061035800749058233095831982546139677", "price": "0.97", "size": "32228.34", "side": "SELL", "hash": "29e3a5d5272a1e817a4cc38003fac2bf7fa4b31d", "best_bid": "0.93", "best_ask": "0.95"}], "timestamp": "1769384496936", "event_type": "price_change"}}
{"_local_timestamp": "2026-01-25T23:41:37.452901+00:00", "data": {"market": "0x3ef91f30a2747ddf7569a00ac8e98b783ed883dc317b7ce7c1d9d7cf8abaaaa4", "price_changes": [{"asset_id": "53278208813065717614334685705159077956149366574908426524098128705222746079163", "price": "0.09", "size": "0", "side": "BUY", "hash": "62f83448c0856d98a62e92b1b69bffd3fb4e4af5", "best_bid": "0.12", "best_ask": "0.13"}, {"asset_id": "39342171144861816896992253440408377265010285664347210041520694491243996062356", "price": "0.91", "size": "0", "side": "SELL", "hash": "4cfc627f09f630a286837cb30d62beb66228036a", "best_bid": "0.87", "best_ask": "0.88"}], "timestamp": "1769384497383", "event_type": "price_change"}}
{"_local_timestamp": "2026-01-25T23:41:37.484400+00:00", "data": {"market": "0x3ef91f30a2747ddf7569a00ac8e98b783ed883dc317b7ce7c1d9d7cf8abaaaa4", "price_changes": [{"asset_id": "53278208813065717614334685705159077956149366574908426524098128705222746079163", "price": "0.11", "size": "2251.13", "side": "BUY", "hash": "45ec57c0231f15fd445a9f7c05a2726832467b20", "best_bid": "0.12", "best_ask": "0.13"}, {"asset_id": "39342171144861816896992253440408377265010285664347210041520694491243996062356", "price": "0.89", "size": "2251.13", "side": "SELL", "hash": "2a4ccfd4aa0d56dc2ca834442bf489544a45598e", "best_bid": "0.87", "best_ask": "0.88"}], "timestamp": "1769384497409", "event_type": "price_change"}}
{"_local_timestamp": "2026-01-25T23:41:37.541531+00:00", "data": {"market": "0x3ef91f30a2747ddf7569a00ac8e98b783ed883dc317b7ce7c1d9d7cf8abaaaa4", "price_changes": [{"asset_id": "53278208813065717614334685705159077956149366574908426524098128705222746079163", "price": "0.08", "size": "10", "side": "BUY", "hash": "6eb5edd7468fbb8a259e7062830e4949680cbc91", "best_bid": "0.12", "best_ask": "0.13"}, {"asset_id": "39342171144861816896992253440408377265010285664347210041520694491243996062356", "price": "0.92", "size": "10", "side": "SELL", "hash": "28bcfd98f14ad9aef55940f0186cf10c8397880d", "best_bid": "0.87", "best_ask": "0.88"}], "timestamp": "1769384497469", "event_type": "price_change"}}
{"_local_timestamp": "2026-01-25T23:41:38.259742+00:00", "data": {"market": "0x3d181539539db729c9a7d64ca6a8408e9bcfe3f0a1b34006b3080b83251abc42", "price_changes": [{"asset_id": "101527543003282261838304487852594777993929946270122190382925629741608625516752", "price": "0.03", "size": "32220.96", "side": "BUY", "hash": "4c5f960ffde919aba152f67e5bf0ea9de4fc4676", "best_bid": "0.05", "best_ask": "0.07"}, {"asset_id": "7143227515027765990730848799554396540608061035800749058233095831982546139677", "price": "0.97", "size": "32220.96", "side": "SELL", "hash": "3390187aab4a86ab69eb9bc260b1bf21a7d4d95c", "best_bid": "0.93", "best_ask": "0.95"}], "timestamp": "1769384498182", "event_type": "price_change"}}
{"_local_timestamp": "2026-01-25T23:41:38.566577+00:00", "data": {"market": "0x3d181539539db729c9a7d64ca6a8408e9bcfe3f0a1b34006b3080b83251abc42", "price_changes": [{"asset_id": "101527543003282261838304487852594777993929946270122190382925629741608625516752", "price": "0.03", "size": "32228.34", "side": "BUY", "hash": "cb3931da65c7df75a7de007f45a29b1cc99603f1", "best_bid": "0.05", "best_ask": "0.07"}, {"asset_id": "7143227515027765990730848799554396540608061035800749058233095831982546139677", "price": "0.97", "size": "32228.34", "side": "SELL", "hash": "becc6d73bff02452da584428a39c914115b1e36d", "best_bid": "0.93", "best_ask": "0.95"}], "timestamp": "1769384498494", "event_type": "price_change"}}
{"_local_timestamp": "2026-01-25T23:41:39.298809+00:00", "data": {"market": "0x3d181539539db729c9a7d64ca6a8408e9bcfe3f0a1b34006b3080b83251abc42", "price_changes": [{"asset_id": "101527543003282261838304487852594777993929946270122190382925629741608625516752", "price": "0.03", "size": "32220.96", "side": "BUY", "hash": "87e5907563df86e1e646bf96d5e7d1e0f0366096", "best_bid": "0.05", "best_ask": "0.07"}, {"asset_id": "7143227515027765990730848799554396540608061035800749058233095831982546139677", "price": "0.97", "size": "32220.96", "side": "SELL", "hash": "3040b22d158965657fc9987d73daa8b6f52567f4", "best_bid": "0.93", "best_ask": "0.95"}], "timestamp": "1769384499212", "event_type": "price_change"}}
{"_local_timestamp": "2026-01-25T23:41:39.666527+00:00", "data": {"market": "0x3d181539539db729c9a7d64ca6a8408e9bcfe3f0a1b34006b3080b83251abc42", "price_changes": [{"asset_id": "101527543003282261838304487852594777993929946270122190382925629741608625516752", "price": "0.03", "size": "32228.34", "side": "BUY", "hash": "db7bbb4f8652119989700a77b21c319350d449ee", "best_bid": "0.05", "best_ask": "0.07"}, {"asset_id": "7143227515027765990730848799554396540608061035800749058233095831982546139677", "price": "0.97", "size": "32228.34", "side": "SELL", "hash": "d5cbe6041bb5faae501396b91ecd350cdf7e32c2", "best_bid": "0.93", "best_ask": "0.95"}], "timestamp": "1769384499593", "event_type": "price_change"}}
{"_local_timestamp": "2026-01-25T23:41:39.730362+00:00", "data": {"market": "0x3ef91f30a2747ddf7569a00ac8e98b783ed883dc317b7ce7c1d9d7cf8abaaaa4", "price_changes": [{"asset_id": "53278208813065717614334685705159077956149366574908426524098128705222746079163", "price": "0.08", "size": "277", "side": "BUY", "hash": "d20dc847ea80664b313838db53faf4195ab0d91e", "best_bid": "0.12", "best_ask": "0.13"}, {"asset_id": "39342171144861816896992253440408377265010285664347210041520694491243996062356", "price": "0.92", "size": "277", "side": "SELL", "hash": "1e052bd22742930b6d9e8b758b54de9ff38263dd", "best_bid": "0.87", "best_ask": "0.88"}], "timestamp": "1769384499641", "event_type": "price_change"}}
{"_local_timestamp": "2026-01-25T23:41:40.987255+00:00", "data": {"market": "0x3d181539539db729c9a7d64ca6a8408e9bcfe3f0a1b34006b3080b83251abc42", "price_changes": [{"asset_id": "101527543003282261838304487852594777993929946270122190382925629741608625516752", "price": "0.03", "size": "32220.96", "side": "BUY", "hash": "9e8ff75718d7fa408785b8fbb482c6c6300f90cb", "best_bid": "0.05", "best_ask": "0.07"}, {"asset_id": "7143227515027765990730848799554396540608061035800749058233095831982546139677", "price": "0.97", "size": "32220.96", "side": "SELL", "hash": "54381ccc735c059f62240afc9f3003fa53315007", "best_bid": "0.93", "best_ask": "0.95"}], "timestamp": "1769384500913", "event_type": "price_change"}}
{"_local_timestamp": "2026-01-25T23:41:41.267328+00:00", "data": {"market": "0x3d181539539db729c9a7d64ca6a8408e9bcfe3f0a1b34006b3080b83251abc42", "price_changes": [{"asset_id": "101527543003282261838304487852594777993929946270122190382925629741608625516752", "price": "0.03", "size": "32228.34", "side": "BUY", "hash": "2671d056f94d3b2e46afab0fa9de2b2d9e234505", "best_bid": "0.05", "best_ask": "0.07"}, {"asset_id": "7143227515027765990730848799554396540608061035800749058233095831982546139677", "price": "0.97", "size": "32228.34", "side": "SELL", "hash": "cb830e324b9ccfb8aaab906e9abb3e74b20087ea", "best_bid": "0.93", "best_ask": "0.95"}], "timestamp": "1769384501194", "event_type": "price_change"}}
{"_local_timestamp": "2026-01-25T23:41:41.839888+00:00", "data": {"market": "0x3d181539539db729c9a7d64ca6a8408e9bcfe3f0a1b34006b3080b83251abc42", "price_changes": [{"asset_id": "101527543003282261838304487852594777993929946270122190382925629741608625516752", "price": "0.03", "size": "32220.96", "side": "BUY", "hash": "4fa5b7926507972f803b9f005957b8b444795f62", "best_bid": "0.05", "best_ask": "0.07"}, {"asset_id": "7143227515027765990730848799554396540608061035800749058233095831982546139677", "price": "0.97", "size": "32220.96", "side": "SELL", "hash": "230f993ada4a9bbb9df343b8931c049b87c92ce7", "best_bid": "0.93", "best_ask": "0.95"}], "timestamp": "1769384501769", "event_type": "price_change"}}
{"_local_timestamp": "2026-01-25T23:41:42.161752+00:00", "data": {"market": "0x3d181539539db729c9a7d64ca6a8408e9bcfe3f0a1b34006b3080b83251abc42", "price_changes": [{"asset_id": "101527543003282261838304487852594777993929946270122190382925629741608625516752", "price": "0.03", "size": "32228.34", "side": "BUY", "hash": "e25ea75e4b0a8d8deabc776b9b820c44bf167703", "best_bid": "0.05", "best_ask": "0.07"}, {"asset_id": "7143227515027765990730848799554396540608061035800749058233095831982546139677", "price": "0.97", "size": "32228.34", "side": "SELL", "hash": "c12f141fa455843e7ffdaa92903e233abacc2107", "best_bid": "0.93", "best_ask": "0.95"}], "timestamp": "1769384502092", "event_type": "price_change"}}
{"_local_timestamp": "2026-01-25T23:41:42.698710+00:00", "data": {"market": "0x3d181539539db729c9a7d64ca6a8408e9bcfe3f0a1b34006b3080b83251abc42", "price_changes": [{"asset_id": "7143227515027765990730848799554396540608061035800749058233095831982546139677", "price": "0.36", "size": "56", "side": "BUY", "hash": "dccd0ca6d752d53abe2af70eda5718820c8554f6", "best_bid": "0.93", "best_ask": "0.95"}, {"asset_id": "101527543003282261838304487852594777993929946270122190382925629741608625516752", "price": "0.64", "size": "56", "side": "SELL", "hash": "b60e1c6ed6b623724101d2f44de88a6d1efa9515", "best_bid": "0.05", "best_ask": "0.07"}], "timestamp": "1769384502626", "event_type": "price_change"}}
{"_local_timestamp": "2026-01-25T23:41:42.986255+00:00", "data": {"market": "0x3d181539539db729c9a7d64ca6a8408e9bcfe3f0a1b34006b3080b83251abc42", "price_changes": [{"asset_id": "7143227515027765990730848799554396540608061035800749058233095831982546139677", "price": "0.36", "size": "61", "side": "BUY", "hash": "5a469a507968c9f910f8e2f9fee822154613bfee", "best_bid": "0.93", "best_ask": "0.95"}, {"asset_id": "101527543003282261838304487852594777993929946270122190382925629741608625516752", "price": "0.64", "size": "61", "side": "SELL", "hash": "7d1c036d3a4e99edc2961cc2a6a1d3efdd8d07a6", "best_bid": "0.05", "best_ask": "0.07"}], "timestamp": "1769384502919", "event_type": "price_change"}}
{"_local_timestamp": "2026-01-25T23:41:43.265794+00:00", "data": {"market": "0x3d181539539db729c9a7d64ca6a8408e9bcfe3f0a1b34006b3080b83251abc42", "price_changes": [{"asset_id": "101527543003282261838304487852594777993929946270122190382925629741608625516752", "price": "0.03", "size": "32220.96", "side": "BUY", "hash": "b33ba2479e4cf0ba377743442f79b40487194ba8", "best_bid": "0.05", "best_ask": "0.07"}, {"asset_id": "7143227515027765990730848799554396540608061035800749058233095831982546139677", "price": "0.97", "size": "32220.96", "side": "SELL", "hash": "868fa3083309bbe93513daaf24838f99a6534caa", "best_bid": "0.93", "best_ask": "0.95"}], "timestamp": "1769384503189", "event_type": "price_change"}}
{"_local_timestamp": "2026-01-25T23:41:43.441120+00:00", "data": {"market": "0x3d181539539db729c9a7d64ca6a8408e9bcfe3f0a1b34006b3080b83251abc42", "price_changes": [{"asset_id": "101527543003282261838304487852594777993929946270122190382925629741608625516752", "price": "0.03", "size": "32228.34", "side": "BUY", "hash": "6d8c26e7bf16cbf3113510d912d91be3a8d87ee4", "best_bid": "0.05", "best_ask": "0.07"}, {"asset_id": "7143227515027765990730848799554396540608061035800749058233095831982546139677", "price": "0.97", "size": "32228.34", "side": "SELL", "hash": "dd12f50bc35c27fbc3739e289d0656d3ecea7152", "best_bid": "0.93", "best_ask": "0.95"}], "timestamp": "1769384503373", "event_type": "price_change"}}
{"_local_timestamp": "2026-01-25T23:41:44.133988+00:00", "data": {"market": "0x3d181539539db729c9a7d64ca6a8408e9bcfe3f0a1b34006b3080b83251abc42", "price_changes": [{"asset_id": "101527543003282261838304487852594777993929946270122190382925629741608625516752", "price": "0.03", "size": "32220.96", "side": "BUY", "hash": "6108545ce4385e3345225c57c29a43424bef9fb9", "best_bid": "0.05", "best_ask": "0.07"}, {"asset_id": "7143227515027765990730848799554396540608061035800749058233095831982546139677", "price": "0.97", "size": "32220.96", "side": "SELL", "hash": "66a17c90fadba4556d8310703aefde7c27ec6aaa", "best_bid": "0.93", "best_ask": "0.95"}], "timestamp": "1769384504060", "event_type": "price_change"}}
{"_local_timestamp": "2026-01-25T23:41:44.402614+00:00", "data": {"market": "0x3d181539539db729c9a7d64ca6a8408e9bcfe3f0a1b34006b3080b83251abc42", "price_changes": [{"asset_id": "101527543003282261838304487852594777993929946270122190382925629741608625516752", "price": "0.03", "size": "32228.34", "side": "BUY", "hash": "1d248e78f65f082dd25d3790b498ba6f965db026", "best_bid": "0.05", "best_ask": "0.07"}, {"asset_id": "7143227515027765990730848799554396540608061035800749058233095831982546139677", "price": "0.97", "size": "32228.34", "side": "SELL", "hash": "8d81ecec00a17e2e3dfbb079e560ac9035e44690", "best_bid": "0.93", "best_ask": "0.95"}], "timestamp": "1769384504329", "event_type": "price_change"}}
{"_local_timestamp": "2026-01-25T23:41:45.982173+00:00", "data": {"market": "0x3d181539539db729c9a7d64ca6a8408e9bcfe3f0a1b34006b3080b83251abc42", "price_changes": [{"asset_id": "101527543003282261838304487852594777993929946270122190382925629741608625516752", "price": "0.03", "size": "32220.96", "side": "BUY", "hash": "d11f0ca9d1b82d5705fc92f5022851578c414bd1", "best_bid": "0.05", "best_ask": "0.07"}, {"asset_id": "7143227515027765990730848799554396540608061035800749058233095831982546139677", "price": "0.97", "size": "32220.96", "side": "SELL", "hash": "f63c01f69cbc53c8ef85ef756b0df412e46baf17", "best_bid": "0.93", "best_ask": "0.95"}], "timestamp": "1769384505908", "event_type": "price_change"}}
{"_local_timestamp": "2026-01-25T23:41:46.479325+00:00", "data": {"market": "0x3d181539539db729c9a7d64ca6a8408e9bcfe3f0a1b34006b3080b83251abc42", "price_changes": [{"asset_id": "101527543003282261838304487852594777993929946270122190382925629741608625516752", "price": "0.03", "size": "32228.34", "side": "BUY", "hash": "18f02e6ca2b5a7c682402b5802d196e86e2092e3", "best_bid": "0.05", "best_ask": "0.07"}, {"asset_id": "7143227515027765990730848799554396540608061035800749058233095831982546139677", "price": "0.97", "size": "32228.34", "side": "SELL", "hash": "3b4d5e8b9859491bd2c7cb47057de5319536e377", "best_bid": "0.93", "best_ask": "0.95"}], "timestamp": "1769384506408", "event_type": "price_change"}}
{"_local_timestamp": "2026-01-25T23:41:46.923048+00:00", "data": {"market": "0x3d181539539db729c9a7d64ca6a8408e9bcfe3f0a1b34006b3080b83251abc42", "price_changes": [{"asset_id": "101527543003282261838304487852594777993929946270122190382925629741608625516752", "price": "0.03", "size": "32220.96", "side": "BUY", "hash": "5a035cd4ab2da1864dd2b1e993b3e4ccedb3cd84", "best_bid": "0.05", "best_ask": "0.07"}, {"asset_id": "7143227515027765990730848799554396540608061035800749058233095831982546139677", "price": "0.97", "size": "32220.96", "side": "SELL", "hash": "3caf0d13eab20dbf75bdb3c33d400bf10c1e923f", "best_bid": "0.93", "best_ask": "0.95"}], "timestamp": "1769384506847", "event_type": "price_change"}}
{"_local_timestamp": "2026-01-25T23:41:47.342541+00:00", "data": {"market": "0x3d181539539db729c9a7d64ca6a8408e9bcfe3f0a1b34006b3080b83251abc42", "price_changes": [{"asset_id": "101527543003282261838304487852594777993929946270122190382925629741608625516752", "price": "0.03", "size": "32228.34", "side": "BUY", "hash": "2b4dbcdf9c70dadd2a12e9fdf895a61f9f4c433f", "best_bid": "0.05", "best_ask": "0.07"}, {"asset_id": "7143227515027765990730848799554396540608061035800749058233095831982546139677", "price": "0.97", "size": "32228.34", "side": "SELL", "hash": "906bf62b4b7034c0db7cc1e2c21598122b874b1b", "best_bid": "0.93", "best_ask": "0.95"}], "timestamp": "1769384507273", "event_type": "price_change"}}
{"_local_timestamp": "2026-01-25T23:41:47.826507+00:00", "data": {"market": "0x3d181539539db729c9a7d64ca6a8408e9bcfe3f0a1b34006b3080b83251abc42", "price_changes": [{"asset_id": "101527543003282261838304487852594777993929946270122190382925629741608625516752", "price": "0.03", "size": "32220.96", "side": "BUY", "hash": "8764a1b3de28a464fccaca601dfe1c5b939266f8", "best_bid": "0.05", "best_ask": "0.07"}, {"asset_id": "7143227515027765990730848799554396540608061035800749058233095831982546139677", "price": "0.97", "size": "32220.96", "side": "SELL", "hash": "b01e5fd9bc5e8e5a1481fb684c4d3c66a090a936", "best_bid": "0.93", "best_ask": "0.95"}], "timestamp": "1769384507751", "event_type": "price_change"}}
{"_local_timestamp": "2026-01-25T23:41:48.202104+00:00", "data": {"market": "0x3d181539539db729c9a7d64ca6a8408e9bcfe3f0a1b34006b3080b83251abc42", "price_changes": [{"asset_id": "101527543003282261838304487852594777993929946270122190382925629741608625516752", "price": "0.03", "size": "32228.34", "side": "BUY", "hash": "d1a13cd38900b7df529c857ce802b1f2b239e5e5", "best_bid": "0.05", "best_ask": "0.07"}, {"asset_id": "7143227515027765990730848799554396540608061035800749058233095831982546139677", "price": "0.97", "size": "32228.34", "side": "SELL", "hash": "aab61214b237a07df32555b14cb9108df90a77ab", "best_bid": "0.93", "best_ask": "0.95"}], "timestamp": "1769384508126", "event_type": "price_change"}}
{"_local_timestamp": "2026-01-25T23:41:49.424230+00:00", "data": {"market": "0x3d181539539db729c9a7d64ca6a8408e9bcfe3f0a1b34006b3080b83251abc42", "price_changes": [{"asset_id": "101527543003282261838304487852594777993929946270122190382925629741608625516752", "price": "0.03", "size": "32220.96", "side": "BUY", "hash": "7d39423374c39290f0702371bf3e7510166fef49", "best_bid": "0.05", "best_ask": "0.07"}, {"asset_id": "7143227515027765990730848799554396540608061035800749058233095831982546139677", "price": "0.97", "size": "32220.96", "side": "SELL", "hash": "01e47283b062244988ad249eddb470a87f655a07", "best_bid": "0.93", "best_ask": "0.95"}], "timestamp": "1769384509356", "event_type": "price_change"}}
{"_local_timestamp": "2026-01-25T23:41:49.488548+00:00", "data": {"market": "0x3d181539539db729c9a7d64ca6a8408e9bcfe3f0a1b34006b3080b83251abc42", "price_changes": [{"asset_id": "7143227515027765990730848799554396540608061035800749058233095831982546139677", "price": "0.3", "size": "50", "side": "BUY", "hash": "3bb5531ce7c0c8cd9174c36c5f429d9e05eb0847", "best_bid": "0.93", "best_ask": "0.95"}, {"asset_id": "101527543003282261838304487852594777993929946270122190382925629741608625516752", "price": "0.7", "size": "50", "side": "SELL", "hash": "50a1347bfcb6420952ad47eb4b781440733070d7", "best_bid": "0.05", "best_ask": "0.07"}], "timestamp": "1769384509404", "event_type": "price_change"}}
{"_local_timestamp": "2026-01-25T23:41:49.735050+00:00", "data": {"market": "0x3d181539539db729c9a7d64ca6a8408e9bcfe3f0a1b34006b3080b83251abc42", "price_changes": [{"asset_id": "7143227515027765990730848799554396540608061035800749058233095831982546139677", "price": "0.29", "size": "139.65", "side": "BUY", "hash": "feb29d9e492cde78c8adaa9d68bb4daccff818cb", "best_bid": "0.93", "best_ask": "0.95"}, {"asset_id": "101527543003282261838304487852594777993929946270122190382925629741608625516752", "price": "0.71", "size": "139.65", "side": "SELL", "hash": "4964616a7575cdabffd2731b24e5b07fa6969559", "best_bid": "0.05", "best_ask": "0.07"}], "timestamp": "1769384509659", "event_type": "price_change"}}
{"_local_timestamp": "2026-01-25T23:41:49.742362+00:00", "data": {"market": "0x3d181539539db729c9a7d64ca6a8408e9bcfe3f0a1b34006b3080b83251abc42", "price_changes": [{"asset_id": "101527543003282261838304487852594777993929946270122190382925629741608625516752", "price": "0.03", "size": "32228.34", "side": "BUY", "hash": "ca383486f404736277ec6c2fa735a3fbd1bff5cd", "best_bid": "0.05", "best_ask": "0.07"}, {"asset_id": "7143227515027765990730848799554396540608061035800749058233095831982546139677", "price": "0.97", "size": "32228.34", "side": "SELL", "hash": "d9dea4f16e116b7d5820e48dd0f149640027b604", "best_bid": "0.93", "best_ask": "0.95"}], "timestamp": "1769384509663", "event_type": "price_change"}}
{"_local_timestamp": "2026-01-25T23:41:50.353356+00:00", "data": {"market": "0x3d181539539db729c9a7d64ca6a8408e9bcfe3f0a1b34006b3080b83251abc42", "price_changes": [{"asset_id": "101527543003282261838304487852594777993929946270122190382925629741608625516752", "price": "0.03", "size": "32220.96", "side": "BUY", "hash": "00ca3569f8e6b0ea2c93c1587c2d46e2c106c11c", "best_bid": "0.05", "best_ask": "0.07"}, {"asset_id": "7143227515027765990730848799554396540608061035800749058233095831982546139677", "price": "0.97", "size": "32220.96", "side": "SELL", "hash": "02461be84f96148d7983175c31e062a461e79214", "best_bid": "0.93", "best_ask": "0.95"}], "timestamp": "1769384510281", "event_type": "price_change"}}
{"_local_timestamp": "2026-01-25T23:41:50.707410+00:00", "data": {"market": "0x3d181539539db729c9a7d64ca6a8408e9bcfe3f0a1b34006b3080b83251abc42", "price_changes": [{"asset_id": "101527543003282261838304487852594777993929946270122190382925629741608625516752", "price": "0.03", "size": "32228.34", "side": "BUY", "hash": "f5f436b782575c0bc3820b00d4c0f50c1b15a6bd", "best_bid": "0.05", "best_ask": "0.07"}, {"asset_id": "7143227515027765990730848799554396540608061035800749058233095831982546139677", "price": "0.97", "size": "32228.34", "side": "SELL", "hash": "104fe0fe5de142bdefaec5d49c3660140a21f488", "best_bid": "0.93", "best_ask": "0.95"}], "timestamp": "1769384510640", "event_type": "price_change"}}
{"_local_timestamp": "2026-01-25T23:41:50.840837+00:00", "data": {"market": "0x3ef91f30a2747ddf7569a00ac8e98b783ed883dc317b7ce7c1d9d7cf8abaaaa4", "price_changes": [{"asset_id": "39342171144861816896992253440408377265010285664347210041520694491243996062356", "price": "0.27", "size": "0", "side": "BUY", "hash": "57c6285dd3949466a82cbb42823d35ff47561104", "best_bid": "0.87", "best_ask": "0.88"}, {"asset_id": "53278208813065717614334685705159077956149366574908426524098128705222746079163", "price": "0.73", "size": "0", "side": "SELL", "hash": "bc7e2e23e11bebdac9de34275c09d32de0c93594", "best_bid": "0.12", "best_ask": "0.13"}], "timestamp": "1769384510732", "event_type": "price_change"}}
{"_local_timestamp": "2026-01-25T23:41:50.842280+00:00", "data": {"market": "0x3d181539539db729c9a7d64ca6a8408e9bcfe3f0a1b34006b3080b83251abc42", "price_changes": [{"asset_id": "7143227515027765990730848799554396540608061035800749058233095831982546139677", "price": "0.21", "size": "0", "side": "BUY", "hash": "81a1644bda5ac5bdca301f713023f40e88547e34", "best_bid": "0.93", "best_ask": "0.95"}, {"asset_id": "101527543003282261838304487852594777993929946270122190382925629741608625516752", "price": "0.79", "size": "0", "side": "SELL", "hash": "7722599f9b8115789a6c10d99bebfbf22601e45c", "best_bid": "0.05", "best_ask": "0.07"}], "timestamp": "1769384510732", "event_type": "price_change"}}
{"_local_timestamp": "2026-01-25T23:41:51.150076+00:00", "data": {"market": "0x3d181539539db729c9a7d64ca6a8408e9bcfe3f0a1b34006b3080b83251abc42", "price_changes": [{"asset_id": "101527543003282261838304487852594777993929946270122190382925629741608625516752", "price": "0.03", "size": "32220.96", "side": "BUY", "hash": "84df612b6e90eec0dd64134774aa6d7500e8ef70", "best_bid": "0.05", "best_ask": "0.07"}, {"asset_id": "7143227515027765990730848799554396540608061035800749058233095831982546139677", "price": "0.97", "size": "32220.96", "side": "SELL", "hash": "964582db4d60685fd9b4a8f5f9a49471a1200357", "best_bid": "0.93", "best_ask": "0.95"}], "timestamp": "1769384511070", "event_type": "price_change"}}
{"_local_timestamp": "2026-01-25T23:41:51.523498+00:00", "data": {"market": "0x3d181539539db729c9a7d64ca6a8408e9bcfe3f0a1b34006b3080b83251abc42", "price_changes": [{"asset_id": "101527543003282261838304487852594777993929946270122190382925629741608625516752", "price": "0.03", "size": "32228.34", "side": "BUY", "hash": "f52bf78191f3bbe63f1e2b2ae94e35d61e268e19", "best_bid": "0.05", "best_ask": "0.07"}, {"asset_id": "7143227515027765990730848799554396540608061035800749058233095831982546139677", "price": "0.97", "size": "32228.34", "side": "SELL", "hash": "3134bd8af345e6d91f09581603363c14ca020e4b", "best_bid": "0.93", "best_ask": "0.95"}], "timestamp": "1769384511448", "event_type": "price_change"}}
{"_local_timestamp": "2026-01-25T23:41:52.343571+00:00", "data": {"market": "0x3d181539539db729c9a7d64ca6a8408e9bcfe3f0a1b34006b3080b83251abc42", "price_changes": [{"asset_id": "7143227515027765990730848799554396540608061035800749058233095831982546139677", "price": "0.3", "size": "150", "side": "BUY", "hash": "1cd719564befcf798c94f37f539d96d82e8dc8ef", "best_bid": "0.93", "best_ask": "0.95"}, {"asset_id": "101527543003282261838304487852594777993929946270122190382925629741608625516752", "price": "0.7", "size": "150", "side": "SELL", "hash": "aa36c76d39af1e112f16fac6b596852a7b0e115b", "best_bid": "0.05", "best_ask": "0.07"}], "timestamp": "1769384511735", "event_type": "price_change"}}
{"_local_timestamp": "2026-01-25T23:41:52.344238+00:00", "data": {"market": "0x3ef91f30a2747ddf7569a00ac8e98b783ed883dc317b7ce7c1d9d7cf8abaaaa4", "price_changes": [{"asset_id": "39342171144861816896992253440408377265010285664347210041520694491243996062356", "price": "0.21", "size": "960", "side": "BUY", "hash": "26ce0354b19a3e4d07a600070f5c33798a520269", "best_bid": "0.87", "best_ask": "0.88"}, {"asset_id": "53278208813065717614334685705159077956149366574908426524098128705222746079163", "price": "0.79", "size": "960", "side": "SELL", "hash": "9ca3f6c7950b7effc58a59e9adeae1dc8ca03bd0", "best_bid": "0.12", "best_ask": "0.13"}], "timestamp": "1769384511735", "event_type": "price_change"}}
{"_local_timestamp": "2026-01-25T23:41:52.447645+00:00", "data": {"market": "0x3d181539539db729c9a7d64ca6a8408e9bcfe3f0a1b34006b3080b83251abc42", "price_changes": [{"asset_id": "101527543003282261838304487852594777993929946270122190382925629741608625516752", "price": "0.03", "size": "32220.96", "side": "BUY", "hash": "7428571924a77863d482158f92f4cf0710954877", "best_bid": "0.05", "best_ask": "0.07"}, {"asset_id": "7143227515027765990730848799554396540608061035800749058233095831982546139677", "price": "0.97", "size": "32220.96", "side": "SELL", "hash": "48cfa839286f225881b77be958b1aaf4c2b5cf55", "best_bid": "0.93", "best_ask": "0.95"}], "timestamp": "1769384512369", "event_type": "price_change"}}
{"_local_timestamp": "2026-01-25T23:41:53.085283+00:00", "data": {"market": "0x3d181539539db729c9a7d64ca6a8408e9bcfe3f0a1b34006b3080b83251abc42", "price_changes": [{"asset_id": "101527543003282261838304487852594777993929946270122190382925629741608625516752", "price": "0.03", "size": "32228.34", "side": "BUY", "hash": "123adab00ea2c7188cfea5d336bd11c7645667c9", "best_bid": "0.05", "best_ask": "0.07"}, {"asset_id": "7143227515027765990730848799554396540608061035800749058233095831982546139677", "price": "0.97", "size": "32228.34", "side": "SELL", "hash": "0989b0aa33663b0d68b2070b052a25b1be6d8a19", "best_bid": "0.93", "best_ask": "0.95"}], "timestamp": "1769384512746", "event_type": "price_change"}}
{"_local_timestamp": "2026-01-25T23:41:53.767560+00:00", "data": {"market": "0x3d181539539db729c9a7d64ca6a8408e9bcfe3f0a1b34006b3080b83251abc42", "price_changes": [{"asset_id": "101527543003282261838304487852594777993929946270122190382925629741608625516752", "price": "0.03", "size": "32220.96", "side": "BUY", "hash": "c4375365252861cb34a4ba3c0d4ddad93b8bcba5", "best_bid": "0.05", "best_ask": "0.07"}, {"asset_id": "7143227515027765990730848799554396540608061035800749058233095831982546139677", "price": "0.97", "size": "32220.96", "side": "SELL", "hash": "ec301ad7160a6522d6f7b529e8788623f9d49a0f", "best_bid": "0.93", "best_ask": "0.95"}], "timestamp": "1769384513698", "event_type": "price_change"}}
{"_local_timestamp": "2026-01-25T23:41:54.245482+00:00", "data": {"market": "0x3d181539539db729c9a7d64ca6a8408e9bcfe3f0a1b34006b3080b83251abc42", "price_changes": [{"asset_id": "101527543003282261838304487852594777993929946270122190382925629741608625516752", "price": "0.03", "size": "32228.34", "side": "BUY", "hash": "9ad8e77417e7e2fb4a51d3a39e523123cfd475a8", "best_bid": "0.05", "best_ask": "0.07"}, {"asset_id": "7143227515027765990730848799554396540608061035800749058233095831982546139677", "price": "0.97", "size": "32228.34", "side": "SELL", "hash": "061fcce20631868fe45b31bbf8b2e37d99003976", "best_bid": "0.93", "best_ask": "0.95"}], "timestamp": "1769384514175", "event_type": "price_change"}}
{"_local_timestamp": "2026-01-25T23:41:55.103609+00:00", "data": {"market": "0x3d181539539db729c9a7d64ca6a8408e9bcfe3f0a1b34006b3080b83251abc42", "price_changes": [{"asset_id": "101527543003282261838304487852594777993929946270122190382925629741608625516752", "price": "0.03", "size": "32220.96", "side": "BUY", "hash": "add8f3cb9d494d1c62567523c37c4e84db29d13e", "best_bid": "0.05", "best_ask": "0.07"}, {"asset_id": "7143227515027765990730848799554396540608061035800749058233095831982546139677", "price": "0.97", "size": "32220.96", "side": "SELL", "hash": "d43c64926071761999008e836aa3958cb8a75ab8", "best_bid": "0.93", "best_ask": "0.95"}], "timestamp": "1769384515025", "event_type": "price_change"}}
{"_local_timestamp": "2026-01-25T23:41:55.460862+00:00", "data": {"market": "0x3d181539539db729c9a7d64ca6a8408e9bcfe3f0a1b34006b3080b83251abc42", "price_changes": [{"asset_id": "101527543003282261838304487852594777993929946270122190382925629741608625516752", "price": "0.03", "size": "32228.34", "side": "BUY", "hash": "ddd84ffee8467af9b1977cc05d668befcb78d2ef", "best_bid": "0.05", "best_ask": "0.07"}, {"asset_id": "7143227515027765990730848799554396540608061035800749058233095831982546139677", "price": "0.97", "size": "32228.34", "side": "SELL", "hash": "04357dbfd595277bd9946152fad09f1c455b0a1a", "best_bid": "0.93", "best_ask": "0.95"}], "timestamp": "1769384515387", "event_type": "price_change"}}
{"_local_timestamp": "2026-01-25T23:41:57.324221+00:00", "data": {"market": "0x3d181539539db729c9a7d64ca6a8408e9bcfe3f0a1b34006b3080b83251abc42", "price_changes": [{"asset_id": "101527543003282261838304487852594777993929946270122190382925629741608625516752", "price": "0.03", "size": "32220.96", "side": "BUY", "hash": "7678cc6cbec04ec9094b9fce74a9118ea374bd01", "best_bid": "0.05", "best_ask": "0.07"}, {"asset_id": "7143227515027765990730848799554396540608061035800749058233095831982546139677", "price": "0.97", "size": "32220.96", "side": "SELL", "hash": "168f701d0290077038f1d5c6a87c680601ff471d", "best_bid": "0.93", "best_ask": "0.95"}], "timestamp": "1769384517248", "event_type": "price_change"}}
{"_local_timestamp": "2026-01-25T23:41:57.569406+00:00", "data": {"market": "0x3d181539539db729c9a7d64ca6a8408e9bcfe3f0a1b34006b3080b83251abc42", "price_changes": [{"asset_id": "101527543003282261838304487852594777993929946270122190382925629741608625516752", "price": "0.03", "size": "32228.34", "side": "BUY", "hash": "c9b7a6b100d4fcfd578105899ed3dbae03947cd9", "best_bid": "0.05", "best_ask": "0.07"}, {"asset_id": "7143227515027765990730848799554396540608061035800749058233095831982546139677", "price": "0.97", "size": "32228.34", "side": "SELL", "hash": "0f5300005ded8804edd8d89b2febbe365d35ef09", "best_bid": "0.93", "best_ask": "0.95"}], "timestamp": "1769384517497", "event_type": "price_change"}}
{"_local_timestamp": "2026-01-25T23:41:58.037023+00:00", "data": {"market": "0x3d181539539db729c9a7d64ca6a8408e9bcfe3f0a1b34006b3080b83251abc42", "price_changes": [{"asset_id": "7143227515027765990730848799554396540608061035800749058233095831982546139677", "price": "0.92", "size": "2766.5", "side": "BUY", "hash": "b753317d7681c09bd4a1484737403b5e05646995", "best_bid": "0.93", "best_ask": "0.95"}, {"asset_id": "101527543003282261838304487852594777993929946270122190382925629741608625516752", "price": "0.08", "size": "2766.5", "side": "SELL", "hash": "59cc083474cff160f964a3a0311632cd66601ad4", "best_bid": "0.05", "best_ask": "0.07"}], "timestamp": "1769384517965", "event_type": "price_change"}}
{"_local_timestamp": "2026-01-25T23:41:58.104866+00:00", "data": {"market": "0x3d181539539db729c9a7d64ca6a8408e9bcfe3f0a1b34006b3080b83251abc42", "price_changes": [{"asset_id": "101527543003282261838304487852594777993929946270122190382925629741608625516752", "price": "0.02", "size": "522.1", "side": "BUY", "hash": "1300c9eaecaf6b0131ad56543bc39175a93c0316", "best_bid": "0.05", "best_ask": "0.07"}, {"asset_id": "7143227515027765990730848799554396540608061035800749058233095831982546139677", "price": "0.98", "size": "522.1", "side": "SELL", "hash": "55d9cdd9a591e9e1bb5b05622c8375bc7d9e024f", "best_bid": "0.93", "best_ask": "0.95"}], "timestamp": "1769384518009", "event_type": "price_change"}}
{"_local_timestamp": "2026-01-25T23:41:58.186681+00:00", "data": {"market": "0x3d181539539db729c9a7d64ca6a8408e9bcfe3f0a1b34006b3080b83251abc42", "price_changes": [{"asset_id": "101527543003282261838304487852594777993929946270122190382925629741608625516752", "price": "0.03", "size": "32220.96", "side": "BUY", "hash": "dc06fac6a17261039955ed4d20b215c85f6a344d", "best_bid": "0.05", "best_ask": "0.07"}, {"asset_id": "7143227515027765990730848799554396540608061035800749058233095831982546139677", "price": "0.97", "size": "32220.96", "side": "SELL", "hash": "ba231bff42884cb59a7649734e8166c87bac1ff2", "best_bid": "0.93", "best_ask": "0.95"}], "timestamp": "1769384518121", "event_type": "price_change"}}
{"_local_timestamp": "2026-01-25T23:41:58.561304+00:00", "data": {"market": "0x3d181539539db729c9a7d64ca6a8408e9bcfe3f0a1b34006b3080b83251abc42", "price_changes": [{"asset_id": "101527543003282261838304487852594777993929946270122190382925629741608625516752", "price": "0.03", "size": "32228.34", "side": "BUY", "hash": "d799d008cfc76aa3c536fe5de50d8fca4b7d82f9", "best_bid": "0.05", "best_ask": "0.07"}, {"asset_id": "7143227515027765990730848799554396540608061035800749058233095831982546139677", "price": "0.97", "size": "32228.34", "side": "SELL", "hash": "06ddf715326248485d031c2d250520bb1b177d78", "best_bid": "0.93", "best_ask": "0.95"}], "timestamp": "1769384518489", "event_type": "price_change"}}
{"_local_timestamp": "2026-01-25T23:41:58.620723+00:00", "data": {"market": "0x3d181539539db729c9a7d64ca6a8408e9bcfe3f0a1b34006b3080b83251abc42", "price_changes": [{"asset_id": "7143227515027765990730848799554396540608061035800749058233095831982546139677", "price": "0.36", "size": "56", "side": "BUY", "hash": "eb3d57d0e077451cf4f25a7c886ffddb24e33aca", "best_bid": "0.93", "best_ask": "0.95"}, {"asset_id": "101527543003282261838304487852594777993929946270122190382925629741608625516752", "price": "0.64", "size": "56", "side": "SELL", "hash": "02393d5b2dc5b1d81098a24549b5fb1569727354", "best_bid": "0.05", "best_ask": "0.07"}], "timestamp": "1769384518540", "event_type": "price_change"}}
{"_local_timestamp": "2026-01-25T23:41:58.844899+00:00", "data": {"market": "0x3d181539539db729c9a7d64ca6a8408e9bcfe3f0a1b34006b3080b83251abc42", "price_changes": [{"asset_id": "7143227515027765990730848799554396540608061035800749058233095831982546139677", "price": "0.36", "size": "61", "side": "BUY", "hash": "19a9ea2a4952873a1d265872e8412507a1520df0", "best_bid": "0.93", "best_ask": "0.95"}, {"asset_id": "101527543003282261838304487852594777993929946270122190382925629741608625516752", "price": "0.64", "size": "61", "side": "SELL", "hash": "463079315d2e5a5eefe1d85a5615366f18e30bfb", "best_bid": "0.05", "best_ask": "0.07"}], "timestamp": "1769384518774", "event_type": "price_change"}}
{"_local_timestamp": "2026-01-25T23:41:59.041505+00:00", "data": {"market": "0x3d181539539db729c9a7d64ca6a8408e9bcfe3f0a1b34006b3080b83251abc42", "price_changes": [{"asset_id": "101527543003282261838304487852594777993929946270122190382925629741608625516752", "price": "0.03", "size": "32220.96", "side": "BUY", "hash": "e6d8826722bcd96510737e07de9f57b95f12c343", "best_bid": "0.05", "best_ask": "0.07"}, {"asset_id": "7143227515027765990730848799554396540608061035800749058233095831982546139677", "price": "0.97", "size": "32220.96", "side": "SELL", "hash": "6fed168e5712dab1edd8c153f56c500522f26592", "best_bid": "0.93", "best_ask": "0.95"}], "timestamp": "1769384518969", "event_type": "price_change"}}
{"_local_timestamp": "2026-01-25T23:41:59.252926+00:00", "data": {"market": "0x3d181539539db729c9a7d64ca6a8408e9bcfe3f0a1b34006b3080b83251abc42", "price_changes": [{"asset_id": "101527543003282261838304487852594777993929946270122190382925629741608625516752", "price": "0.02", "size": "622.1", "side": "BUY", "hash": "28e425c7c06023ae23e2651d2733a3a02239254a", "best_bid": "0.05", "best_ask": "0.07"}, {"asset_id": "7143227515027765990730848799554396540608061035800749058233095831982546139677", "price": "0.98", "size": "622.1", "side": "SELL", "hash": "eae083803cc31ffa2d2c6a0a2e519de91fb44462", "best_bid": "0.93", "best_ask": "0.95"}], "timestamp": "1769384519179", "event_type": "price_change"}}
{"_local_timestamp": "2026-01-25T23:41:59.428115+00:00", "data": {"market": "0x3d181539539db729c9a7d64ca6a8408e9bcfe3f0a1b34006b3080b83251abc42", "price_changes": [{"asset_id": "101527543003282261838304487852594777993929946270122190382925629741608625516752", "price": "0.03", "size": "32228.34", "side": "BUY", "hash": "f7ca49fc85bf8aef4fb97584693af83310e55b04", "best_bid": "0.05", "best_ask": "0.07"}, {"asset_id": "7143227515027765990730848799554396540608061035800749058233095831982546139677", "price": "0.97", "size": "32228.34", "side": "SELL", "hash": "78a5ea0c115f3d99c8d857f8c5ced242965e9324", "best_bid": "0.93", "best_ask": "0.95"}], "timestamp": "1769384519355", "event_type": "price_change"}}
{"_local_timestamp": "2026-01-25T23:42:00.008703+00:00", "data": {"market": "0x3d181539539db729c9a7d64ca6a8408e9bcfe3f0a1b34006b3080b83251abc42", "price_changes": [{"asset_id": "101527543003282261838304487852594777993929946270122190382925629741608625516752", "price": "0.02", "size": "522.1", "side": "BUY", "hash": "a44c59f3a504213897c38e869aaf12ae4fb1245a", "best_bid": "0.05", "best_ask": "0.07"}, {"asset_id": "7143227515027765990730848799554396540608061035800749058233095831982546139677", "price": "0.98", "size": "522.1", "side": "SELL", "hash": "1a92308bd41f6fb1caecb484e8ea081d27e493e1", "best_bid": "0.93", "best_ask": "0.95"}], "timestamp": "1769384519937", "event_type": "price_change"}}
{"_local_timestamp": "2026-01-25T23:42:00.507422+00:00", "data": {"market": "0x3d181539539db729c9a7d64ca6a8408e9bcfe3f0a1b34006b3080b83251abc42", "price_changes": [{"asset_id": "101527543003282261838304487852594777993929946270122190382925629741608625516752", "price": "0.02", "size": "622.1", "side": "BUY", "hash": "929aef351e6191a232f11eef1f51f8a1b604c6cc", "best_bid": "0.05", "best_ask": "0.07"}, {"asset_id": "7143227515027765990730848799554396540608061035800749058233095831982546139677", "price": "0.98", "size": "622.1", "side": "SELL", "hash": "ad4e1a0576902ed337fd8b44eec5c15f5b5904ae", "best_bid": "0.93", "best_ask": "0.95"}], "timestamp": "1769384520432", "event_type": "price_change"}}
{"_local_timestamp": "2026-01-25T23:42:00.761516+00:00", "data": {"market": "0x3d181539539db729c9a7d64ca6a8408e9bcfe3f0a1b34006b3080b83251abc42", "price_changes": [{"asset_id": "101527543003282261838304487852594777993929946270122190382925629741608625516752", "price": "0.03", "size": "32220.96", "side": "BUY", "hash": "90bc45e4a7cf775d751a387ef8088aaa61510b9a", "best_bid": "0.05", "best_ask": "0.07"}, {"asset_id": "7143227515027765990730848799554396540608061035800749058233095831982546139677", "price": "0.97", "size": "32220.96", "side": "SELL", "hash": "9c41b883e7deb68128c0cc7063bbd9b39bc1a41c", "best_bid": "0.93", "best_ask": "0.95"}], "timestamp": "1769384520688", "event_type": "price_change"}}
{"_local_timestamp": "2026-01-25T23:42:01.121094+00:00", "data": {"market": "0x3d181539539db729c9a7d64ca6a8408e9bcfe3f0a1b34006b3080b83251abc42", "price_changes": [{"asset_id": "101527543003282261838304487852594777993929946270122190382925629741608625516752", "price": "0.03", "size": "32228.34", "side": "BUY", "hash": "6a4610a5453ec39fd74169a906a7b5c9621fe46d", "best_bid": "0.05", "best_ask": "0.07"}, {"asset_id": "7143227515027765990730848799554396540608061035800749058233095831982546139677", "price": "0.97", "size": "32228.34", "side": "SELL", "hash": "9835d4c5686aa35b2e424dc3c4847c41b8a16d97", "best_bid": "0.93", "best_ask": "0.95"}], "timestamp": "1769384521023", "event_type": "price_change"}}
{"_local_timestamp": "2026-01-25T23:42:01.237553+00:00", "data": {"market": "0x3d181539539db729c9a7d64ca6a8408e9bcfe3f0a1b34006b3080b83251abc42", "price_changes": [{"asset_id": "101527543003282261838304487852594777993929946270122190382925629741608625516752", "price": "0.02", "size": "522.1", "side": "BUY", "hash": "59ba2e99f5aa368f246d308053c86723f16d0277", "best_bid": "0.05", "best_ask": "0.07"}, {"asset_id": "7143227515027765990730848799554396540608061035800749058233095831982546139677", "price": "0.98", "size": "522.1", "side": "SELL", "hash": "3a23f0e527b2d72b18abee010b687e99c2ebb661", "best_bid": "0.93", "best_ask": "0.95"}], "timestamp": "1769384521164", "event_type": "price_change"}}
{"_local_timestamp": "2026-01-25T23:42:01.895837+00:00", "data": {"market": "0x3d181539539db729c9a7d64ca6a8408e9bcfe3f0a1b34006b3080b83251abc42", "price_changes": [{"asset_id": "101527543003282261838304487852594777993929946270122190382925629741608625516752", "price": "0.02", "size": "622.1", "side": "BUY", "hash": "408073addf2fe10ad93df8f645d6f11145d55b6c", "best_bid": "0.05", "best_ask": "0.07"}, {"asset_id": "7143227515027765990730848799554396540608061035800749058233095831982546139677", "price": "0.98", "size": "622.1", "side": "SELL", "hash": "6660333ee5eddfc1d4e51519f37bc051e08c039e", "best_bid": "0.93", "best_ask": "0.95"}], "timestamp": "1769384521825", "event_type": "price_change"}}
{"_local_timestamp": "2026-01-25T23:42:02.274327+00:00", "data": {"market": "0x3d181539539db729c9a7d64ca6a8408e9bcfe3f0a1b34006b3080b83251abc42", "price_changes": [{"asset_id": "101527543003282261838304487852594777993929946270122190382925629741608625516752", "price": "0.03", "size": "32220.96", "side": "BUY", "hash": "68fa66bc2e3a84520ede2f2fc94ea641d3058839", "best_bid": "0.05", "best_ask": "0.07"}, {"asset_id": "7143227515027765990730848799554396540608061035800749058233095831982546139677", "price": "0.97", "size": "32220.96", "side": "SELL", "hash": "a05d5197c7926abd45d85f669132d6b5538446c4", "best_bid": "0.93", "best_ask": "0.95"}], "timestamp": "1769384522203", "event_type": "price_change"}}
{"_local_timestamp": "2026-01-25T23:42:02.614192+00:00", "data": {"market": "0x3d181539539db729c9a7d64ca6a8408e9bcfe3f0a1b34006b3080b83251abc42", "price_changes": [{"asset_id": "101527543003282261838304487852594777993929946270122190382925629741608625516752", "price": "0.03", "size": "32228.34", "side": "BUY", "hash": "e01665115a7300f455d98f7ceb2dd69becacb295", "best_bid": "0.05", "best_ask": "0.07"}, {"asset_id": "7143227515027765990730848799554396540608061035800749058233095831982546139677", "price": "0.97", "size": "32228.34", "side": "SELL", "hash": "ec2a5744b7b44e51bcd4aba781f9938bdf6b9b72", "best_bid": "0.93", "best_ask": "0.95"}], "timestamp": "1769384522539", "event_type": "price_change"}}
{"_local_timestamp": "2026-01-25T23:42:03.438195+00:00", "data": {"market": "0x3d181539539db729c9a7d64ca6a8408e9bcfe3f0a1b34006b3080b83251abc42", "price_changes": [{"asset_id": "101527543003282261838304487852594777993929946270122190382925629741608625516752", "price": "0.02", "size": "522.1", "side": "BUY", "hash": "601bebacebd2860af77d2f176b1d8920c7550245", "best_bid": "0.05", "best_ask": "0.07"}, {"asset_id": "7143227515027765990730848799554396540608061035800749058233095831982546139677", "price": "0.98", "size": "522.1", "side": "SELL", "hash": "c7f303885a20cd591858f11e335fca07c2da86bb", "best_bid": "0.93", "best_ask": "0.95"}], "timestamp": "1769384523364", "event_type": "price_change"}}
{"_local_timestamp": "2026-01-25T23:42:03.878749+00:00", "data": {"market": "0x3d181539539db729c9a7d64ca6a8408e9bcfe3f0a1b34006b3080b83251abc42", "price_changes": [{"asset_id": "101527543003282261838304487852594777993929946270122190382925629741608625516752", "price": "0.02", "size": "622.1", "side": "BUY", "hash": "2365863496298ff8c67d2a00c37e0e9f4d35dbf3", "best_bid": "0.05", "best_ask": "0.07"}, {"asset_id": "7143227515027765990730848799554396540608061035800749058233095831982546139677", "price": "0.98", "size": "622.1", "side": "SELL", "hash": "123054ee3eee94d537c7db38fb82f4c23c6519bd", "best_bid": "0.93", "best_ask": "0.95"}], "timestamp": "1769384523803", "event_type": "price_change"}}
{"_local_timestamp": "2026-01-25T23:42:04.004437+00:00", "data": {"market": "0x3d181539539db729c9a7d64ca6a8408e9bcfe3f0a1b34006b3080b83251abc42", "price_changes": [{"asset_id": "101527543003282261838304487852594777993929946270122190382925629741608625516752", "price": "0.03", "size": "32220.96", "side": "BUY", "hash": "20b3619bf93ec6c36b99bc17fb257bb72492e84e", "best_bid": "0.05", "best_ask": "0.07"}, {"asset_id": "7143227515027765990730848799554396540608061035800749058233095831982546139677", "price": "0.97", "size": "32220.96", "side": "SELL", "hash": "e9a7250e666d8efd3ea6b2084a4f4ffcf8281f55", "best_bid": "0.93", "best_ask": "0.95"}], "timestamp": "1769384523937", "event_type": "price_change"}}
{"_local_timestamp": "2026-01-25T23:42:04.345380+00:00", "data": {"market": "0x3d181539539db729c9a7d64ca6a8408e9bcfe3f0a1b34006b3080b83251abc42", "price_changes": [{"asset_id": "101527543003282261838304487852594777993929946270122190382925629741608625516752", "price": "0.03", "size": "32228.34", "side": "BUY", "hash": "96dae5bc6ee9a274289a55cbc66c68e904a81342", "best_bid": "0.05", "best_ask": "0.07"}, {"asset_id": "7143227515027765990730848799554396540608061035800749058233095831982546139677", "price": "0.97", "size": "32228.34", "side": "SELL", "hash": "dc7f7ca703d19a55bb27bcf3c115377c99079dcd", "best_bid": "0.93", "best_ask": "0.95"}], "timestamp": "1769384524269", "event_type": "price_change"}}
{"_local_timestamp": "2026-01-25T23:42:04.716940+00:00", "data": {"market": "0x3d181539539db729c9a7d64ca6a8408e9bcfe3f0a1b34006b3080b83251abc42", "price_changes": [{"asset_id": "101527543003282261838304487852594777993929946270122190382925629741608625516752", "price": "0.02", "size": "522.1", "side": "BUY", "hash": "1c78bd582e27dbc39d84371ca68416efd9232732", "best_bid": "0.05", "best_ask": "0.07"}, {"asset_id": "7143227515027765990730848799554396540608061035800749058233095831982546139677", "price": "0.98", "size": "522.1", "side": "SELL", "hash": "773b81c516ded88cd52f000d72a6517f8c54c244", "best_bid": "0.93", "best_ask": "0.95"}], "timestamp": "1769384524643", "event_type": "price_change"}}
{"_local_timestamp": "2026-01-25T23:42:05.163920+00:00", "data": {"market": "0x3d181539539db729c9a7d64ca6a8408e9bcfe3f0a1b34006b3080b83251abc42", "price_changes": [{"asset_id": "101527543003282261838304487852594777993929946270122190382925629741608625516752", "price": "0.02", "size": "622.1", "side": "BUY", "hash": "75d6e2bef4af97db8cdb51cf993fa426ac4831f2", "best_bid": "0.05", "best_ask": "0.07"}, {"asset_id": "7143227515027765990730848799554396540608061035800749058233095831982546139677", "price": "0.98", "size": "622.1", "side": "SELL", "hash": "4967e86fc1b988ebca22bf8ad32a87c0733e4cd3", "best_bid": "0.93", "best_ask": "0.95"}], "timestamp": "1769384525037", "event_type": "price_change"}}
{"_local_timestamp": "2026-01-25T23:42:05.855522+00:00", "data": {"market": "0x3d181539539db729c9a7d64ca6a8408e9bcfe3f0a1b34006b3080b83251abc42", "price_changes": [{"asset_id": "101527543003282261838304487852594777993929946270122190382925629741608625516752", "price": "0.02", "size": "522.1", "side": "BUY", "hash": "41f10b73cebe564ae371acf2e9ce841aeada3093", "best_bid": "0.05", "best_ask": "0.07"}, {"asset_id": "7143227515027765990730848799554396540608061035800749058233095831982546139677", "price": "0.98", "size": "522.1", "side": "SELL", "hash": "1c374289d78d679bcd8af492fd5547842b514102", "best_bid": "0.93", "best_ask": "0.95"}], "timestamp": "1769384525787", "event_type": "price_change"}}
{"_local_timestamp": "2026-01-25T23:42:06.219216+00:00", "data": {"market": "0x3d181539539db729c9a7d64ca6a8408e9bcfe3f0a1b34006b3080b83251abc42", "price_changes": [{"asset_id": "101527543003282261838304487852594777993929946270122190382925629741608625516752", "price": "0.02", "size": "622.1", "side": "BUY", "hash": "12bc7b4b2f7d3009f55a4c54804b5379a465e481", "best_bid": "0.05", "best_ask": "0.07"}, {"asset_id": "7143227515027765990730848799554396540608061035800749058233095831982546139677", "price": "0.98", "size": "622.1", "side": "SELL", "hash": "988204dfc7d65d5efd0e5ad8701620b9449ffdf1", "best_bid": "0.93", "best_ask": "0.95"}], "timestamp": "1769384526149", "event_type": "price_change"}}
{"_local_timestamp": "2026-01-25T23:42:06.304476+00:00", "data": {"market": "0x3d181539539db729c9a7d64ca6a8408e9bcfe3f0a1b34006b3080b83251abc42", "price_changes": [{"asset_id": "101527543003282261838304487852594777993929946270122190382925629741608625516752", "price": "0.03", "size": "32220.96", "side": "BUY", "hash": "16d20a7cdcb0fe3d090d719ba5f44913bddf8b6d", "best_bid": "0.05", "best_ask": "0.07"}, {"asset_id": "7143227515027765990730848799554396540608061035800749058233095831982546139677", "price": "0.97", "size": "32220.96", "side": "SELL", "hash": "9e6ecf51208ef471475599819937ae12a1ff41f0", "best_bid": "0.93", "best_ask": "0.95"}], "timestamp": "1769384526227", "event_type": "price_change"}}
{"_local_timestamp": "2026-01-25T23:42:06.621109+00:00", "data": {"market": "0x3d181539539db729c9a7d64ca6a8408e9bcfe3f0a1b34006b3080b83251abc42", "price_changes": [{"asset_id": "101527543003282261838304487852594777993929946270122190382925629741608625516752", "price": "0.03", "size": "32228.34", "side": "BUY", "hash": "8184acaded16a2abf93ceb71f9232493c4f2b216", "best_bid": "0.05", "best_ask": "0.07"}, {"asset_id": "7143227515027765990730848799554396540608061035800749058233095831982546139677", "price": "0.97", "size": "32228.34", "side": "SELL", "hash": "40adf676128578665963e9229b0e932be687cee3", "best_bid": "0.93", "best_ask": "0.95"}], "timestamp": "1769384526549", "event_type": "price_change"}}
{"_local_timestamp": "2026-01-25T23:42:07.150436+00:00", "data": {"market": "0x3d181539539db729c9a7d64ca6a8408e9bcfe3f0a1b34006b3080b83251abc42", "price_changes": [{"asset_id": "101527543003282261838304487852594777993929946270122190382925629741608625516752", "price": "0.02", "size": "522.1", "side": "BUY", "hash": "933d571351c7780f1436b6f3934a085b083d3f33", "best_bid": "0.05", "best_ask": "0.07"}, {"asset_id": "7143227515027765990730848799554396540608061035800749058233095831982546139677", "price": "0.98", "size": "522.1", "side": "SELL", "hash": "ba523c9082c26e58c30cbb767fb1fddb41551c54", "best_bid": "0.93", "best_ask": "0.95"}], "timestamp": "1769384527080", "event_type": "price_change"}}
{"_local_timestamp": "2026-01-25T23:42:07.532427+00:00", "data": {"market": "0x3d181539539db729c9a7d64ca6a8408e9bcfe3f0a1b34006b3080b83251abc42", "price_changes": [{"asset_id": "101527543003282261838304487852594777993929946270122190382925629741608625516752", "price": "0.02", "size": "622.1", "side": "BUY", "hash": "f8e1800548e58828e363c4bcf8eff1f16518f79d", "best_bid": "0.05", "best_ask": "0.07"}, {"asset_id": "7143227515027765990730848799554396540608061035800749058233095831982546139677", "price": "0.98", "size": "622.1", "side": "SELL", "hash": "43187fd939de5b36a76f419b42a66cb96620bced", "best_bid": "0.93", "best_ask": "0.95"}], "timestamp": "1769384527454", "event_type": "price_change"}}
{"_local_timestamp": "2026-01-25T23:42:07.658445+00:00", "data": {"market": "0x3d181539539db729c9a7d64ca6a8408e9bcfe3f0a1b34006b3080b83251abc42", "price_changes": [{"asset_id": "101527543003282261838304487852594777993929946270122190382925629741608625516752", "price": "0.03", "size": "32220.96", "side": "BUY", "hash": "c02d77b17368fa198f0f094d72a82a072f9250f3", "best_bid": "0.05", "best_ask": "0.07"}, {"asset_id": "7143227515027765990730848799554396540608061035800749058233095831982546139677", "price": "0.97", "size": "32220.96", "side": "SELL", "hash": "206b800cabea29f11ee11fb9354dfb92f5a83718", "best_bid": "0.93", "best_ask": "0.95"}], "timestamp": "1769384527585", "event_type": "price_change"}}
{"_local_timestamp": "2026-01-25T23:42:07.942617+00:00", "data": {"market": "0x3d181539539db729c9a7d64ca6a8408e9bcfe3f0a1b34006b3080b83251abc42", "price_changes": [{"asset_id": "101527543003282261838304487852594777993929946270122190382925629741608625516752", "price": "0.03", "size": "32228.34", "side": "BUY", "hash": "2f694e156d6792a0c1b6cd21e96102c98370a4c9", "best_bid": "0.05", "best_ask": "0.07"}, {"asset_id": "7143227515027765990730848799554396540608061035800749058233095831982546139677", "price": "0.97", "size": "32228.34", "side": "SELL", "hash": "4dfa80889ef30616c86159a65f6f0fc74912a60e", "best_bid": "0.93", "best_ask": "0.95"}], "timestamp": "1769384527867", "event_type": "price_change"}}
{"_local_timestamp": "2026-01-25T23:42:08.171692+00:00", "data": {"market": "0x3d181539539db729c9a7d64ca6a8408e9bcfe3f0a1b34006b3080b83251abc42", "price_changes": [{"asset_id": "101527543003282261838304487852594777993929946270122190382925629741608625516752", "price": "0.02", "size": "522.1", "side": "BUY", "hash": "05c91ba1937cb3abdfefe20a5de5c851710932d6", "best_bid": "0.05", "best_ask": "0.07"}, {"asset_id": "7143227515027765990730848799554396540608061035800749058233095831982546139677", "price": "0.98", "size": "522.1", "side": "SELL", "hash": "c1ce17f4f3bad85b3197250d5033049005ca2fc4", "best_bid": "0.93", "best_ask": "0.95"}], "timestamp": "1769384528106", "event_type": "price_change"}}
{"_local_timestamp": "2026-01-25T23:42:08.517625+00:00", "data": {"market": "0x3d181539539db729c9a7d64ca6a8408e9bcfe3f0a1b34006b3080b83251abc42", "price_changes": [{"asset_id": "101527543003282261838304487852594777993929946270122190382925629741608625516752", "price": "0.02", "size": "622.1", "side": "BUY", "hash": "b1566308f50c0310f89b402ee6f7c1617965d7c9", "best_bid": "0.05", "best_ask": "0.07"}, {"asset_id": "7143227515027765990730848799554396540608061035800749058233095831982546139677", "price": "0.98", "size": "622.1", "side": "SELL", "hash": "8e0a7b8037e8e52cd5ed0c71fd02881873ccd6e6", "best_bid": "0.93", "best_ask": "0.95"}], "timestamp": "1769384528444", "event_type": "price_change"}}
{"_local_timestamp": "2026-01-25T23:42:08.944364+00:00", "data": {"market": "0x3d181539539db729c9a7d64ca6a8408e9bcfe3f0a1b34006b3080b83251abc42", "price_changes": [{"asset_id": "101527543003282261838304487852594777993929946270122190382925629741608625516752", "price": "0.03", "size": "32220.96", "side": "BUY", "hash": "f446b2ebb64a39bb20828fb47c8ce03c58c146a7", "best_bid": "0.05", "best_ask": "0.07"}, {"asset_id": "7143227515027765990730848799554396540608061035800749058233095831982546139677", "price": "0.97", "size": "32220.96", "side": "SELL", "hash": "e8eb71adc57bb90a28b7ce0de48c8d3b297ab706", "best_bid": "0.93", "best_ask": "0.95"}], "timestamp": "1769384528872", "event_type": "price_change"}}
{"_local_timestamp": "2026-01-25T23:42:09.197297+00:00", "data": {"market": "0x3d181539539db729c9a7d64ca6a8408e9bcfe3f0a1b34006b3080b83251abc42", "price_changes": [{"asset_id": "101527543003282261838304487852594777993929946270122190382925629741608625516752", "price": "0.02", "size": "522.1", "side": "BUY", "hash": "d0300260e48c9d2ba827ef216e76f87a2980b15a", "best_bid": "0.05", "best_ask": "0.07"}, {"asset_id": "7143227515027765990730848799554396540608061035800749058233095831982546139677", "price": "0.98", "size": "522.1", "side": "SELL", "hash": "4a5eccd9cf4a66b398aa5780047e88000769f5b7", "best_bid": "0.93", "best_ask": "0.95"}], "timestamp": "1769384529120", "event_type": "price_change"}}
{"_local_timestamp": "2026-01-25T23:42:09.252295+00:00", "data": {"market": "0x3d181539539db729c9a7d64ca6a8408e9bcfe3f0a1b34006b3080b83251abc42", "price_changes": [{"asset_id": "101527543003282261838304487852594777993929946270122190382925629741608625516752", "price": "0.03", "size": "32228.34", "side": "BUY", "hash": "94cf7e19e86d697aff0c508090721659bb44e649", "best_bid": "0.05", "best_ask": "0.07"}, {"asset_id": "7143227515027765990730848799554396540608061035800749058233095831982546139677", "price": "0.97", "size": "32228.34", "side": "SELL", "hash": "d651dda30c801cc6e91867bce46821b8f1d57fbf", "best_bid": "0.93", "best_ask": "0.95"}], "timestamp": "1769384529178", "event_type": "price_change"}}
{"_local_timestamp": "2026-01-25T23:42:09.582631+00:00", "data": {"market": "0x3d181539539db729c9a7d64ca6a8408e9bcfe3f0a1b34006b3080b83251abc42", "price_changes": [{"asset_id": "101527543003282261838304487852594777993929946270122190382925629741608625516752", "price": "0.02", "size": "622.1", "side": "BUY", "hash": "17f6c453410bea8b43adf14dc3ddb51b755aa171", "best_bid": "0.05", "best_ask": "0.07"}, {"asset_id": "7143227515027765990730848799554396540608061035800749058233095831982546139677", "price": "0.98", "size": "622.1", "side": "SELL", "hash": "fb9f8f306c826f3f8c4325f7c894f38e1e360687", "best_bid": "0.93", "best_ask": "0.95"}], "timestamp": "1769384529509", "event_type": "price_change"}}
{"_local_timestamp": "2026-01-25T23:42:10.262344+00:00", "data": {"market": "0x3d181539539db729c9a7d64ca6a8408e9bcfe3f0a1b34006b3080b83251abc42", "price_changes": [{"asset_id": "101527543003282261838304487852594777993929946270122190382925629741608625516752", "price": "0.03", "size": "32220.96", "side": "BUY", "hash": "d9418fd29d993171a0d5f0ffcbfbe7f5f7a060cd", "best_bid": "0.05", "best_ask": "0.07"}, {"asset_id": "7143227515027765990730848799554396540608061035800749058233095831982546139677", "price": "0.97", "size": "32220.96", "side": "SELL", "hash": "99718e83eb8b9fc547103dd9be7e3bbf9435ab18", "best_bid": "0.93", "best_ask": "0.95"}], "timestamp": "1769384530177", "event_type": "price_change"}}
