{"_local_timestamp": "2026-01-25T23:41:07.714297+00:00", "data": [{"market": "0x3ef91f30a2747ddf7569a00ac8e98b783ed883dc317b7ce7c1d9d7cf8abaaaa4", "asset_id": "53278208813065717614334685705159077956149366574908426524098128705222746079163", "timestamp": "1769384461428", "hash": "0beace3cebc0d6ba5b138fd4c0121f1940c70c9e", "bids": [{"price": "0.01", "size": "1074.92"}, {"price": "0.02", "size": "656.72"}, {"price": "0.03", "size": "12.18"}, {"price": "0.04", "size": "3529.29"}, {"price": "0.05", "size": "710"}, {"price": "0.06", "size": "1058.66"}, {"price": "0.07", "size": "53.35"}, {"price": "0.09", "size": "10"}, {"price": "0.1", "size": "4471.01"}, {"price": "0.11", "size": "2441.13"}, {"price": "0.12", "size": "356.18"}], "asks": [{"price": "0.99", "size": "5912.18"}, {"price": "0.98", "size": "1512"}, {"price": "0.97", "size": "6685"}, {"price": "0.96", "size": "133.68"}, {"price": "0.95", "size": "30"}, {"price": "0.92", "size": "32"}, {"price": "0.91", "size": "600"}, {"price": "0.9", "size": "6.31"}, {"price": "0.88", "size": "3050"}, {"price": "0.86", "size": "242.85"}, {"price": "0.85", "size": "1066"}, {"price": "0.84", "size": "8"}, {"price": "0.81", "size": "168.42"}, {"price": "0.8", "size": "400"}, {"price": "0.79", "size": "860"}, {"price": "0.78", "size": "100"}, {"price": "0.77", "size": "121.73"}, {"price": "0.74", "size": "126.56"}, {"price": "0.73", "size": "100"}, {"price": "0.72", "size": "1990.85"}, {"price": "0.71", "size": "6"}, {"price": "0.67", "size": "72.72"}, {"price": "0.64", "size": "64"}, {"price": "0.63", "size": "179.05"}, {"price": "0.48", "size": "32"}, {"price": "0.44", "size": "300"}, {"price": "0.32", "size": "16"}, {"price": "0.3", "size": "12"}, {"price": "0.24", "size": "8"}, {"price": "0.21", "size": "16.45"}, {"price": "0.2", "size": "13.75"}, {"price": "0.18", "size": "15.62"}, {"price": "0.16", "size": "1131.1"}, {"price": "0.15", "size": "794"}, {"price": "0.14", "size": "2032.1"}, {"price": "0.13", "size": "145.29"}], "event_type": "book", "last_trade_price": "0.120"}, {"market": "0x3ef91f30a2747ddf7569a00ac8e98b783ed883dc317b7ce7c1d9d7cf8abaaaa4", "asset_id": "39342171144861816896992253440408377265010285664347210041520694491243996062356", "timestamp": "1769384461428", "hash": "b0a42dfb586c9019a912885f16696480946ff313", "bids": [{"price": "0.01", "size": "5912.18"}, {"price": "0.02", "size": "1512"}, {"price": "0.03", "size": "6685"}, {"price": "0.04", "size": "133.68"}, {"price": "0.05", "size": "30"}, {"price": "0.08", "size": "32"}, {"price": "0.09", "size": "600"}, {"price": "0.1", "size": "6.31"}, {"price": "0.12", "size": "3050"}, {"price": "0.14", "size": "242.85"}, {"price": "0.15", "size": "1066"}, {"price": "0.16", "size": "8"}, {"price": "0.19", "size": "168.42"}, {"price": "0.2", "size": "400"}, {"price": "0.21", "size": "860"}, {"price": "0.22", "size": "100"}, {"price": "0.23", "size": "121.73"}, {"price": "0.26", "size": "126.56"}, {"price": "0.27", "size": "100"}, {"price": "0.28", "size": "1990.85"}, {"price": "0.29", "size": "6"}, {"price": "0.33", "size": "72.72"}, {"price": "0.36", "size": "64"}, {"price": "0.37", "size": "179.05"}, {"price": "0.52", "size": "32"}, {"price": "0.56", "size": "300"}, {"price": "0.68", "size": "16"}, {"price": "0.7", "size": "12"}, {"price": "0.76", "size": "8"}, {"price": "0.79", "size": "16.45"}, {"price": "0.8", "size": "13.75"}, {"price": "0.82", "size": "15.62"}, {"price": "0.84", "size": "1131.1"}, {"price": "0.85", "size": "794"}, {"price": "0.86", "size": "2032.1"}, {"price": "0.87", "size": "145.29"}], "asks": [{"price": "0.99", "size": "1074.92"}, {"price": "0.98", "size": "656.72"}, {"price": "0.97", "size": "12.18"}, {"price": "0.96", "size": "3529.29"}, {"price": "0.95", "size": "710"}, {"price": "0.94", "size": "1058.66"}, {"price": "0.93", "size": "53.35"}, {"price": "0.91", "size": "10"}, {"price": "0.9", "size": "4471.01"}, {"price": "0.89", "size": "2441.13"}, {"price": "0.88", "size": "356.18"}], "event_type": "book", "last_trade_price": "0.120"}, {"market": "0x3d181539539db729c9a7d64ca6a8408e9bcfe3f0a1b34006b3080b83251abc42", "asset_id": "101527543003282261838304487852594777993929946270122190382925629741608625516752", "timestamp": "1769384466351", "hash": "71eba088b8f375083d8fbe147d546737db81af14", "bids": [{"price": "0.01", "size": "472.1"}, {"price": "0.02", "size": "422.1"}, {"price": "0.03", "size": "32228.34"}, {"price": "0.04", "size": "3111.53"}, {"price": "0.05", "size": "1982.41"}], "asks": [{"price": "0.99", "size": "5222.18"}, {"price": "0.98", "size": "1912"}, {"price": "0.97", "size": "250"}, {"price": "0.96", "size": "133.68"}, {"price": "0.95", "size": "30"}, {"price": "0.92", "size": "32"}, {"price": "0.91", "size": "900"}, {"price": "0.9", "size": "6.3"}, {"price": "0.87", "size": "2856"}, {"price": "0.86", "size": "242.85"}, {"price": "0.84", "size": "8"}, {"price": "0.81", "size": "168.42"}, {"price": "0.8", "size": "1250"}, {"price": "0.79", "size": "200"}, {"price": "0.76", "size": "116.66"}, {"price": "0.71", "size": "89.65"}, {"price": "0.7", "size": "1500"}, {"price": "0.67", "size": "72.72"}, {"price": "0.66", "size": "1864"}, {"price": "0.65", "size": "5"}, {"price": "0.64", "size": "61"}, {"price": "0.62", "size": "127.63"}, {"price": "0.48", "size": "64"}, {"price": "0.32", "size": "32"}, {"price": "0.24", "size": "16"}, {"price": "0.2", "size": "155.15"}, {"price": "0.13", "size": "200"}, {"price": "0.1", "size": "442"}, {"price": "0.09", "size": "1936.7"}, {"price": "0.08", "size": "2666.5"}, {"price": "0.07", "size": "246.42"}], "event_type": "book", "last_trade_price": "0.930"}, {"market": "0x3d181539539db729c9a7d64ca6a8408e9bcfe3f0a1b34006b3080b83251abc42", "asset_id": "7143227515027765990730848799554396540608061035800749058233095831982546139677", "timestamp": "1769384466351", "hash": "92a16edb306953fcafe7e598f832750d6f0b5990", "bids": [{"price": "0.01", "size": "5222.18"}, {"price": "0.02", "size": "1912"}, {"price": "0.03", "size": "250"}, {"price": "0.04", "size": "133.68"}, {"price": "0.05", "size": "30"}, {"price": "0.08", "size": "32"}, {"price": "0.09", "size": "900"}, {"price": "0.1", "size": "6.3"}, {"price": "0.13", "size": "2856"}, {"price": "0.14", "size": "242.85"}, {"price": "0.16", "size": "8"}, {"price": "0.19", "size": "168.42"}, {"price": "0.2", "size": "1250"}, {"price": "0.21", "size": "200"}, {"price": "0.24", "size": "116.66"}, {"price": "0.29", "size": "89.65"}, {"price": "0.3", "size": "1500"}, {"price": "0.33", "size": "72.72"}, {"price": "0.34", "size": "1864"}, {"price": "0.35", "size": "5"}, {"price": "0.36", "size": "61"}, {"price": "0.38", "size": "127.63"}, {"price": "0.52", "size": "64"}, {"price": "0.68", "size": "32"}, {"price": "0.76", "size": "16"}, {"price": "0.8", "size": "155.15"}, {"price": "0.87", "size": "200"}, {"price": "0.9", "size": "442"}, {"price": "0.91", "size": "1936.7"}, {"price": "0.92", "size": "2666.5"}, {"price": "0.93", "size": "246.42"}], "asks": [{"price": "0.99", "size": "472.1"}, {"price": "0.98", "size": "422.1"}, {"price": "0.97", "size": "32228.34"}, {"price": "0.96", "size": "3111.53"}, {"price": "0.95", "size": "1982.41"}], "event_type": "book", "last_trade_price": "0.930"}]}
{"_local_timestamp": "2026-01-25T23:41:07.837579+00:00", "data": {"market": "0x3d181539539db729c9a7d64ca6a8408e9bcfe3f0a1b34006b3080b83251abc42", "price_changes": [{"asset_id": "101527543003282261838304487852594777993929946270122190382925629741608625516752", "price": "0.03", "size": "32220.96", "side": "BUY", "hash": "29e62171d8cf2d49c58f0b37dd4282b1c0d10c48", "best_bid": "0.05", "best_ask": "0.07"}, {"asset_id": "7143227515027765990730848799554396540608061035800749058233095831982546139677", "price": "0.97", "size": "32220.96", "side": "SELL", "hash": "5a3e3001d1b7e298fd996ee68b39ee6fce2ebfcf", "best_bid": "0.93", "best_ask": "0.95"}], "timestamp": "1769384467755", "event_type": "price_change"}}
{"_local_timestamp": "2026-01-25T23:41:08.196064+00:00", "data": {"market": "0x3d181539539db729c9a7d64ca6a8408e9bcfe3f0a1b34006b3080b83251abc42", "price_changes": [{"asset_id": "101527543003282261838304487852594777993929946270122190382925629741608625516752", "price": "0.03", "size": "32228.34", "side": "BUY", "hash": "932f892cb2abaa8b2da8f20714d0d449ee134271", "best_bid": "0.05", "best_ask": "0.07"}, {"asset_id": "7143227515027765990730848799554396540608061035800749058233095831982546139677", "price": "0.97", "size": "32228.34", "side": "SELL", "hash": "5c45e1b521a7745cb42c7e55bc1800df2781e46a", "best_bid": "0.93", "best_ask": "0.95"}], "timestamp": "1769384468128", "event_type": "price_change"}}
{"_local_timestamp": "2026-01-25T23:41:09.565701+00:00", "data": {"market": "0x3d181539539db729c9a7d64ca6a8408e9bcfe3f0a1b34006b3080b83251abc42", "price_changes": [{"asset_id": "7143227515027765990730848799554396540608061035800749058233095831982546139677", "price": "0.36", "size": "56", "side": "BUY", "hash": "83ee9ea90c6e54e346f8ea9f410b05c2ce583b9b", "best_bid": "0.93", "best_ask": "0.95"}, {"asset_id": "101527543003282261838304487852594777993929946270122190382925629741608625516752", "price": "0.64", "size": "56", "side": "SELL", "hash": "0ad9d7b24bce7380a6a79e4dbc72ff0c8edcc4fd", "best_bid": "0.05", "best_ask": "0.07"}], "timestamp": "1769384469487", "event_type": "price_change"}}
{"_local_timestamp": "2026-01-25T23:41:09.567866+00:00", "data": {"market": "0x3d181539539db729c9a7d64ca6a8408e9bcfe3f0a1b34006b3080b83251abc42", "price_changes": [{"asset_id": "101527543003282261838304487852594777993929946270122190382925629741608625516752", "price": "0.03", "size": "32220.96", "side": "BUY", "hash": "674bf01b4de0077377350afe91d924b31dd6d746", "best_bid": "0.05", "best_ask": "0.07"}, {"asset_id": "7143227515027765990730848799554396540608061035800749058233095831982546139677", "price": "0.97", "size": "32220.96", "side": "SELL", "hash": "e478b2498d317d68f137ecc8e94df741fbe00cd4", "best_bid": "0.93", "best_ask": "0.95"}], "timestamp": "1769384469487", "event_type": "price_change"}}
{"_local_timestamp": "2026-01-25T23:41:09.647013+00:00", "data": {"market": "0x3d181539539db729c9a7d64ca6a8408e9bcfe3f0a1b34006b3080b83251abc42", "price_changes": [{"asset_id": "7143227515027765990730848799554396540608061035800749058233095831982546139677", "price": "0.21", "size": "100", "side": "BUY", "hash": "892f468cafb73bfab467ad450aa0c4cbe2739a5f", "best_bid": "0.93", "best_ask": "0.95"}, {"asset_id": "101527543003282261838304487852594777993929946270122190382925629741608625516752", "price": "0.79", "size": "100", "side": "SELL", "hash": "8a30b9acfbb4fae8126575d346a818c4d6db5389", "best_bid": "0.05", "best_ask": "0.07"}], "timestamp": "1769384469551", "event_type": "price_change"}}
{"_local_timestamp": "2026-01-25T23:41:09.911391+00:00", "data": {"market": "0x3d181539539db729c9a7d64ca6a8408e9bcfe3f0a1b34006b3080b83251abc42", "price_changes": [{"asset_id": "7143227515027765990730848799554396540608061035800749058233095831982546139677", "price": "0.24", "size": "216.66", "side": "BUY", "hash": "09ae041b184541514e50f0c7cd729dad64eca824", "best_bid": "0.93", "best_ask": "0.95"}, {"asset_id": "101527543003282261838304487852594777993929946270122190382925629741608625516752", "price": "0.76", "size": "216.66", "side": "SELL", "hash": "ba11d32814f01816a5feff8a61765c8b5a831c1f", "best_bid": "0.05", "best_ask": "0.07"}], "timestamp": "1769384469805", "event_type": "price_change"}}
{"_local_timestamp": "2026-01-25T23:41:09.941890+00:00", "data": {"market": "0x3d181539539db729c9a7d64ca6a8408e9bcfe3f0a1b34006b3080b83251abc42", "price_changes": [{"asset_id": "7143227515027765990730848799554396540608061035800749058233095831982546139677", "price": "0.36", "size": "61", "side": "BUY", "hash": "bb51c29a327de47fc4e8122e2ffadb7d568925e2", "best_bid": "0.93", "best_ask": "0.95"}, {"asset_id": "101527543003282261838304487852594777993929946270122190382925629741608625516752", "price": "0.64", "size": "61", "side": "SELL", "hash": "51bbffe9f8deeb2ae99ad6f55900abb9119c3938", "best_bid": "0.05", "best_ask": "0.07"}], "timestamp": "1769384469866", "event_type": "price_change"}}
{"_local_timestamp": "2026-01-25T23:41:09.948650+00:00", "data": {"market": "0x3d181539539db729c9a7d64ca6a8408e9bcfe3f0a1b34006b3080b83251abc42", "price_changes": [{"asset_id": "101527543003282261838304487852594777993929946270122190382925629741608625516752", "price": "0.03", "size": "32228.34", "side": "BUY", "hash": "6afda05e8e1ac2a9e1ef590d011e998c8ca6cfe7", "best_bid": "0.05", "best_ask": "0.07"}, {"asset_id": "7143227515027765990730848799554396540608061035800749058233095831982546139677", "price": "0.97", "size": "32228.34", "side": "SELL", "hash": "89e5b911c5e6332eda76a3c4ed09cc99a4c8ef1f", "best_bid": "0.93", "best_ask": "0.95"}], "timestamp": "1769384469867", "event_type": "price_change"}}
{"_local_timestamp": "2026-01-25T23:41:11.103283+00:00", "data": {"market": "0x3d181539539db729c9a7d64ca6a8408e9bcfe3f0a1b34006b3080b83251abc42", "price_changes": [{"asset_id": "101527543003282261838304487852594777993929946270122190382925629741608625516752", "price": "0.03", "size": "32220.96", "side": "BUY", "hash": "e755626e91b434213f7cdb0cb8be468c478409e2", "best_bid": "0.05", "best_ask": "0.07"}, {"asset_id": "7143227515027765990730848799554396540608061035800749058233095831982546139677", "price": "0.97", "size": "32220.96", "side": "SELL", "hash": "6c048a0c4e043c5187a8021743a39d7010de2780", "best_bid": "0.93", "best_ask": "0.95"}], "timestamp": "1769384470994", "event_type": "price_change"}}
{"_local_timestamp": "2026-01-25T23:41:11.516466+00:00", "data": {"market": "0x3d181539539db729c9a7d64ca6a8408e9bcfe3f0a1b34006b3080b83251abc42", "price_changes": [{"asset_id": "101527543003282261838304487852594777993929946270122190382925629741608625516752", "price": "0.03", "size": "32228.34", "side": "BUY", "hash": "8a77a42b837b97f8b22860303894bc2d13f44d4d", "best_bid": "0.05", "best_ask": "0.07"}, {"asset_id": "7143227515027765990730848799554396540608061035800749058233095831982546139677", "price": "0.97", "size": "32228.34", "side": "SELL", "hash": "5d448d22ee1540d440731824605792b736b4037d", "best_bid": "0.93", "best_ask": "0.95"}], "timestamp": "1769384471423", "event_type": "price_change"}}
{"_local_timestamp": "2026-01-25T23:41:11.960457+00:00", "data": {"market": "0x3d181539539db729c9a7d64ca6a8408e9bcfe3f0a1b34006b3080b83251abc42", "price_changes": [{"asset_id": "101527543003282261838304487852594777993929946270122190382925629741608625516752", "price": "0.03", "size": "32220.96", "side": "BUY", "hash": "cb7b99b81e4124b19dadb3db75ea634b13d0c778", "best_bid": "0.05", "best_ask": "0.07"}, {"asset_id": "7143227515027765990730848799554396540608061035800749058233095831982546139677", "price": "0.97", "size": "32220.96", "side": "SELL", "hash": "c6d6fbc0cc80f8f2081eee25442d8b73b1f79008", "best_bid": "0.93", "best_ask": "0.95"}], "timestamp": "1769384471891", "event_type": "price_change"}}
{"_local_timestamp": "2026-01-25T23:41:12.393823+00:00", "data": {"market": "0x3d181539539db729c9a7d64ca6a8408e9bcfe3f0a1b34006b3080b83251abc42", "price_changes": [{"asset_id": "101527543003282261838304487852594777993929946270122190382925629741608625516752", "price": "0.03", "size": "32228.34", "side": "BUY", "hash": "3153337e9f572fd21b24d2ed147710d1198de47a", "best_bid": "0.05", "best_ask": "0.07"}, {"asset_id": "7143227515027765990730848799554396540608061035800749058233095831982546139677", "price": "0.97", "size": "32228.34", "side": "SELL", "hash": "49139490590a7218f3fd4b323962f62d8bb6c6f0", "best_bid": "0.93", "best_ask": "0.95"}], "timestamp": "1769384472315", "event_type": "price_change"}}
{"_local_timestamp": "2026-01-25T23:41:13.936823+00:00", "data": {"market": "0x3d181539539db729c9a7d64ca6a8408e9bcfe3f0a1b34006b3080b83251abc42", "price_changes": [{"asset_id": "101527543003282261838304487852594777993929946270122190382925629741608625516752", "price": "0.03", "size": "32220.96", "side": "BUY", "hash": "e4f9f1e99b0748e6d1ebc1e6e4212721743456ea", "best_bid": "0.05", "best_ask": "0.07"}, {"asset_id": "7143227515027765990730848799554396540608061035800749058233095831982546139677", "price": "0.97", "size": "32220.96", "side": "SELL", "hash": "e78cdd5f00f54d076eee9da38a990fac420f20cd", "best_bid": "0.93", "best_ask": "0.95"}], "timestamp": "1769384473860", "event_type": "price_change"}}
{"_local_timestamp": "2026-01-25T23:41:14.246136+00:00", "data": {"market": "0x3d181539539db729c9a7d64ca6a8408e9bcfe3f0a1b34006b3080b83251abc42", "price_changes": [{"asset_id": "101527543003282261838304487852594777993929946270122190382925629741608625516752", "price": "0.03", "size": "32228.34", "side": "BUY", "hash": "e43c1517953ede4b03729a8de33bfb8cec2ae0ed", "best_bid": "0.05", "best_ask": "0.07"}, {"asset_id": "7143227515027765990730848799554396540608061035800749058233095831982546139677", "price": "0.97", "size": "32228.34", "side": "SELL", "hash": "065b01f07cb9da3ad64d66dbddbf98ba9030578a", "best_bid": "0.93", "best_ask": "0.95"}], "timestamp": "1769384474164", "event_type": "price_change"}}
{"_local_timestamp": "2026-01-25T23:41:14.287617+00:00", "data": {"market": "0x3ef91f30a2747ddf7569a00ac8e98b783ed883dc317b7ce7c1d9d7cf8abaaaa4", "price_changes": [{"asset_id": "53278208813065717614334685705159077956149366574908426524098128705222746079163", "price": "0.13", "size": "174.47", "side": "SELL", "hash": "6cbf73e9eadb5da6ec397630d088db517703d06c", "best_bid": "0.12", "best_ask": "0.13"}, {"asset_id": "39342171144861816896992253440408377265010285664347210041520694491243996062356", "price": "0.87", "size": "174.47", "side": "BUY", "hash": "49c87d2ade7a24688237648981c5fe7a1cfb24de", "best_bid": "0.87", "best_ask": "0.88"}], "timestamp": "1769384474189", "event_type": "price_change"}}
{"_local_timestamp": "2026-01-25T23:41:14.288457+00:00", "data": {"market": "0x3ef91f30a2747ddf7569a00ac8e98b783ed883dc317b7ce7c1d9d7cf8abaaaa4", "price_changes": [{"asset_id": "53278208813065717614334685705159077956149366574908426524098128705222746079163", "price": "0.13", "size": "203.65", "side": "SELL", "hash": "70ab7b939cdc709d8448971ba1c72dcb8dc005bf", "best_bid": "0.12", "best_ask": "0.13"}, {"asset_id": "39342171144861816896992253440408377265010285664347210041520694491243996062356", "price": "0.87", "size": "203.65", "side": "BUY", "hash": "88e27de58e8b19096d8244d4eb5dfc83c16a3078", "best_bid": "0.87", "best_ask": "0.88"}], "timestamp": "1769384474190", "event_type": "price_change"}}
{"_local_timestamp": "2026-01-25T23:41:14.295004+00:00", "data": {"market": "0x3ef91f30a2747ddf7569a00ac8e98b783ed883dc317b7ce7c1d9d7cf8abaaaa4", "price_changes": [{"asset_id": "53278208813065717614334685705159077956149366574908426524098128705222746079163", "price": "0.13", "size": "232.83", "side": "SELL", "hash": "abf5fb68fde6afefcb61820b73fefaf433e67b6b", "best_bid": "0.12", "best_ask": "0.13"}, {"asset_id": "39342171144861816896992253440408377265010285664347210041520694491243996062356", "price": "0.87", "size": "232.83", "side": "BUY", "hash": "f03a85301e684067e3704e4e01cc70240db461eb", "best_bid": "0.87", "best_ask": "0.88"}], "timestamp": "1769384474191", "event_type": "price_change"}}
{"_local_timestamp": "2026-01-25T23:41:14.707656+00:00", "data": {"market": "0x3d181539539db729c9a7d64ca6a8408e9bcfe3f0a1b34006b3080b83251abc42", "price_changes": [{"asset_id": "7143227515027765990730848799554396540608061035800749058233095831982546139677", "price": "0.3", "size": "100", "side": "BUY", "hash": "7b19f20ffeef33ad6da60fc2c261764051d52c26", "best_bid": "0.93", "best_ask": "0.95"}, {"asset_id": "101527543003282261838304487852594777993929946270122190382925629741608625516752", "price": "0.7", "size": "100", "side": "SELL", "hash": "5792b817329f61df880e1b7f1e41453ec4331389", "best_bid": "0.05", "best_ask": "0.07"}], "timestamp": "1769384474537", "event_type": "price_change"}}
{"_local_timestamp": "2026-01-25T23:41:15.157060+00:00", "data": {"market": "0x3ef91f30a2747ddf7569a00ac8e98b783ed883dc317b7ce7c1d9d7cf8abaaaa4", "price_changes": [{"asset_id": "53278208813065717614334685705159077956149366574908426524098128705222746079163", "price": "0.13", "size": "248.87", "side": "SELL", "hash": "3734dff0085a7da5a7ae508371d31bebbee04252", "best_bid": "0.12", "best_ask": "0.13"}, {"asset_id": "39342171144861816896992253440408377265010285664347210041520694491243996062356", "price": "0.87", "size": "248.87", "side": "BUY", "hash": "b087e7609324d506fc5a7a471e4d0d2d2d51b2f7", "best_bid": "0.87", "best_ask": "0.88"}], "timestamp": "1769384475078", "event_type": "price_change"}}
{"_local_timestamp": "2026-01-25T23:41:15.291349+00:00", "data": {"market": "0x3d181539539db729c9a7d64ca6a8408e9bcfe3f0a1b34006b3080b83251abc42", "price_changes": [{"asset_id": "101527543003282261838304487852594777993929946270122190382925629741608625516752", "price": "0.03", "size": "32220.96", "side": "BUY", "hash": "b3dd759d26f6772180e6db134467a00915d9042a", "best_bid": "0.05", "best_ask": "0.07"}, {"asset_id": "7143227515027765990730848799554396540608061035800749058233095831982546139677", "price": "0.97", "size": "32220.96", "side": "SELL", "hash": "5c5748d4da5c9bb30313ff8fac6071944cf60b90", "best_bid": "0.93", "best_ask": "0.95"}], "timestamp": "1769384475219", "event_type": "price_change"}}
{"_local_timestamp": "2026-01-25T23:41:15.620317+00:00", "data": {"market": "0x3d181539539db729c9a7d64ca6a8408e9bcfe3f0a1b34006b3080b83251abc42", "price_changes": [{"asset_id": "101527543003282261838304487852594777993929946270122190382925629741608625516752", "price": "0.03", "size": "32228.34", "side": "BUY", "hash": "585570b3107c879a24f351dd3fbe518f41e63e52", "best_bid": "0.05", "best_ask": "0.07"}, {"asset_id": "7143227515027765990730848799554396540608061035800749058233095831982546139677", "price": "0.97", "size": "32228.34", "side": "SELL", "hash": "5d3f414e01af259b43b8985c3703185a76c26ac4", "best_bid": "0.93", "best_ask": "0.95"}], "timestamp": "1769384475540", "event_type": "price_change"}}
{"_local_timestamp": "2026-01-25T23:41:17.189958+00:00", "data": {"market": "0x3d181539539db729c9a7d64ca6a8408e9bcfe3f0a1b34006b3080b83251abc42", "price_changes": [{"asset_id": "7143227515027765990730848799554396540608061035800749058233095831982546139677", "price": "0.25", "size": "1680", "side": "BUY", "hash": "2cdb42370cbaba9348f05b291556244f9a901170", "best_bid": "0.93", "best_ask": "0.95"}, {"asset_id": "101527543003282261838304487852594777993929946270122190382925629741608625516752", "price": "0.75", "size": "1680", "side": "SELL", "hash": "463679a0d72365a05829b83b11d2bb81dbdbd225", "best_bid": "0.05", "best_ask": "0.07"}], "timestamp": "1769384477094", "event_type": "price_change"}}
{"_local_timestamp": "2026-01-25T23:41:17.431860+00:00", "data": {"market": "0x3d181539539db729c9a7d64ca6a8408e9bcfe3f0a1b34006b3080b83251abc42", "price_changes": [{"asset_id": "101527543003282261838304487852594777993929946270122190382925629741608625516752", "price": "0.03", "size": "32220.96", "side": "BUY", "hash": "afa0f517b8ddeef2a56a144bcbdfef56a5cf5840", "best_bid": "0.05", "best_ask": "0.07"}, {"asset_id": "7143227515027765990730848799554396540608061035800749058233095831982546139677", "price": "0.97", "size": "32220.96", "side": "SELL", "hash": "64f9f4f86e26122784652e570699f7d9998159bb", "best_bid": "0.93", "best_ask": "0.95"}], "timestamp": "1769384477363", "event_type": "price_change"}}
{"_local_timestamp": "2026-01-25T23:41:17.916504+00:00", "data": {"market": "0x3d181539539db729c9a7d64ca6a8408e9bcfe3f0a1b34006b3080b83251abc42", "price_changes": [{"asset_id": "101527543003282261838304487852594777993929946270122190382925629741608625516752", "price": "0.03", "size": "32228.34", "side": "BUY", "hash": "93cb9072a00b081cfe31b2bfc9d960068882105e", "best_bid": "0.05", "best_ask": "0.07"}, {"asset_id": "7143227515027765990730848799554396540608061035800749058233095831982546139677", "price": "0.97", "size": "32228.34", "side": "SELL", "hash": "939329576d38d85a07a536170388cfad6bfb6ae6", "best_bid": "0.93", "best_ask": "0.95"}], "timestamp": "1769384477786", "event_type": "price_change"}}
{"_local_timestamp": "2026-01-25T23:41:19.065970+00:00", "data": {"market": "0x3d181539539db729c9a7d64ca6a8408e9bcfe3f0a1b34006b3080b83251abc42", "price_changes": [{"asset_id": "7143227515027765990730848799554396540608061035800749058233095831982546139677", "price": "0.36", "size": "56", "side": "BUY", "hash": "695497d2b456ebf4783da2101adc6bc0cfe55c4b", "best_bid": "0.93", "best_ask": "0.95"}, {"asset_id": "101527543003282261838304487852594777993929946270122190382925629741608625516752", "price": "0.64", "size": "56", "side": "SELL", "hash": "863ff36167e3d3891df353909f331cc18dbbcb68", "best_bid": "0.05", "best_ask": "0.07"}], "timestamp": "1769384478992", "event_type": "price_change"}}
{"_local_timestamp": "2026-01-25T23:41:19.067605+00:00", "data": {"market": "0x3d181539539db729c9a7d64ca6a8408e9bcfe3f0a1b34006b3080b83251abc42", "price_changes": [{"asset_id": "101527543003282261838304487852594777993929946270122190382925629741608625516752", "price": "0.03", "size": "32220.96", "side": "BUY", "hash": "66e1c33dbe742fb9ec8bf7bb587654c429220a43", "best_bid": "0.05", "best_ask": "0.07"}, {"asset_id": "7143227515027765990730848799554396540608061035800749058233095831982546139677", "price": "0.97", "size": "32220.96", "side": "SELL", "hash": "cfd3b74e09cd32c31a4aec436d76018736a2bb6e", "best_bid": "0.93", "best_ask": "0.95"}], "timestamp": "1769384478993", "event_type": "price_change"}}
{"_local_timestamp": "2026-01-25T23:41:19.549493+00:00", "data": {"market": "0x3d181539539db729c9a7d64ca6a8408e9bcfe3f0a1b34006b3080b83251abc42", "price_changes": [{"asset_id": "101527543003282261838304487852594777993929946270122190382925629741608625516752", "price": "0.03", "size": "32228.34", "side": "BUY", "hash": "7b30bb8bafdfc845524cadf9a1f4deb1218f8073", "best_bid": "0.05", "best_ask": "0.07"}, {"asset_id": "7143227515027765990730848799554396540608061035800749058233095831982546139677", "price": "0.97", "size": "32228.34", "side": "SELL", "hash": "695b6939cb8ad5676b5029361aab8b37feb823f3", "best_bid": "0.93", "best_ask": "0.95"}], "timestamp": "1769384479481", "event_type": "price_change"}}
{"_local_timestamp": "2026-01-25T23:41:19.551764+00:00", "data": {"market": "0x3d181539539db729c9a7d64ca6a8408e9bcfe3f0a1b34006b3080b83251abc42", "price_changes": [{"asset_id": "7143227515027765990730848799554396540608061035800749058233095831982546139677", "price": "0.36", "size": "61", "side": "BUY", "hash": "801310b4049a958d143f1d679321af27761aa2bd", "best_bid": "0.93", "best_ask": "0.95"}, {"asset_id": "101527543003282261838304487852594777993929946270122190382925629741608625516752", "price": "0.64", "size": "61", "side": "SELL", "hash": "3eb0758350a2994b26736ac664f28e7c54aa40a9", "best_bid": "0.05", "best_ask": "0.07"}], "timestamp": "1769384479482", "event_type": "price_change"}}
{"_local_timestamp": "2026-01-25T23:41:20.844572+00:00", "data": {"market": "0x3d181539539db729c9a7d64ca6a8408e9bcfe3f0a1b34006b3080b83251abc42", "price_changes": [{"asset_id": "101527543003282261838304487852594777993929946270122190382925629741608625516752", "price": "0.03", "size": "32220.96", "side": "BUY", "hash": "fd529e91c8903b7014f5930ffe581871e4a3be90", "best_bid": "0.05", "best_ask": "0.07"}, {"asset_id": "7143227515027765990730848799554396540608061035800749058233095831982546139677", "price": "0.97", "size": "32220.96", "side": "SELL", "hash": "c256e435879be0303b76b24bc057fc2351f2fb9d", "best_bid": "0.93", "best_ask": "0.95"}], "timestamp": "1769384480769", "event_type": "price_change"}}
{"_local_timestamp": "2026-01-25T23:41:21.249238+00:00", "data": {"market": "0x3d181539539db729c9a7d64ca6a8408e9bcfe3f0a1b34006b3080b83251abc42", "price_changes": [{"asset_id": "101527543003282261838304487852594777993929946270122190382925629741608625516752", "price": "0.03", "size": "32228.34", "side": "BUY", "hash": "b69162d88abde365b3053068da2515dacba1c027", "best_bid": "0.05", "best_ask": "0.07"}, {"asset_id": "7143227515027765990730848799554396540608061035800749058233095831982546139677", "price": "0.97", "size": "32228.34", "side": "SELL", "hash": "bb07d238fb5e01e49e9b9d635a3edbc55192cfdd", "best_bid": "0.93", "best_ask": "0.95"}], "timestamp": "1769384481167", "event_type": "price_change"}}
{"_local_timestamp": "2026-01-25T23:41:22.813932+00:00", "data": {"market": "0x3d181539539db729c9a7d64ca6a8408e9bcfe3f0a1b34006b3080b83251abc42", "price_changes": [{"asset_id": "101527543003282261838304487852594777993929946270122190382925629741608625516752", "price": "0.03", "size": "32220.96", "side": "BUY", "hash": "914178ee492feeeedeab7c2cf1c417d269f51540", "best_bid": "0.05", "best_ask": "0.07"}, {"asset_id": "7143227515027765990730848799554396540608061035800749058233095831982546139677", "price": "0.97", "size": "32220.96", "side": "SELL", "hash": "3122fd405b548f4323f6bd8eddc65c28faec3d6e", "best_bid": "0.93", "best_ask": "0.95"}], "timestamp": "1769384482744", "event_type": "price_change"}}
{"_local_timestamp": "2026-01-25T23:41:23.166328+00:00", "data": {"market": "0x3d181539539db729c9a7d64ca6a8408e9bcfe3f0a1b34006b3080b83251abc42", "price_changes": [{"asset_id": "101527543003282261838304487852594777993929946270122190382925629741608625516752", "price": "0.03", "size": "32228.34", "side": "BUY", "hash": "3bbcff8a7830099289a24f427cf69e22a982d74d", "best_bid": "0.05", "best_ask": "0.07"}, {"asset_id": "7143227515027765990730848799554396540608061035800749058233095831982546139677", "price": "0.97", "size": "32228.34", "side": "SELL", "hash": "3670b5a403acbe5a33a5e100c71e8ccfd944badc", "best_bid": "0.93", "best_ask": "0.95"}], "timestamp": "1769384483073", "event_type": "price_change"}}
{"_local_timestamp": "2026-01-25T23:41:24.113994+00:00", "data": {"market": "0x3d181539539db729c9a7d64ca6a8408e9bcfe3f0a1b34006b3080b83251abc42", "price_changes": [{"asset_id": "101527543003282261838304487852594777993929946270122190382925629741608625516752", "price": "0.03", "size": "32220.96", "side": "BUY", "hash": "33910905d14865c9ace7da6b862afb12add6b988", "best_bid": "0.05", "best_ask": "0.07"}, {"asset_id": "7143227515027765990730848799554396540608061035800749058233095831982546139677", "price": "0.97", "size": "32220.96", "side": "SELL", "hash": "1bf2bcaad5e4d242b0242e3da8911085894f60da", "best_bid": "0.93", "best_ask": "0.95"}], "timestamp": "1769384484032", "event_type": "price_change"}}
{"_local_timestamp": "2026-01-25T23:41:24.394915+00:00", "data": {"market": "0x3d181539539db729c9a7d64ca6a8408e9bcfe3f0a1b34006b3080b83251abc42", "price_changes": [{"asset_id": "101527543003282261838304487852594777993929946270122190382925629741608625516752", "price": "0.03", "size": "32228.34", "side": "BUY", "hash": "6c69f5b60be991097f097ab5d1d2615d04e53c9d", "best_bid": "0.05", "best_ask": "0.07"}, {"asset_id": "7143227515027765990730848799554396540608061035800749058233095831982546139677", "price": "0.97", "size": "32228.34", "side": "SELL", "hash": "06a90149889c01ab220c98cea59712cf52b58ff3", "best_bid": "0.93", "best_ask": "0.95"}], "timestamp": "1769384484308", "event_type": "price_change"}}
{"_local_timestamp": "2026-01-25T23:41:25.906019+00:00", "data": {"market": "0x3d181539539db729c9a7d64ca6a8408e9bcfe3f0a1b34006b3080b83251abc42", "price_changes": [{"asset_id": "101527543003282261838304487852594777993929946270122190382925629741608625516752", "price": "0.03", "size": "32220.96", "side": "BUY", "hash": "6587cd432a6b5f1c5c7dde670ef5b33b0a80d91d", "best_bid": "0.05", "best_ask": "0.07"}, {"asset_id": "7143227515027765990730848799554396540608061035800749058233095831982546139677", "price": "0.97", "size": "32220.96", "side": "SELL", "hash": "2596c7244820cdeac7c421333b52a3e788bba879", "best_bid": "0.93", "best_ask": "0.95"}], "timestamp": "1769384485823", "event_type": "price_change"}}
{"_local_timestamp": "2026-01-25T23:41:26.167999+00:00", "data": {"market": "0x3d181539539db729c9a7d64ca6a8408e9bcfe3f0a1b34006b3080b83251abc42", "price_changes": [{"asset_id": "101527543003282261838304487852594777993929946270122190382925629741608625516752", "price": "0.03", "size": "32228.34", "side": "BUY", "hash": "9a281f6f67814a6c03f7a6808a2037ab5c62ef8a", "best_bid": "0.05", "best_ask": "0.07"}, {"asset_id": "7143227515027765990730848799554396540608061035800749058233095831982546139677", "price": "0.97", "size": "32228.34", "side": "SELL", "hash": "86952a8e388f78fdb5969a588190dfb4dfb36567", "best_bid": "0.93", "best_ask": "0.95"}], "timestamp": "1769384486089", "event_type": "price_change"}}
{"_local_timestamp": "2026-01-25T23:41:27.239508+00:00", "data": {"market": "0x3d181539539db729c9a7d64ca6a8408e9bcfe3f0a1b34006b3080b83251abc42", "price_changes": [{"asset_id": "101527543003282261838304487852594777993929946270122190382925629741608625516752", "price": "0.03", "size": "32220.96", "side": "BUY", "hash": "7c8442912163bec20147314c0162de627d949394", "best_bid": "0.05", "best_ask": "0.07"}, {"asset_id": "7143227515027765990730848799554396540608061035800749058233095831982546139677", "price": "0.97", "size": "32220.96", "side": "SELL", "hash": "2f9352f165fde82594c599e97e3145574b671a5e", "best_bid": "0.93", "best_ask": "0.95"}], "timestamp": "1769384487167", "event_type": "price_change"}}
{"_local_timestamp": "2026-01-25T23:41:27.612276+00:00", "data": {"market": "0x3d181539539db729c9a7d64ca6a8408e9bcfe3f0a1b34006b3080b83251abc42", "price_changes": [{"asset_id": "101527543003282261838304487852594777993929946270122190382925629741608625516752", "price": "0.03", "size": "32228.34", "side": "BUY", "hash": "11f5129ff6f5ee44687765da6aa9d8297bbc5ea7", "best_bid": "0.05", "best_ask": "0.07"}, {"asset_id": "7143227515027765990730848799554396540608061035800749058233095831982546139677", "price": "0.97", "size": "32228.34", "side": "SELL", "hash": "484012d6438128abe0b3ec3bf219c74709df7c58", "best_bid": "0.93", "best_ask": "0.95"}], "timestamp": "1769384487539", "event_type": "price_change"}}
{"_local_timestamp": "2026-01-25T23:41:27.970410+00:00", "data": {"market": "0x3d181539539db729c9a7d64ca6a8408e9bcfe3f0a1b34006b3080b83251abc42", "price_changes": [{"asset_id": "7143227515027765990730848799554396540608061035800749058233095831982546139677", "price": "0.36", "size": "56", "side": "BUY", "hash": "2f197f8fd325600b933a4ae6f3bf8b75f4b8dc55", "best_bid": "0.93", "best_ask": "0.95"}, {"asset_id": "101527543003282261838304487852594777993929946270122190382925629741608625516752", "price": "0.64", "size": "56", "side": "SELL", "hash": "1ac244b5aed6481d73ad46b3f6cbd55b27a09497", "best_bid": "0.05", "best_ask": "0.07"}], "timestamp": "1769384487897", "event_type": "price_change"}}
{"_local_timestamp": "2026-01-25T23:41:28.390093+00:00", "data": {"market": "0x3d181539539db729c9a7d64ca6a8408e9bcfe3f0a1b34006b3080b83251abc42", "price_changes": [{"asset_id": "7143227515027765990730848799554396540608061035800749058233095831982546139677", "price": "0.36", "size": "61", "side": "BUY", "hash": "f73bafeb8a591c85e3031e4d296b1f27dc46a5c7", "best_bid": "0.93", "best_ask": "0.95"}, {"asset_id": "101527543003282261838304487852594777993929946270122190382925629741608625516752", "price": "0.64", "size": "61", "side": "SELL", "hash": "5af86baee49a9da4cb2f41b1b137d3c173bd69f2", "best_bid": "0.05", "best_ask": "0.07"}], "timestamp": "1769384488317", "event_type": "price_change"}}
{"_local_timestamp": "2026-01-25T23:41:28.702864+00:00", "data": {"market": "0x3d181539539db729c9a7d64ca6a8408e9bcfe3f0a1b34006b3080b83251abc42", "price_changes": [{"asset_id": "101527543003282261838304487852594777993929946270122190382925629741608625516752", "price": "0.03", "size": "32220.96", "side": "BUY", "hash": "11d6f88fcfe988f0431076e5f41a7c37b3571ed8", "best_bid": "0.05", "best_ask": "0.07"}, {"asset_id": "7143227515027765990730848799554396540608061035800749058233095831982546139677", "price": "0.97", "size": "32220.96", "side": "SELL", "hash": "22f3e157e87da0a93a5e859a1461f60b78e4dca9", "best_bid": "0.93", "best_ask": "0.95"}], "timestamp": "1769384488627", "event_type": "price_change"}}
{"_local_timestamp": "2026-01-25T23:41:29.107663+00:00", "data": {"market": "0x3d181539539db729c9a7d64ca6a8408e9bcfe3f0a1b34006b3080b83251abc42", "price_changes": [{"asset_id": "101527543003282261838304487852594777993929946270122190382925629741608625516752", "price": "0.03", "size": "32228.34", "side": "BUY", "hash": "2dee6b6465f863ef7229ed3c47cb74d4ad074765", "best_bid": "0.05", "best_ask": "0.07"}, {"asset_id": "7143227515027765990730848799554396540608061035800749058233095831982546139677", "price": "0.97", "size": "32228.34", "side": "SELL", "hash": "89813ed26947632d3d6b9865a415faa6f234f40b", "best_bid": "0.93", "best_ask": "0.95"}], "timestamp": "1769384489011", "event_type": "price_change"}}
{"_local_timestamp": "2026-01-25T23:41:31.573630+00:00", "data": {"market": "0x3d181539539db729c9a7d64ca6a8408e9bcfe3f0a1b34006b3080b83251abc42", "price_changes": [{"asset_id": "101527543003282261838304487852594777993929946270122190382925629741608625516752", "price": "0.03", "size": "32220.96", "side": "BUY", "hash": "8a590d5190a0277507a7f83435c5565ec7f4d041", "best_bid": "0.05", "best_ask": "0.07"}, {"asset_id": "7143227515027765990730848799554396540608061035800749058233095831982546139677", "price": "0.97", "size": "32220.96", "side": "SELL", "hash": "a63d1151b57409350d6f28b9f951c20a1668e231", "best_bid": "0.93", "best_ask": "0.95"}], "timestamp": "1769384491498", "event_type": "price_change"}}
{"_local_timestamp": "2026-01-25T23:41:32.136429+00:00", "data": {"market": "0x3d181539539db729c9a7d64ca6a8408e9bcfe3f0a1b34006b3080b83251abc42", "price_changes": [{"asset_id": "101527543003282261838304487852594777993929946270122190382925629741608625516752", "price": "0.03", "size": "32228.34", "side": "BUY", "hash": "b23bd09e0bce871b2f7361e2fe0ab70031167844", "best_bid": "0.05", "best_ask": "0.07"}, {"asset_id": "7143227515027765990730848799554396540608061035800749058233095831982546139677", "price": "0.97", "size": "32228.34", "side": "SELL", "hash": "b0c09675ccc7947133776af7ed11eb4fb39a3ba1", "best_bid": "0.93", "best_ask": "0.95"}], "timestamp": "1769384492055", "event_type": "price_change"}}
{"_local_timestamp": "2026-01-25T23:41:33.558504+00:00", "data": {"market": "0x3d181539539db729c9a7d64ca6a8408e9bcfe3f0a1b34006b3080b83251abc42", "price_changes": [{"asset_id": "101527543003282261838304487852594777993929946270122190382925629741608625516752", "price": "0.03", "size": "32220.96", "side": "BUY", "hash": "22d806d0469c490d0049b67b96dc4c470324547b", "best_bid": "0.05", "best_ask": "0.07"}, {"asset_id": "7143227515027765990730848799554396540608061035800749058233095831982546139677", "price": "0.97", "size": "32220.96", "side": "SELL", "hash": "2cfb2b4cab9f60abea6aa46960af33e96246982e", "best_bid": "0.93", "best_ask": "0.95"}], "timestamp": "1769384493468", "event_type": "price_change"}}
{"_local_timestamp": "2026-01-25T23:41:33.935709+00:00", "data": {"market": "0x3d181539539db729c9a7d64ca6a8408e9bcfe3f0a1b34006b3080b83251abc42", "price_changes": [{"asset_id": "101527543003282261838304487852594777993929946270122190382925629741608625516752", "price": "0.03", "size": "32228.34", "side": "BUY", "hash": "52c25ee40889bbab20276885675e24a358fcfe63", "best_bid": "0.05", "best_ask": "0.07"}, {"asset_id": "7143227515027765990730848799554396540608061035800749058233095831982546139677", "price": "0.97", "size": "32228.34", "side": "SELL", "hash": "939a859132cd2d404d85f7dc822489b3a71bb034", "best_bid": "0.93", "best_ask": "0.95"}], "timestamp": "1769384493853", "event_type": "price_change"}}
