{"_local_timestamp": "2026-01-25T23:41:07.714297+00:00", "data": [{"market": "0x3ef91f30a2747ddf7569a00ac8e98b783ed883dc317b7ce7c1d9d7cf8abaaaa4", "asset_id": "53278208813065717614334685705159077956149366574908426524098128705222746079163", "timestamp": "1769384461428", "hash": "0beace3cebc0d6ba5b138fd4c0121f1940c70c9e", "bids": [{"price": "0.01", "size": "1074.92"}, {"price": "0.02", "size": "656.72"}, {"price": "0.03", "size": "12.18"}, {"price": "0.04", "size": "3529.29"}, {"price": "0.05", "size": "710"}, {"price": "0.06", "size": "1058.66"}, {"price": "0.07", "size": "53.35"}, {"price": "0.09", "size": "10"}, {"price": "0.1", "size": "4471.01"}, {"price": "0.11", "size": "2441.13"}, {"price": "0.12", "size": "356.18"}], "asks": [{"price": "0.99", "size": "5912.18"}, {"price": "0.98", "size": "1512"}, {"price": "0.97", "size": "6685"}, {"price": "0.96", "size": "133.68"}, {"price": "0.95", "size": "30"}, {"price": "0.92", "size": "32"}, {"price": "0.91", "size": "600"}, {"price": "0.9", "size": "6.31"}, {"price": "0.88", "size": "3050"}, {"price": "0.86", "size": "242.85"}, {"price": "0.85", "size": "1066"}, {"price": "0.84", "size": "8"}, {"price": "0.81", "size": "168.42"}, {"price": "0.8", "size": "400"}, {"price": "0.79", "size": "860"}, {"price": "0.78", "size": "100"}, {"price": "0.77", "size": "121.73"}, {"price": "0.74", "size": "126.56"}, {"price": "0.73", "size": "100"}, {"price": "0.72", "size": "1990.85"}, {"price": "0.71", "size": "6"}, {"price": "0.67", "size": "72.72"}, {"price": "0.64", "size": "64"}, {"price": "0.63", "size": "179.05"}, {"price": "0.48", "size": "32"}, {"price": "0.44", "size": "300"}, {"price": "0.32", "size": "16"}, {"price": "0.3", "size": "12"}, {"price": "0.24", "size": "8"}, {"price": "0.21", "size": "16.45"}, {"price": "0.2", "size": "13.75"}, {"price": "0.18", "size": "15.62"}, {"price": "0.16", "size": "1131.1"}, {"price": "0.15", "size": "794"}, {"price": "0.14", "size": "2032.1"}, {"price": "0.13", "size": "145.29"}], "event_type": "book", "last_trade_price": "0.120"}, {"market": "0x3ef91f30a2747ddf7569a00ac8e98b783ed883dc317b7ce7c1d9d7cf8abaaaa4", "asset_id": "39342171144861816896992253440408377265010285664347210041520694491243996062356", "timestamp": "1769384461428", "hash": "b0a42dfb586c9019a912885f16696480946ff313", "bids": [{"price": "0.01", "size": "5912.18"}, {"price": "0.02", "size": "1512"}, {"price": "0.03", "size": "6685"}, {"price": "0.04", "size": "133.68"}, {"price": "0.05", "size": "30"}, {"price": "0.08", "size": "32"}, {"price": "0.09", "size": "600"}, {"price": "0.1", "size": "6.31"}, {"price": "0.12", "size": "3050"}, {"price": "0.14", "size": "242.85"}, {"price": "0.15", "size": "1066"}, {"price": "0.16", "size": "8"}, {"price": "0.19", "size": "168.42"}, {"price": "0.2", "size": "400"}, {"price": "0.21", "size": "860"}, {"price": "0.22", "size": "100"}, {"price": "0.23", "size": "121.73"}, {"price": "0.26", "size": "126.56"}, {"price": "0.27", "size": "100"}, {"price": "0.28", "size": "1990.85"}, {"price": "0.29", "size": "6"}, {"price": "0.33", "size": "72.72"}, {"price": "0.36", "size": "64"}, {"price": "0.37", "size": "179.05"}, {"price": "0.52", "size": "32"}, {"price": "0.56", "size": "300"}, {"price": "0.68", "size": "16"}, {"price": "0.7", "size": "12"}, {"price": "0.76", "size": "8"}, {"price": "0.79", "size": "16.45"}, {"price": "0.8", "size": "13.75"}, {"price": "0.82", "size": "15.62"}, {"price": "0.84", "size": "1131.1"}, {"price": "0.85", "size": "794"}, {"price": "0.86", "size": "2032.1"}, {"price": "0.87", "size": "145.29"}], "asks": [{"price": "0.99", "size": "1074.92"}, {"price": "0.98", "size": "656.72"}, {"price": "0.97", "size": "12.18"}, {"price": "0.96", "size": "3529.29"}, {"price": "0.95", "size": "710"}, {"price": "0.94", "size": "1058.66"}, {"price": "0.93", "size": "53.35"}, {"price": "0.91", "size": "10"}, {"price": "0.9", "size": "4471.01"}, {"price": "0.89", "size": "2441.13"}, {"price": "0.88", "size": "356.18"}], "event_type": "book", "last_trade_price": "0.120"}, {"market": "0x3d181539539db729c9a7d64ca6a8408e9bcfe3f0a1b34006b3080b83251abc42", "asset_id": "101527543003282261838304487852594777993929946270122190382925629741608625516752", "timestamp": "1769384466351", "hash": "71eba088b8f375083d8fbe147d546737db81af14", "bids": [{"price": "0.01", "size": "472.1"}, {"price": "0.02", "size": "422.1"}, {"price": "0.03", "size": "32228.34"}, {"price": "0.04", "size": "3111.53"}, {"price": "0.05", "size": "1982.41"}], "asks": [{"price": "0.99", "size": "5222.18"}, {"price": "0.98", "size": "1912"}, {"price": "0.97", "size": "250"}, {"price": "0.96", "size": "133.68"}, {"price": "0.95", "size": "30"}, {"price": "0.92", "size": "32"}, {"price": "0.91", "size": "900"}, {"price": "0.9", "size": "6.3"}, {"price": "0.87", "size": "2856"}, {"price": "0.86", "size": "242.85"}, {"price": "0.84", "size": "8"}, {"price": "0.81", "size": "168.42"}, {"price": "0.8", "size": "1250"}, {"price": "0.79", "size": "200"}, {"price": "0.76", "size": "116.66"}, {"price": "0.71", "size": "89.65"}, {"price": "0.7", "size": "1500"}, {"price": "0.67", "size": "72.72"}, {"price": "0.66", "size": "1864"}, {"price": "0.65", "size": "5"}, {"price": "0.64", "size": "61"}, {"price": "0.62", "size": "127.63"}, {"price": "0.48", "size": "64"}, {"price": "0.32", "size": "32"}, {"price": "0.24", "size": "16"}, {"price": "0.2", "size": "155.15"}, {"price": "0.13", "size": "200"}, {"price": "0.1", "size": "442"}, {"price": "0.09", "size": "1936.7"}, {"price": "0.08", "size": "2666.5"}, {"price": "0.07", "size": "246.42"}], "event_type": "book", "last_trade_price": "0.930"}, {"market": "0x3d181539539db729c9a7d64ca6a8408e9bcfe3f0a1b34006b3080b83251abc42", "asset_id": "7143227515027765990730848799554396540608061035800749058233095831982546139677", "timestamp": "1769384466351", "hash": "92a16edb306953fcafe7e598f832750d6f0b5990", "bids": [{"price": "0.01", "size": "5222.18"}, {"price": "0.02", "size": "1912"}, {"price": "0.03", "size": "250"}, {"price": "0.04", "size": "133.68"}, {"price": "0.05", "size": "30"}, {"price": "0.08", "size": "32"}, {"price": "0.09", "size": "900"}, {"price": "0.1", "size": "6.3"}, {"price": "0.13", "size": "2856"}, {"price": "0.14", "size": "242.85"}, {"price": "0.16", "size": "8"}, {"price": "0.19", "size": "168.42"}, {"price": "0.2", "size": "1250"}, {"price": "0.21", "size": "200"}, {"price": "0.24", "size": "116.66"}, {"price": "0.29", "size": "89.65"}, {"price": "0.3", "size": "1500"}, {"price": "0.33", "size": "72.72"}, {"price": "0.34", "size": "1864"}, {"price": "0.35", "size": "5"}, {"price": "0.36", "size": "61"}, {"price": "0.38", "size": "127.63"}, {"price": "0.52", "size": "64"}, {"price": "0.68", "size": "32"}, {"price": "0.76", "size": "16"}, {"price": "0.8", "size": "155.15"}, {"price": "0.87", "size": "200"}, {"price": "0.9", "size": "442"}, {"price": "0.91", "size": "1936.7"}, {"price": "0.92", "size": "2666.5"}, {"price": "0.93", "size": "246.42"}], "asks": [{"price": "0.99", "size": "472.1"}, {"price": "0.98", "size": "422.1"}, {"price": "0.97", "size": "32228.34"}, {"price": "0.96", "size": "3111.53"}, {"price": "0.95", "size": "1982.41"}], "event_type": "book", "last_trade_price": "0.930"}]}
{"_local_timestamp": "2026-01-25T23:41:07.837579+00:00", "data": {"market": "0x3d181539539db729c9a7d64ca6a8408e9bcfe3f0a1b34006b3080b83251abc42", "price_changes": [{"asset_id": "101527543003282261838304487852594777993929946270122190382925629741608625516752", "price": "0.03", "size": "32220.96", "side": "BUY", "hash": "29e62171d8cf2d49c58f0b37dd4282b1c0d10c48", "best_bid": "0.05", "best_ask": "0.07"}, {"asset_id": "7143227515027765990730848799554396540608061035800749058233095831982546139677", "price": "0.97", "size": "32220.96", "side": "SELL", "hash": "5a3e3001d1b7e298fd996ee68b39ee6fce2ebfcf", "best_bid": "0.93", "best_ask": "0.95"}], "timestamp": "1769384467755", "event_type": "price_change"}}
{"_local_timestamp": "2026-01-25T23:41:08.196064+00:00", "data": {"market": "0x3d181539539db729c9a7d64ca6a8408e9bcfe3f0a1b34006b3080b83251abc42", "price_changes": [{"asset_id": "101527543003282261838304487852594777993929946270122190382925629741608625516752", "price": "0.03", "size": "32228.34", "side": "BUY", "hash": "932f892cb2abaa8b2da8f20714d0d449ee134271", "best_bid": "0.05", "best_ask": "0.07"}, {"asset_id": "7143227515027765990730848799554396540608061035800749058233095831982546139677", "price": "0.97", "size": "32228.34", "side": "SELL", "hash": "5c45e1b521a7745cb42c7e55bc1800df2781e46a", "best_bid": "0.93", "best_ask": "0.95"}], "timestamp": "1769384468128", "event_type": "price_change"}}
{"_local_timestamp": "2026-01-25T23:41:09.565701+00:00", "data": {"market": "0x3d181539539db729c9a7d64ca6a8408e9bcfe3f0a1b34006b3080b83251abc42", "price_changes": [{"asset_id": "7143227515027765990730848799554396540608061035800749058233095831982546139677", "price": "0.36", "size": "56", "side": "BUY", "hash": "83ee9ea90c6e54e346f8ea9f410b05c2ce583b9b", "best_bid": "0.93", "best_ask": "0.95"}, {"asset_id": "101527543003282261838304487852594777993929946270122190382925629741608625516752", "price": "0.64", "size": "56", "side": "SELL", "hash": "0ad9d7b24bce7380a6a79e4dbc72ff0c8edcc4fd", "best_bid": "0.05", "best_ask": "0.07"}], "timestamp": "1769384469487", "event_type": "price_change"}}
{"_local_timestamp": "2026-01-25T23:41:09.567866+00:00", "data": {"market": "0x3d181539539db729c9a7d64ca6a8408e9bcfe3f0a1b34006b3080b83251abc42", "price_changes": [{"asset_id": "101527543003282261838304487852594777993929946270122190382925629741608625516752", "price": "0.03", "size": "32220.96", "side": "BUY", "hash": "674bf01b4de0077377350afe91d924b31dd6d746", "best_bid": "0.05", "best_ask": "0.07"}, {"asset_id": "7143227515027765990730848799554396540608061035800749058233095831982546139677", "price": "0.97", "size": "32220.96", "side": "SELL", "hash": "e478b2498d317d68f137ecc8e94df741fbe00cd4", "best_bid": "0.93", "best_ask": "0.95"}], "timestamp": "1769384469487", "event_type": "price_change"}}
{"_local_timestamp": "2026-01-25T23:41:09.647013+00:00", "data": {"market": "0x3d181539539db729c9a7d64ca6a8408e9bcfe3f0a1b34006b3080b83251abc42", "price_changes": [{"asset_id": "7143227515027765990730848799554396540608061035800749058233095831982546139677", "price": "0.21", "size": "100", "side": "BUY", "hash": "892f468cafb73bfab467ad450aa0c4cbe2739a5f", "best_bid": "0.93", "best_ask": "0.95"}, {"asset_id": "101527543003282261838304487852594777993929946270122190382925629741608625516752", "price": "0.79", "size": "100", "side": "SELL", "hash": "8a30b9acfbb4fae8126575d346a818c4d6db5389", "best_bid": "0.05", "best_ask": "0.07"}], "timestamp": "1769384469551", "event_type": "price_change"}}
{"_local_timestamp": "2026-01-25T23:41:09.911391+00:00", "data": {"market": "0x3d181539539db729c9a7d64ca6a8408e9bcfe3f0a1b34006b3080b83251abc42", "price_changes": [{"asset_id": "7143227515027765990730848799554396540608061035800749058233095831982546139677", "price": "0.24", "size": "216.66", "side": "BUY", "hash": "09ae041b184541514e50f0c7cd729dad64eca824", "best_bid": "0.93", "best_ask": "0.95"}, {"asset_id": "101527543003282261838304487852594777993929946270122190382925629741608625516752", "price": "0.76", "size": "216.66", "side": "SELL", "hash": "ba11d32814f01816a5feff8a61765c8b5a831c1f", "best_bid": "0.05", "best_ask": "0.07"}], "timestamp": "1769384469805", "event_type": "price_change"}}
{"_local_timestamp": "2026-01-25T23:41:09.941890+00:00", "data": {"market": "0x3d181539539db729c9a7d64ca6a8408e9bcfe3f0a1b34006b3080b83251abc42", "price_changes": [{"asset_id": "7143227515027765990730848799554396540608061035800749058233095831982546139677", "price": "0.36", "size": "61", "side": "BUY", "hash": "bb51c29a327de47fc4e8122e2ffadb7d568925e2", "best_bid": "0.93", "best_ask": "0.95"}, {"asset_id": "101527543003282261838304487852594777993929946270122190382925629741608625516752", "price": "0.64", "size": "61", "side": "SELL", "hash": "51bbffe9f8deeb2ae99ad6f55900abb9119c3938", "best_bid": "0.05", "best_ask": "0.07"}], "timestamp": "1769384469866", "event_type": "price_change"}}
{"_local_timestamp": "2026-01-25T23:41:09.948650+00:00", "data": {"market": "0x3d181539539db729c9a7d64ca6a8408e9bcfe3f0a1b34006b3080b83251abc42", "price_changes": [{"asset_id": "101527543003282261838304487852594777993929946270122190382925629741608625516752", "price": "0.03", "size": "32228.34", "side": "BUY", "hash": "6afda05e8e1ac2a9e1ef590d011e998c8ca6cfe7", "best_bid": "0.05", "best_ask": "0.07"}, {"asset_id": "7143227515027765990730848799554396540608061035800749058233095831982546139677", "price": "0.97", "size": "32228.34", "side": "SELL", "hash": "89e5b911c5e6332eda76a3c4ed09cc99a4c8ef1f", "best_bid": "0.93", "best_ask": "0.95"}], "timestamp": "1769384469867", "event_type": "price_change"}}
{"_local_timestamp": "2026-01-25T23:41:11.103283+00:00", "data": {"market": "0x3d181539539db729c9a7d64ca6a8408e9bcfe3f0a1b34006b3080b83251abc42", "price_changes": [{"asset_id": "101527543003282261838304487852594777993929946270122190382925629741608625516752", "price": "0.03", "size": "32220.96", "side": "BUY", "hash": "e755626e91b434213f7cdb0cb8be468c478409e2", "best_bid": "0.05", "best_ask": "0.07"}, {"asset_id": "7143227515027765990730848799554396540608061035800749058233095831982546139677", "price": "0.97", "size": "32220.96", "side": "SELL", "hash": "6c048a0c4e043c5187a8021743a39d7010de2780", "best_bid": "0.93", "best_ask": "0.95"}], "timestamp": "1769384470994", "event_type": "price_change"}}
{"_local_timestamp": "2026-01-25T23:41:11.516466+00:00", "data": {"market": "0x3d181539539db729c9a7d64ca6a8408e9bcfe3f0a1b34006b3080b83251abc42", "price_changes": [{"asset_id": "101527543003282261838304487852594777993929946270122190382925629741608625516752", "price": "0.03", "size": "32228.34", "side": "BUY", "hash": "8a77a42b837b97f8b22860303894bc2d13f44d4d", "best_bid": "0.05", "best_ask": "0.07"}, {"asset_id": "7143227515027765990730848799554396540608061035800749058233095831982546139677", "price": "0.97", "size": "32228.34", "side": "SELL", "hash": "5d448d22ee1540d440731824605792b736b4037d", "best_bid": "0.93", "best_ask": "0.95"}], "timestamp": "1769384471423", "event_type": "price_change"}}
{"_local_timestamp": "2026-01-25T23:41:11.960457+00:00", "data": {"market": "0x3d181539539db729c9a7d64ca6a8408e9bcfe3f0a1b34006b3080b83251abc42", "price_changes": [{"asset_id": "101527543003282261838304487852594777993929946270122190382925629741608625516752", "price": "0.03", "size": "32220.96", "side": "BUY", "hash": "cb7b99b81e4124b19dadb3db75ea634b13d0c778", "best_bid": "0.05", "best_ask": "0.07"}, {"asset_id": "7143227515027765990730848799554396540608061035800749058233095831982546139677", "price": "0.97", "size": "32220.96", "side": "SELL", "hash": "c6d6fbc0cc80f8f2081eee25442d8b73b1f79008", "best_bid": "0.93", "best_ask": "0.95"}], "timestamp": "1769384471891", "event_type": "price_change"}}
{"_local_timestamp": "2026-01-25T23:41:12.393823+00:00", "data": {"market": "0x3d181539539db729c9a7d64ca6a8408e9bcfe3f0a1b34006b3080b83251abc42", "price_changes": [{"asset_id": "101527543003282261838304487852594777993929946270122190382925629741608625516752", "price": "0.03", "size": "32228.34", "side": "BUY", "hash": "3153337e9f572fd21b24d2ed147710d1198de47a", "best_bid": "0.05", "best_ask": "0.07"}, {"asset_id": "7143227515027765990730848799554396540608061035800749058233095831982546139677", "price": "0.97", "size": "32228.34", "side": "SELL", "hash": "49139490590a7218f3fd4b323962f62d8bb6c6f0", "best_bid": "0.93", "best_ask": "0.95"}], "timestamp": "1769384472315", "event_type": "price_change"}}
