{"_local_timestamp": "2026-01-25T23:40:49.880254+00:00", "data": [{"market": "0x9f8ed8dc9919fdd73e5ad3ad11a55a5170b8b5d1fc719882b96d230163d0477d", "asset_id": "65634087941787040303275150310334684914752691964440910765838306789894915308211", "timestamp": "1769384233471", "hash": "ba35f221d50eab7fd5e8867b44b0e9ba0aaac165", "bids": [{"price": "0.01", "size": "2405"}, {"price": "0.02", "size": "758.1"}, {"price": "0.03", "size": "400"}, {"price": "0.04", "size": "8.47"}, {"price": "0.05", "size": "2200"}, {"price": "0.08", "size": "1010"}, {"price": "0.09", "size": "205.54"}, {"price": "0.1", "size": "6662.5"}, {"price": "0.11", "size": "118.18"}, {"price": "0.12", "size": "91.66"}, {"price": "0.13", "size": "2000"}, {"price": "0.14", "size": "1000"}, {"price": "0.15", "size": "618"}, {"price": "0.16", "size": "122.5"}, {"price": "0.17", "size": "310.82"}, {"price": "0.18", "size": "325.4"}, {"price": "0.19", "size": "594.66"}], "asks": [{"price": "0.99", "size": "3309.97"}, {"price": "0.98", "size": "1000"}, {"price": "0.97", "size": "5.7"}, {"price": "0.95", "size": "21616.99"}, {"price": "0.94", "size": "250"}, {"price": "0.93", "size": "10.41"}, {"price": "0.77", "size": "100"}, {"price": "0.71", "size": "227.4"}, {"price": "0.7", "size": "439.6"}, {"price": "0.69", "size": "415.9"}, {"price": "0.68", "size": "403.4"}, {"price": "0.67", "size": "389"}, {"price": "0.66", "size": "380"}, {"price": "0.65", "size": "3054.11"}, {"price": "0.64", "size": "359"}, {"price": "0.63", "size": "346"}, {"price": "0.62", "size": "330"}, {"price": "0.61", "size": "313"}, {"price": "0.6", "size": "5387"}, {"price": "0.59", "size": "274"}, {"price": "0.58", "size": "261"}, {"price": "0.57", "size": "233"}, {"price": "0.56", "size": "330.4"}, {"price": "0.55", "size": "287.8"}, {"price": "0.54", "size": "251.5"}, {"price": "0.53", "size": "220.6"}, {"price": "0.52", "size": "205.8"}, {"price": "0.51", "size": "179.7"}, {"price": "0.5", "size": "334.5"}, {"price": "0.49", "size": "2226.27"}, {"price": "0.48", "size": "2098.83"}, {"price": "0.47", "size": "344.71"}, {"price": "0.44", "size": "50"}, {"price": "0.42", "size": "10"}, {"price": "0.4", "size": "16390.87"}, {"price": "0.38", "size": "400"}, {"price": "0.37", "size": "559.92"}, {"price": "0.35", "size": "305.28"}, {"price": "0.33", "size": "400"}, {"price": "0.32", "size": "52.53"}, {"price": "0.29", "size": "300"}, {"price": "0.28", "size": "15.27"}, {"price": "0.27", "size": "417.8"}, {"price": "0.25", "size": "200"}, {"price": "0.24", "size": "300"}, {"price": "0.23", "size": "5.7"}, {"price": "0.22", "size": "235.1"}], "event_type": "book", "last_trade_price": "0.780"}, {"market": "0x9f8ed8dc9919fdd73e5ad3ad11a55a5170b8b5d1fc719882b96d230163d0477d", "asset_id": "70533482715666872132408582987317667368634048243454202194116998329590149632297", "timestamp": "1769384233471", "hash": "463b6b107be05f32beb0dbccbd71ab7d9b063fce", "bids": [{"price": "0.01", "size": "3309.97"}, {"price": "0.02", "size": "1000"}, {"price": "0.03", "size": "5.7"}, {"price": "0.05", "size": "21616.99"}, {"price": "0.06", "size": "250"}, {"price": "0.07", "size": "10.41"}, {"price": "0.23", "size": "100"}, {"price": "0.29", "size": "227.4"}, {"price": "0.3", "size": "439.6"}, {"price": "0.31", "size": "415.9"}, {"price": "0.32", "size": "403.4"}, {"price": "0.33", "size": "389"}, {"price": "0.34", "size": "380"}, {"price": "0.35", "size": "3054.11"}, {"price": "0.36", "size": "359"}, {"price": "0.37", "size": "346"}, {"price": "0.38", "size": "330"}, {"price": "0.39", "size": "313"}, {"price": "0.4", "size": "5387"}, {"price": "0.41", "size": "274"}, {"price": "0.42", "size": "261"}, {"price": "0.43", "size": "233"}, {"price": "0.44", "size": "330.4"}, {"price": "0.45", "size": "287.8"}, {"price": "0.46", "size": "251.5"}, {"price": "0.47", "size": "220.6"}, {"price": "0.48", "size": "205.8"}, {"price": "0.49", "size": "179.7"}, {"price": "0.5", "size": "334.5"}, {"price": "0.51", "size": "2226.27"}, {"price": "0.52", "size": "2098.83"}, {"price": "0.53", "size": "344.71"}, {"price": "0.56", "size": "50"}, {"price": "0.58", "size": "10"}, {"price": "0.6", "size": "16390.87"}, {"price": "0.62", "size": "400"}, {"price": "0.63", "size": "559.92"}, {"price": "0.65", "size": "305.28"}, {"price": "0.67", "size": "400"}, {"price": "0.68", "size": "52.53"}, {"price": "0.71", "size": "300"}, {"price": "0.72", "size": "15.27"}, {"price": "0.73", "size": "417.8"}, {"price": "0.75", "size": "200"}, {"price": "0.76", "size": "300"}, {"price": "0.77", "size": "5.7"}, {"price": "0.78", "size": "235.1"}], "asks": [{"price": "0.99", "size": "2405"}, {"price": "0.98", "size": "758.1"}, {"price": "0.97", "size": "400"}, {"price": "0.96", "size": "8.47"}, {"price": "0.95", "size": "2200"}, {"price": "0.92", "size": "1010"}, {"price": "0.91", "size": "205.54"}, {"price": "0.9", "size": "6662.5"}, {"price": "0.89", "size": "118.18"}, {"price": "0.88", "size": "91.66"}, {"price": "0.87", "size": "2000"}, {"price": "0.86", "size": "1000"}, {"price": "0.85", "size": "618"}, {"price": "0.84", "size": "122.5"}, {"price": "0.83", "size": "310.82"}, {"price": "0.82", "size": "325.4"}, {"price": "0.81", "size": "594.66"}], "event_type": "book", "last_trade_price": "0.780"}]}
{"_local_timestamp": "2026-01-25T23:41:09.388722+00:00", "data": {"market": "0x9f8ed8dc9919fdd73e5ad3ad11a55a5170b8b5d1fc719882b96d230163d0477d", "price_changes": [{"asset_id": "70533482715666872132408582987317667368634048243454202194116998329590149632297", "price": "0.78", "size": "153.5", "side": "BUY", "hash": "82728464d948d2f93b79b8cec6de461b52b5b9bd", "best_bid": "0.78", "best_ask": "0.81"}, {"asset_id": "65634087941787040303275150310334684914752691964440910765838306789894915308211", "price": "0.22", "size": "153.5", "side": "SELL", "hash": "ba7553cb11996fc572718e125df8ca30f56b5a4a", "best_bid": "0.19", "best_ask": "0.22"}], "timestamp": "1769384469303", "event_type": "price_change"}}
{"_local_timestamp": "2026-01-25T23:41:09.392434+00:00", "data": {"market": "0x9f8ed8dc9919fdd73e5ad3ad11a55a5170b8b5d1fc719882b96d230163d0477d", "price_changes": [{"asset_id": "70533482715666872132408582987317667368634048243454202194116998329590149632297", "price": "0.78", "size": "71.9", "side": "BUY", "hash": "36942ac516f9df7b0b5f3d9bac24262fc6c8806a", "best_bid": "0.78", "best_ask": "0.81"}, {"asset_id": "65634087941787040303275150310334684914752691964440910765838306789894915308211", "price": "0.22", "size": "71.9", "side": "SELL", "hash": "4604f827749f920d0b3c3df14a33265092250f0b", "best_bid": "0.19", "best_ask": "0.22"}], "timestamp": "1769384469310", "event_type": "price_change"}}
{"_local_timestamp": "2026-01-25T23:41:09.988964+00:00", "data": {"market": "0x9f8ed8dc9919fdd73e5ad3ad11a55a5170b8b5d1fc719882b96d230163d0477d", "price_changes": [{"asset_id": "70533482715666872132408582987317667368634048243454202194116998329590149632297", "price": "0.78", "size": "153.5", "side": "BUY", "hash": "b3ce439338e36d10c864110b35eccb9987edd86d", "best_bid": "0.78", "best_ask": "0.81"}, {"asset_id": "65634087941787040303275150310334684914752691964440910765838306789894915308211", "price": "0.22", "size": "153.5", "side": "SELL", "hash": "e16f6281a6ad714e427600a24e667b00178b5a90", "best_bid": "0.19", "best_ask": "0.22"}], "timestamp": "1769384469923", "event_type": "price_change"}}
{"_local_timestamp": "2026-01-25T23:41:10.439480+00:00", "data": {"market": "0x9f8ed8dc9919fdd73e5ad3ad11a55a5170b8b5d1fc719882b96d230163d0477d", "price_changes": [{"asset_id": "70533482715666872132408582987317667368634048243454202194116998329590149632297", "price": "0.78", "size": "235.1", "side": "BUY", "hash": "14820906cc359695f67995816d7fc28226013f4d", "best_bid": "0.78", "best_ask": "0.81"}, {"asset_id": "65634087941787040303275150310334684914752691964440910765838306789894915308211", "price": "0.22", "size": "235.1", "side": "SELL", "hash": "8d2460b295583eaa7b9d6b8fbe56f6a674c0a2c2", "best_bid": "0.19", "best_ask": "0.22"}], "timestamp": "1769384470368", "event_type": "price_change"}}
{"_local_timestamp": "2026-01-25T23:41:34.691547+00:00", "data": {"market": "0x9f8ed8dc9919fdd73e5ad3ad11a55a5170b8b5d1fc719882b96d230163d0477d", "price_changes": [{"asset_id": "70533482715666872132408582987317667368634048243454202194116998329590149632297", "price": "0.78", "size": "153.5", "side": "BUY", "hash": "5598c76a0a0be82697aab14eaeeb1c06de35dad0", "best_bid": "0.78", "best_ask": "0.81"}, {"asset_id": "65634087941787040303275150310334684914752691964440910765838306789894915308211", "price": "0.22", "size": "153.5", "side": "SELL", "hash": "b31b8daa38e241152987ea47d82a677ada78bd19", "best_bid": "0.19", "best_ask": "0.22"}], "timestamp": "1769384494601", "event_type": "price_change"}}
{"_local_timestamp": "2026-01-25T23:41:34.723298+00:00", "data": {"market": "0x9f8ed8dc9919fdd73e5ad3ad11a55a5170b8b5d1fc719882b96d230163d0477d", "price_changes": [{"asset_id": "70533482715666872132408582987317667368634048243454202194116998329590149632297", "price": "0.78", "size": "71.9", "side": "BUY", "hash": "9a2cd507c6ae057c2a06327ce52119ee858abccd", "best_bid": "0.78", "best_ask": "0.81"}, {"asset_id": "65634087941787040303275150310334684914752691964440910765838306789894915308211", "price": "0.22", "size": "71.9", "side": "SELL", "hash": "b220b0c25a0f2dd1dcc640ef54384554b35d47f2", "best_bid": "0.19", "best_ask": "0.22"}], "timestamp": "1769384494644", "event_type": "price_change"}}
{"_local_timestamp": "2026-01-25T23:41:35.300216+00:00", "data": {"market": "0x9f8ed8dc9919fdd73e5ad3ad11a55a5170b8b5d1fc719882b96d230163d0477d", "price_changes": [{"asset_id": "70533482715666872132408582987317667368634048243454202194116998329590149632297", "price": "0.78", "size": "153.5", "side": "BUY", "hash": "639d004a5066f75ba140b2b0353c775f088f99b0", "best_bid": "0.78", "best_ask": "0.81"}, {"asset_id": "65634087941787040303275150310334684914752691964440910765838306789894915308211", "price": "0.22", "size": "153.5", "side": "SELL", "hash": "f654f921ed3f732a830d1afad93794683ce50938", "best_bid": "0.19", "best_ask": "0.22"}], "timestamp": "1769384495224", "event_type": "price_change"}}
{"_local_timestamp": "2026-01-25T23:41:35.735423+00:00", "data": {"market": "0x9f8ed8dc9919fdd73e5ad3ad11a55a5170b8b5d1fc719882b96d230163d0477d", "price_changes": [{"asset_id": "70533482715666872132408582987317667368634048243454202194116998329590149632297", "price": "0.78", "size": "235.1", "side": "BUY", "hash": "f7e860462dffdb055bd31e679212b4a2997c9b0d", "best_bid": "0.78", "best_ask": "0.81"}, {"asset_id": "65634087941787040303275150310334684914752691964440910765838306789894915308211", "price": "0.22", "size": "235.1", "side": "SELL", "hash": "ed131ce7596a22ad299ba90be64d36469ee4b18c", "best_bid": "0.19", "best_ask": "0.22"}], "timestamp": "1769384495669", "event_type": "price_change"}}
{"_local_timestamp": "2026-01-25T23:41:41.883510+00:00", "data": {"market": "0x9f8ed8dc9919fdd73e5ad3ad11a55a5170b8b5d1fc719882b96d230163d0477d", "price_changes": [{"asset_id": "70533482715666872132408582987317667368634048243454202194116998329590149632297", "price": "0.78", "size": "153.5", "side": "BUY", "hash": "e8208a79d04a52854d3018372bb9f109e45c3794", "best_bid": "0.78", "best_ask": "0.81"}, {"asset_id": "65634087941787040303275150310334684914752691964440910765838306789894915308211", "price": "0.22", "size": "153.5", "side": "SELL", "hash": "e12d740c02dfed2564b09bdc53c05375bd309c5d", "best_bid": "0.19", "best_ask": "0.22"}], "timestamp": "1769384501816", "event_type": "price_change"}}
{"_local_timestamp": "2026-01-25T23:41:41.890279+00:00", "data": {"market": "0x9f8ed8dc9919fdd73e5ad3ad11a55a5170b8b5d1fc719882b96d230163d0477d", "price_changes": [{"asset_id": "70533482715666872132408582987317667368634048243454202194116998329590149632297", "price": "0.78", "size": "71.9", "side": "BUY", "hash": "2f386a173c03f7338ca7aa3ef35d98368193bbd1", "best_bid": "0.78", "best_ask": "0.81"}, {"asset_id": "65634087941787040303275150310334684914752691964440910765838306789894915308211", "price": "0.22", "size": "71.9", "side": "SELL", "hash": "b55b43111f8f09ca2aa1e5a07f27ce6c2c8ca64a", "best_bid": "0.19", "best_ask": "0.22"}], "timestamp": "1769384501819", "event_type": "price_change"}}
{"_local_timestamp": "2026-01-25T23:41:42.527571+00:00", "data": {"market": "0x9f8ed8dc9919fdd73e5ad3ad11a55a5170b8b5d1fc719882b96d230163d0477d", "price_changes": [{"asset_id": "70533482715666872132408582987317667368634048243454202194116998329590149632297", "price": "0.78", "size": "153.5", "side": "BUY", "hash": "9f52e7ecad8c806a6ccc2b90c43aaaa336be21f0", "best_bid": "0.78", "best_ask": "0.81"}, {"asset_id": "65634087941787040303275150310334684914752691964440910765838306789894915308211", "price": "0.22", "size": "153.5", "side": "SELL", "hash": "1f0b0ba6c2ff66284c0dbf4130001dd2d375f418", "best_bid": "0.19", "best_ask": "0.22"}], "timestamp": "1769384502456", "event_type": "price_change"}}
{"_local_timestamp": "2026-01-25T23:41:43.013093+00:00", "data": {"market": "0x9f8ed8dc9919fdd73e5ad3ad11a55a5170b8b5d1fc719882b96d230163d0477d", "price_changes": [{"asset_id": "70533482715666872132408582987317667368634048243454202194116998329590149632297", "price": "0.78", "size": "235.1", "side": "BUY", "hash": "be4d2784f0a2cf0915f5933bc81b9913aec7a37a", "best_bid": "0.78", "best_ask": "0.81"}, {"asset_id": "65634087941787040303275150310334684914752691964440910765838306789894915308211", "price": "0.22", "size": "235.1", "side": "SELL", "hash": "4dfcea4633c4b68a300d7fce5b8d523cc324bb25", "best_bid": "0.19", "best_ask": "0.22"}], "timestamp": "1769384502944", "event_type": "price_change"}}
{"_local_timestamp": "2026-01-25T23:42:09.557012+00:00", "data": {"market": "0x9f8ed8dc9919fdd73e5ad3ad11a55a5170b8b5d1fc719882b96d230163d0477d", "price_changes": [{"asset_id": "70533482715666872132408582987317667368634048243454202194116998329590149632297", "price": "0.78", "size": "153.5", "side": "BUY", "hash": "fcb436ed86b1efe6e2a6d9cb4fb1961c8edf17f8", "best_bid": "0.78", "best_ask": "0.81"}, {"asset_id": "65634087941787040303275150310334684914752691964440910765838306789894915308211", "price": "0.22", "size": "153.5", "side": "SELL", "hash": "7980ba8658116a7b4908d493973d4600fdf5d727", "best_bid": "0.19", "best_ask": "0.22"}], "timestamp": "1769384529491", "event_type": "price_change"}}
{"_local_timestamp": "2026-01-25T23:42:09.589219+00:00", "data": {"market": "0x9f8ed8dc9919fdd73e5ad3ad11a55a5170b8b5d1fc719882b96d230163d0477d", "price_changes": [{"asset_id": "70533482715666872132408582987317667368634048243454202194116998329590149632297", "price": "0.78", "size": "71.9", "side": "BUY", "hash": "58e0f01e0f1fb88b1a7c07521732a6c50122732e", "best_bid": "0.78", "best_ask": "0.81"}, {"asset_id": "65634087941787040303275150310334684914752691964440910765838306789894915308211", "price": "0.22", "size": "71.9", "side": "SELL", "hash": "2288cbc32b29ab4a8aba75e5d8ad1742ca97a41b", "best_bid": "0.19", "best_ask": "0.22"}], "timestamp": "1769384529517", "event_type": "price_change"}}
{"_local_timestamp": "2026-01-25T23:42:10.211462+00:00", "data": {"market": "0x9f8ed8dc9919fdd73e5ad3ad11a55a5170b8b5d1fc719882b96d230163d0477d", "price_changes": [{"asset_id": "70533482715666872132408582987317667368634048243454202194116998329590149632297", "price": "0.78", "size": "153.5", "side": "BUY", "hash": "98fcff0a04042436b9b7ea1dda270058f93407e6", "best_bid": "0.78", "best_ask": "0.81"}, {"asset_id": "65634087941787040303275150310334684914752691964440910765838306789894915308211", "price": "0.22", "size": "153.5", "side": "SELL", "hash": "5e6217b2d649b7def2bfd85ccbec91e244537050", "best_bid": "0.19", "best_ask": "0.22"}], "timestamp": "1769384530141", "event_type": "price_change"}}
{"_local_timestamp": "2026-01-25T23:42:10.653045+00:00", "data": {"market": "0x9f8ed8dc9919fdd73e5ad3ad11a55a5170b8b5d1fc719882b96d230163d0477d", "price_changes": [{"asset_id": "70533482715666872132408582987317667368634048243454202194116998329590149632297", "price": "0.78", "size": "235.1", "side": "BUY", "hash": "b0385340c13956674a9ab0290511180cbf31d02b", "best_bid": "0.78", "best_ask": "0.81"}, {"asset_id": "65634087941787040303275150310334684914752691964440910765838306789894915308211", "price": "0.22", "size": "235.1", "side": "SELL", "hash": "28a3d976b8dca9a17e1133cc2b683d20e30f0b5d", "best_bid": "0.19", "best_ask": "0.22"}], "timestamp": "1769384530587", "event_type": "price_change"}}
{"_local_timestamp": "2026-01-25T23:42:18.686949+00:00", "data": {"market": "0x9f8ed8dc9919fdd73e5ad3ad11a55a5170b8b5d1fc719882b96d230163d0477d", "price_changes": [{"asset_id": "70533482715666872132408582987317667368634048243454202194116998329590149632297", "price": "0.78", "size": "153.5", "side": "BUY", "hash": "3b95bdfc1845103b61d9d09e352527bcf69860db", "best_bid": "0.78", "best_ask": "0.81"}, {"asset_id": "65634087941787040303275150310334684914752691964440910765838306789894915308211", "price": "0.22", "size": "153.5", "side": "SELL", "hash": "087602727873b4ba228b8a65a500ec88f8cd3e2b", "best_bid": "0.19", "best_ask": "0.22"}], "timestamp": "1769384538580", "event_type": "price_change"}}
{"_local_timestamp": "2026-01-25T23:42:18.695049+00:00", "data": {"market": "0x9f8ed8dc9919fdd73e5ad3ad11a55a5170b8b5d1fc719882b96d230163d0477d", "price_changes": [{"asset_id": "70533482715666872132408582987317667368634048243454202194116998329590149632297", "price": "0.78", "size": "71.9", "side": "BUY", "hash": "f0d0dc7d8962d7e14e7248b894de76b750959cc6", "best_bid": "0.78", "best_ask": "0.81"}, {"asset_id": "65634087941787040303275150310334684914752691964440910765838306789894915308211", "price": "0.22", "size": "71.9", "side": "SELL", "hash": "0914fbce140d310eaa84fc1e5754e06f7c0c4f78", "best_bid": "0.19", "best_ask": "0.22"}], "timestamp": "1769384538586", "event_type": "price_change"}}
{"_local_timestamp": "2026-01-25T23:42:19.308588+00:00", "data": {"market": "0x9f8ed8dc9919fdd73e5ad3ad11a55a5170b8b5d1fc719882b96d230163d0477d", "price_changes": [{"asset_id": "70533482715666872132408582987317667368634048243454202194116998329590149632297", "price": "0.78", "size": "153.5", "side": "BUY", "hash": "b2a90de14bac416e8bacdb33326304b2d42471ed", "best_bid": "0.78", "best_ask": "0.81"}, {"asset_id": "65634087941787040303275150310334684914752691964440910765838306789894915308211", "price": "0.22", "size": "153.5", "side": "SELL", "hash": "d9e2f5bf0b221aae906fac28cb31e7669e109e16", "best_bid": "0.19", "best_ask": "0.22"}], "timestamp": "1769384539212", "event_type": "price_change"}}
{"_local_timestamp": "2026-01-25T23:42:19.784772+00:00", "data": {"market": "0x9f8ed8dc9919fdd73e5ad3ad11a55a5170b8b5d1fc719882b96d230163d0477d", "price_changes": [{"asset_id": "70533482715666872132408582987317667368634048243454202194116998329590149632297", "price": "0.78", "size": "235.1", "side": "BUY", "hash": "7529af553313401f21a1b7baf9181a566355dfb0", "best_bid": "0.78", "best_ask": "0.81"}, {"asset_id": "65634087941787040303275150310334684914752691964440910765838306789894915308211", "price": "0.22", "size": "235.1", "side": "SELL", "hash": "a2653b62712b0257f49560e29bc3ae26f11dc94e", "best_bid": "0.19", "best_ask": "0.22"}], "timestamp": "1769384539675", "event_type": "price_change"}}
{"_local_timestamp": "2026-01-25T23:42:43.863377+00:00", "data": {"market": "0x9f8ed8dc9919fdd73e5ad3ad11a55a5170b8b5d1fc719882b96d230163d0477d", "price_changes": [{"asset_id": "70533482715666872132408582987317667368634048243454202194116998329590149632297", "price": "0.78", "size": "153.5", "side": "BUY", "hash": "8ec17aa2d203834d8348910936ea1a101c515b4b", "best_bid": "0.78", "best_ask": "0.81"}, {"asset_id": "65634087941787040303275150310334684914752691964440910765838306789894915308211", "price": "0.22", "size": "153.5", "side": "SELL", "hash": "7350f6f80305c34208593d429d5eb3f859324184", "best_bid": "0.19", "best_ask": "0.22"}], "timestamp": "1769384563753", "event_type": "price_change"}}
{"_local_timestamp": "2026-01-25T23:42:43.864222+00:00", "data": {"market": "0x9f8ed8dc9919fdd73e5ad3ad11a55a5170b8b5d1fc719882b96d230163d0477d", "price_changes": [{"asset_id": "70533482715666872132408582987317667368634048243454202194116998329590149632297", "price": "0.78", "size": "71.9", "side": "BUY", "hash": "a6efcb6cc9b2165321fe136e6d9a6c98218df39b", "best_bid": "0.78", "best_ask": "0.81"}, {"asset_id": "65634087941787040303275150310334684914752691964440910765838306789894915308211", "price": "0.22", "size": "71.9", "side": "SELL", "hash": "92eb868fdfe1546011e0fb3938cbad215d82d73f", "best_bid": "0.19", "best_ask": "0.22"}], "timestamp": "1769384563760", "event_type": "price_change"}}
{"_local_timestamp": "2026-01-25T23:42:44.462880+00:00", "data": {"market": "0x9f8ed8dc9919fdd73e5ad3ad11a55a5170b8b5d1fc719882b96d230163d0477d", "price_changes": [{"asset_id": "70533482715666872132408582987317667368634048243454202194116998329590149632297", "price": "0.78", "size": "153.5", "side": "BUY", "hash": "61d83e8c45d10390736076945e2448cfbb35f463", "best_bid": "0.78", "best_ask": "0.81"}, {"asset_id": "65634087941787040303275150310334684914752691964440910765838306789894915308211", "price": "0.22", "size": "153.5", "side": "SELL", "hash": "4c21e0fd38ae6ae2aa2533565cbf8683fd79ae9b", "best_bid": "0.19", "best_ask": "0.22"}], "timestamp": "1769384564354", "event_type": "price_change"}}
{"_local_timestamp": "2026-01-25T23:42:44.935187+00:00", "data": {"market": "0x9f8ed8dc9919fdd73e5ad3ad11a55a5170b8b5d1fc719882b96d230163d0477d", "price_changes": [{"asset_id": "70533482715666872132408582987317667368634048243454202194116998329590149632297", "price": "0.78", "size": "235.1", "side": "BUY", "hash": "4b8166ddcb4eeccac62d45d15d54e5bc3d4ec635", "best_bid": "0.78", "best_ask": "0.81"}, {"asset_id": "65634087941787040303275150310334684914752691964440910765838306789894915308211", "price": "0.22", "size": "235.1", "side": "SELL", "hash": "f9d2c173f70a0aceb79392d65f0d7f515b25019e", "best_bid": "0.19", "best_ask": "0.22"}], "timestamp": "1769384564822", "event_type": "price_change"}}
{"_local_timestamp": "2026-01-25T23:42:53.029636+00:00", "data": {"market": "0x9f8ed8dc9919fdd73e5ad3ad11a55a5170b8b5d1fc719882b96d230163d0477d", "price_changes": [{"asset_id": "70533482715666872132408582987317667368634048243454202194116998329590149632297", "price": "0.78", "size": "153.5", "side": "BUY", "hash": "bf67436a0140c6072cc5ef4c886eb1054c0b569a", "best_bid": "0.78", "best_ask": "0.81"}, {"asset_id": "65634087941787040303275150310334684914752691964440910765838306789894915308211", "price": "0.22", "size": "153.5", "side": "SELL", "hash": "123bbd78e05f228e983a28ffdcdea209390400de", "best_bid": "0.19", "best_ask": "0.22"}], "timestamp": "1769384572936", "event_type": "price_change"}}
{"_local_timestamp": "2026-01-25T23:42:53.057728+00:00", "data": {"market": "0x9f8ed8dc9919fdd73e5ad3ad11a55a5170b8b5d1fc719882b96d230163d0477d", "price_changes": [{"asset_id": "70533482715666872132408582987317667368634048243454202194116998329590149632297", "price": "0.78", "size": "71.9", "side": "BUY", "hash": "96457d196ac25cf35c734b67073fc7f03ae9e1ee", "best_bid": "0.78", "best_ask": "0.81"}, {"asset_id": "65634087941787040303275150310334684914752691964440910765838306789894915308211", "price": "0.22", "size": "71.9", "side": "SELL", "hash": "61a2d3f5d8d8cc1ed5edfb98f979e3031fe82411", "best_bid": "0.19", "best_ask": "0.22"}], "timestamp": "1769384572969", "event_type": "price_change"}}
{"_local_timestamp": "2026-01-25T23:42:53.641329+00:00", "data": {"market": "0x9f8ed8dc9919fdd73e5ad3ad11a55a5170b8b5d1fc719882b96d230163d0477d", "price_changes": [{"asset_id": "70533482715666872132408582987317667368634048243454202194116998329590149632297", "price": "0.78", "size": "153.5", "side": "BUY", "hash": "24042b24ada9ba34406d796755578e824146c749", "best_bid": "0.78", "best_ask": "0.81"}, {"asset_id": "65634087941787040303275150310334684914752691964440910765838306789894915308211", "price": "0.22", "size": "153.5", "side": "SELL", "hash": "a909e9bb0d3c1524927abe9bc6609a8081923f1a", "best_bid": "0.19", "best_ask": "0.22"}], "timestamp": "1769384573546", "event_type": "price_change"}}
{"_local_timestamp": "2026-01-25T23:42:54.082260+00:00", "data": {"market": "0x9f8ed8dc9919fdd73e5ad3ad11a55a5170b8b5d1fc719882b96d230163d0477d", "price_changes": [{"asset_id": "70533482715666872132408582987317667368634048243454202194116998329590149632297", "price": "0.78", "size": "235.1", "side": "BUY", "hash": "dc68ede2458d1226eec371050566bb65515e0608", "best_bid": "0.78", "best_ask": "0.81"}, {"asset_id": "65634087941787040303275150310334684914752691964440910765838306789894915308211", "price": "0.22", "size": "235.1", "side": "SELL", "hash": "65f29a2786ccaa7b1b26c640553e9d7e7b4cb058", "best_bid": "0.19", "best_ask": "0.22"}], "timestamp": "1769384573989", "event_type": "price_change"}}
{"_local_timestamp": "2026-01-25T23:43:17.744956+00:00", "data": {"market": "0x9f8ed8dc9919fdd73e5ad3ad11a55a5170b8b5d1fc719882b96d230163d0477d", "price_changes": [{"asset_id": "70533482715666872132408582987317667368634048243454202194116998329590149632297", "price": "0.78", "size": "153.5", "side": "BUY", "hash": "6e72eb9fa927778fde7531cb9b441ebeeea274ea", "best_bid": "0.78", "best_ask": "0.81"}, {"asset_id": "65634087941787040303275150310334684914752691964440910765838306789894915308211", "price": "0.22", "size": "153.5", "side": "SELL", "hash": "774fd93e8fe0df5c5bbf85a2d03e25ab9cfedad8", "best_bid": "0.19", "best_ask": "0.22"}], "timestamp": "1769384597633", "event_type": "price_change"}}
{"_local_timestamp": "2026-01-25T23:43:17.752668+00:00", "data": {"market": "0x9f8ed8dc9919fdd73e5ad3ad11a55a5170b8b5d1fc719882b96d230163d0477d", "price_changes": [{"asset_id": "70533482715666872132408582987317667368634048243454202194116998329590149632297", "price": "0.78", "size": "71.9", "side": "BUY", "hash": "ebe45bdac1001e9bc76861ccacc6181c6baf2bef", "best_bid": "0.78", "best_ask": "0.81"}, {"asset_id": "65634087941787040303275150310334684914752691964440910765838306789894915308211", "price": "0.22", "size": "71.9", "side": "SELL", "hash": "ecdb86edd1c470dac2324cae1ee3a1027d48bd1f", "best_bid": "0.19", "best_ask": "0.22"}], "timestamp": "1769384597638", "event_type": "price_change"}}
{"_local_timestamp": "2026-01-25T23:43:18.369289+00:00", "data": {"market": "0x9f8ed8dc9919fdd73e5ad3ad11a55a5170b8b5d1fc719882b96d230163d0477d", "price_changes": [{"asset_id": "70533482715666872132408582987317667368634048243454202194116998329590149632297", "price": "0.78", "size": "153.5", "side": "BUY", "hash": "68ec978a72e0a8694fb6169eaa30ab504ffa5259", "best_bid": "0.78", "best_ask": "0.81"}, {"asset_id": "65634087941787040303275150310334684914752691964440910765838306789894915308211", "price": "0.22", "size": "153.5", "side": "SELL", "hash": "761e5a2f9ed45c30b6c34f4942234b579b0cfd0c", "best_bid": "0.19", "best_ask": "0.22"}], "timestamp": "1769384598252", "event_type": "price_change"}}
{"_local_timestamp": "2026-01-25T23:43:18.815638+00:00", "data": {"market": "0x9f8ed8dc9919fdd73e5ad3ad11a55a5170b8b5d1fc719882b96d230163d0477d", "price_changes": [{"asset_id": "70533482715666872132408582987317667368634048243454202194116998329590149632297", "price": "0.78", "size": "235.1", "side": "BUY", "hash": "a5d8219552cfbb8211d422d57a8ba07f8da9ac82", "best_bid": "0.78", "best_ask": "0.81"}, {"asset_id": "65634087941787040303275150310334684914752691964440910765838306789894915308211", "price": "0.22", "size": "235.1", "side": "SELL", "hash": "28fea2e446698cb8b4221c1f5427593d85474411", "best_bid": "0.19", "best_ask": "0.22"}], "timestamp": "1769384598705", "event_type": "price_change"}}
{"_local_timestamp": "2026-01-25T23:43:24.990162+00:00", "data": {"market": "0x9f8ed8dc9919fdd73e5ad3ad11a55a5170b8b5d1fc719882b96d230163d0477d", "price_changes": [{"asset_id": "70533482715666872132408582987317667368634048243454202194116998329590149632297", "price": "0.78", "size": "153.5", "side": "BUY", "hash": "5724cb6734d52c56c62d02adf2ad6b271bf5e197", "best_bid": "0.78", "best_ask": "0.81"}, {"asset_id": "65634087941787040303275150310334684914752691964440910765838306789894915308211", "price": "0.22", "size": "153.5", "side": "SELL", "hash": "39b93b74fe2fb4841bfc9778d8a1c00b60711f25", "best_bid": "0.19", "best_ask": "0.22"}], "timestamp": "1769384604868", "event_type": "price_change"}}
{"_local_timestamp": "2026-01-25T23:43:24.991105+00:00", "data": {"market": "0x9f8ed8dc9919fdd73e5ad3ad11a55a5170b8b5d1fc719882b96d230163d0477d", "price_changes": [{"asset_id": "70533482715666872132408582987317667368634048243454202194116998329590149632297", "price": "0.78", "size": "71.9", "side": "BUY", "hash": "5ebfa6bd04e115d4814f29c50bbf1ab74577ea70", "best_bid": "0.78", "best_ask": "0.81"}, {"asset_id": "65634087941787040303275150310334684914752691964440910765838306789894915308211", "price": "0.22", "size": "71.9", "side": "SELL", "hash": "94fcd9accfbd9ea8e0ea90dbc038fe7141cf1d6a", "best_bid": "0.19", "best_ask": "0.22"}], "timestamp": "1769384604873", "event_type": "price_change"}}
{"_local_timestamp": "2026-01-25T23:43:25.603926+00:00", "data": {"market": "0x9f8ed8dc9919fdd73e5ad3ad11a55a5170b8b5d1fc719882b96d230163d0477d", "price_changes": [{"asset_id": "70533482715666872132408582987317667368634048243454202194116998329590149632297", "price": "0.78", "size": "153.5", "side": "BUY", "hash": "ba6cd4082515ff39450e311891e1a42a6ccf54ff", "best_bid": "0.78", "best_ask": "0.81"}, {"asset_id": "65634087941787040303275150310334684914752691964440910765838306789894915308211", "price": "0.22", "size": "153.5", "side": "SELL", "hash": "678caf2668272c9828170dfa46d3f8ecb70e56c4", "best_bid": "0.19", "best_ask": "0.22"}], "timestamp": "1769384605490", "event_type": "price_change"}}
{"_local_timestamp": "2026-01-25T23:43:26.045303+00:00", "data": {"market": "0x9f8ed8dc9919fdd73e5ad3ad11a55a5170b8b5d1fc719882b96d230163d0477d", "price_changes": [{"asset_id": "70533482715666872132408582987317667368634048243454202194116998329590149632297", "price": "0.78", "size": "235.1", "side": "BUY", "hash": "dcc856f079be12831d70101ec1318f8186482918", "best_bid": "0.78", "best_ask": "0.81"}, {"asset_id": "65634087941787040303275150310334684914752691964440910765838306789894915308211", "price": "0.22", "size": "235.1", "side": "SELL", "hash": "3022eba2bb5e30223d94c1be1f8fccaf42cc62c5", "best_bid": "0.19", "best_ask": "0.22"}], "timestamp": "1769384605940", "event_type": "price_change"}}
{"_local_timestamp": "2026-01-25T23:43:51.317804+00:00", "data": {"market": "0x9f8ed8dc9919fdd73e5ad3ad11a55a5170b8b5d1fc719882b96d230163d0477d", "price_changes": [{"asset_id": "70533482715666872132408582987317667368634048243454202194116998329590149632297", "price": "0.78", "size": "153.5", "side": "BUY", "hash": "a515496082c924ae5c521e36d3c1cfd6750815c0", "best_bid": "0.78", "best_ask": "0.81"}, {"asset_id": "65634087941787040303275150310334684914752691964440910765838306789894915308211", "price": "0.22", "size": "153.5", "side": "SELL", "hash": "0a4a0e520341f9c214ebdad7732cd81bda7660ed", "best_bid": "0.19", "best_ask": "0.22"}], "timestamp": "1769384631063", "event_type": "price_change"}}
{"_local_timestamp": "2026-01-25T23:43:51.318417+00:00", "data": {"market": "0x9f8ed8dc9919fdd73e5ad3ad11a55a5170b8b5d1fc719882b96d230163d0477d", "price_changes": [{"asset_id": "70533482715666872132408582987317667368634048243454202194116998329590149632297", "price": "0.78", "size": "71.9", "side": "BUY", "hash": "8d7c5ec87b700b5f5cbead4302fe8893d7f35498", "best_bid": "0.78", "best_ask": "0.81"}, {"asset_id": "65634087941787040303275150310334684914752691964440910765838306789894915308211", "price": "0.22", "size": "71.9", "side": "SELL", "hash": "77a4a5e07911d17fe5dfee3315f35fedee447ae5", "best_bid": "0.19", "best_ask": "0.22"}], "timestamp": "1769384631065", "event_type": "price_change"}}
{"_local_timestamp": "2026-01-25T23:43:51.917008+00:00", "data": {"market": "0x9f8ed8dc9919fdd73e5ad3ad11a55a5170b8b5d1fc719882b96d230163d0477d", "price_changes": [{"asset_id": "70533482715666872132408582987317667368634048243454202194116998329590149632297", "price": "0.78", "size": "153.5", "side": "BUY", "hash": "acdfc2fe034815b78c9c3d34f79d5002f7ff73fa", "best_bid": "0.78", "best_ask": "0.81"}, {"asset_id": "65634087941787040303275150310334684914752691964440910765838306789894915308211", "price": "0.22", "size": "153.5", "side": "SELL", "hash": "d38c82a4c007f82348035702369fe2ecabf2dcb7", "best_bid": "0.19", "best_ask": "0.22"}], "timestamp": "1769384631665", "event_type": "price_change"}}
{"_local_timestamp": "2026-01-25T23:43:52.364729+00:00", "data": {"market": "0x9f8ed8dc9919fdd73e5ad3ad11a55a5170b8b5d1fc719882b96d230163d0477d", "price_changes": [{"asset_id": "70533482715666872132408582987317667368634048243454202194116998329590149632297", "price": "0.78", "size": "235.1", "side": "BUY", "hash": "521ef4fada76be42e64f73f176f42ba4dfc01c2c", "best_bid": "0.78", "best_ask": "0.81"}, {"asset_id": "65634087941787040303275150310334684914752691964440910765838306789894915308211", "price": "0.22", "size": "235.1", "side": "SELL", "hash": "4bd00e86ec9c5a5f5f33d46efebc23bf049a77e8", "best_bid": "0.19", "best_ask": "0.22"}], "timestamp": "1769384632113", "event_type": "price_change"}}
{"_local_timestamp": "2026-01-25T23:44:04.613111+00:00", "data": {"market": "0x9f8ed8dc9919fdd73e5ad3ad11a55a5170b8b5d1fc719882b96d230163d0477d", "price_changes": [{"asset_id": "70533482715666872132408582987317667368634048243454202194116998329590149632297", "price": "0.78", "size": "153.5", "side": "BUY", "hash": "f7b9683fd51c98c5abc1139c48e5ed2acd7b8228", "best_bid": "0.78", "best_ask": "0.81"}, {"asset_id": "65634087941787040303275150310334684914752691964440910765838306789894915308211", "price": "0.22", "size": "153.5", "side": "SELL", "hash": "cdacaef3766800fa984a63865313fa188d088a78", "best_bid": "0.19", "best_ask": "0.22"}], "timestamp": "1769384644298", "event_type": "price_change"}}
{"_local_timestamp": "2026-01-25T23:44:04.683526+00:00", "data": {"market": "0x9f8ed8dc9919fdd73e5ad3ad11a55a5170b8b5d1fc719882b96d230163d0477d", "price_changes": [{"asset_id": "70533482715666872132408582987317667368634048243454202194116998329590149632297", "price": "0.78", "size": "71.9", "side": "BUY", "hash": "7f2c82cdc92b9a89a39773ac01b0894f8ad69f46", "best_bid": "0.78", "best_ask": "0.81"}, {"asset_id": "65634087941787040303275150310334684914752691964440910765838306789894915308211", "price": "0.22", "size": "71.9", "side": "SELL", "hash": "16437aad80886594be29f4e71b0139f7748e3443", "best_bid": "0.19", "best_ask": "0.22"}], "timestamp": "1769384644337", "event_type": "price_change"}}
{"_local_timestamp": "2026-01-25T23:44:05.231476+00:00", "data": {"market": "0x9f8ed8dc9919fdd73e5ad3ad11a55a5170b8b5d1fc719882b96d230163d0477d", "price_changes": [{"asset_id": "70533482715666872132408582987317667368634048243454202194116998329590149632297", "price": "0.78", "size": "153.5", "side": "BUY", "hash": "47482a16ec26c7cf1601b0d8872d9a6a549db5cb", "best_bid": "0.78", "best_ask": "0.81"}, {"asset_id": "65634087941787040303275150310334684914752691964440910765838306789894915308211", "price": "0.22", "size": "153.5", "side": "SELL", "hash": "2d008b9cda3ba4e0bbc6efbd4dbeef5f40225b35", "best_bid": "0.19", "best_ask": "0.22"}], "timestamp": "1769384644946", "event_type": "price_change"}}
{"_local_timestamp": "2026-01-25T23:44:05.657504+00:00", "data": {"market": "0x9f8ed8dc9919fdd73e5ad3ad11a55a5170b8b5d1fc719882b96d230163d0477d", "price_changes": [{"asset_id": "70533482715666872132408582987317667368634048243454202194116998329590149632297", "price": "0.78", "size": "235.1", "side": "BUY", "hash": "680fded591915e27f76a3010a4f52d486cf2d662", "best_bid": "0.78", "best_ask": "0.81"}, {"asset_id": "65634087941787040303275150310334684914752691964440910765838306789894915308211", "price": "0.22", "size": "235.1", "side": "SELL", "hash": "1d0dc96126f5cf178c56d9d72cf89965005af694", "best_bid": "0.19", "best_ask": "0.22"}], "timestamp": "1769384645384", "event_type": "price_change"}}
{"_local_timestamp": "2026-01-25T23:44:29.062443+00:00", "data": {"market": "0x9f8ed8dc9919fdd73e5ad3ad11a55a5170b8b5d1fc719882b96d230163d0477d", "price_changes": [{"asset_id": "70533482715666872132408582987317667368634048243454202194116998329590149632297", "price": "0.78", "size": "153.5", "side": "BUY", "hash": "5dbeb5c66d8dd6c66bb0bc44f2bfe3dfc5f8c1a8", "best_bid": "0.78", "best_ask": "0.81"}, {"asset_id": "65634087941787040303275150310334684914752691964440910765838306789894915308211", "price": "0.22", "size": "153.5", "side": "SELL", "hash": "db4e2d638f9a5001cdabf2bbc7af1ac47f6b0df6", "best_bid": "0.19", "best_ask": "0.22"}], "timestamp": "1769384668998", "event_type": "price_change"}}
{"_local_timestamp": "2026-01-25T23:44:29.080456+00:00", "data": {"market": "0x9f8ed8dc9919fdd73e5ad3ad11a55a5170b8b5d1fc719882b96d230163d0477d", "price_changes": [{"asset_id": "70533482715666872132408582987317667368634048243454202194116998329590149632297", "price": "0.78", "size": "71.9", "side": "BUY", "hash": "d7878163a8d5d48bccb8309ad59582072b4c6ae8", "best_bid": "0.78", "best_ask": "0.81"}, {"asset_id": "65634087941787040303275150310334684914752691964440910765838306789894915308211", "price": "0.22", "size": "71.9", "side": "SELL", "hash": "14800780930b0b7669eb331423bd82b2c4eefcda", "best_bid": "0.19", "best_ask": "0.22"}], "timestamp": "1769384669001", "event_type": "price_change"}}
{"_local_timestamp": "2026-01-25T23:44:29.665456+00:00", "data": {"market": "0x9f8ed8dc9919fdd73e5ad3ad11a55a5170b8b5d1fc719882b96d230163d0477d", "price_changes": [{"asset_id": "70533482715666872132408582987317667368634048243454202194116998329590149632297", "price": "0.78", "size": "153.5", "side": "BUY", "hash": "1a0b701fe93757d5eae97485a063901f5f98c9ea", "best_bid": "0.78", "best_ask": "0.81"}, {"asset_id": "65634087941787040303275150310334684914752691964440910765838306789894915308211", "price": "0.22", "size": "153.5", "side": "SELL", "hash": "4baec7f50c1e2462ac4f311e8f5d33ce3b83ded0", "best_bid": "0.19", "best_ask": "0.22"}], "timestamp": "1769384669593", "event_type": "price_change"}}
{"_local_timestamp": "2026-01-25T23:44:30.121489+00:00", "data": {"market": "0x9f8ed8dc9919fdd73e5ad3ad11a55a5170b8b5d1fc719882b96d230163d0477d", "price_changes": [{"asset_id": "70533482715666872132408582987317667368634048243454202194116998329590149632297", "price": "0.78", "size": "235.1", "side": "BUY", "hash": "b1317ac99c643bb5f7afea3b97d770f1b2396d0e", "best_bid": "0.78", "best_ask": "0.81"}, {"asset_id": "65634087941787040303275150310334684914752691964440910765838306789894915308211", "price": "0.22", "size": "235.1", "side": "SELL", "hash": "f85920ba138b66b432b62b022c4b8930f5670e1f", "best_bid": "0.19", "best_ask": "0.22"}], "timestamp": "1769384670053", "event_type": "price_change"}}
{"_local_timestamp": "2026-01-25T23:44:47.242848+00:00", "data": {"market": "0x9f8ed8dc9919fdd73e5ad3ad11a55a5170b8b5d1fc719882b96d230163d0477d", "price_changes": [{"asset_id": "70533482715666872132408582987317667368634048243454202194116998329590149632297", "price": "0.78", "size": "153.5", "side": "BUY", "hash": "fcf1da55e4707f3c212bc5ccbd8d41416e377df2", "best_bid": "0.78", "best_ask": "0.81"}, {"asset_id": "65634087941787040303275150310334684914752691964440910765838306789894915308211", "price": "0.22", "size": "153.5", "side": "SELL", "hash": "62ec9dc471e58b0a9fddb5a5865ee6a84b1c1b15", "best_bid": "0.19", "best_ask": "0.22"}], "timestamp": "1769384687178", "event_type": "price_change"}}
{"_local_timestamp": "2026-01-25T23:44:47.251807+00:00", "data": {"market": "0x9f8ed8dc9919fdd73e5ad3ad11a55a5170b8b5d1fc719882b96d230163d0477d", "price_changes": [{"asset_id": "70533482715666872132408582987317667368634048243454202194116998329590149632297", "price": "0.78", "size": "71.9", "side": "BUY", "hash": "3566d5e6f32224ba4881ec4313027ba2f5cb7118", "best_bid": "0.78", "best_ask": "0.81"}, {"asset_id": "65634087941787040303275150310334684914752691964440910765838306789894915308211", "price": "0.22", "size": "71.9", "side": "SELL", "hash": "26c093127de6a08360c24e0ad398c56f912fab99", "best_bid": "0.19", "best_ask": "0.22"}], "timestamp": "1769384687187", "event_type": "price_change"}}
{"_local_timestamp": "2026-01-25T23:44:47.866013+00:00", "data": {"market": "0x9f8ed8dc9919fdd73e5ad3ad11a55a5170b8b5d1fc719882b96d230163d0477d", "price_changes": [{"asset_id": "70533482715666872132408582987317667368634048243454202194116998329590149632297", "price": "0.78", "size": "153.5", "side": "BUY", "hash": "0f60eae30fea097301e936ac13e997eacdf3b9e0", "best_bid": "0.78", "best_ask": "0.81"}, {"asset_id": "65634087941787040303275150310334684914752691964440910765838306789894915308211", "price": "0.22", "size": "153.5", "side": "SELL", "hash": "07c22ec9776aac734f4dcfb934d969539a1136db", "best_bid": "0.19", "best_ask": "0.22"}], "timestamp": "1769384687792", "event_type": "price_change"}}
{"_local_timestamp": "2026-01-25T23:44:48.313927+00:00", "data": {"market": "0x9f8ed8dc9919fdd73e5ad3ad11a55a5170b8b5d1fc719882b96d230163d0477d", "price_changes": [{"asset_id": "70533482715666872132408582987317667368634048243454202194116998329590149632297", "price": "0.78", "size": "235.1", "side": "BUY", "hash": "7b78b510cc184056973da34a41c159f56935b329", "best_bid": "0.78", "best_ask": "0.81"}, {"asset_id": "65634087941787040303275150310334684914752691964440910765838306789894915308211", "price": "0.22", "size": "235.1", "side": "SELL", "hash": "8153cd66916211f13e9fe9bf7ec7c3a70327e11d", "best_bid": "0.19", "best_ask": "0.22"}], "timestamp": "1769384688249", "event_type": "price_change"}}
{"_local_timestamp": "2026-01-25T23:45:13.520867+00:00", "data": {"market": "0x9f8ed8dc9919fdd73e5ad3ad11a55a5170b8b5d1fc719882b96d230163d0477d", "price_changes": [{"asset_id": "70533482715666872132408582987317667368634048243454202194116998329590149632297", "price": "0.78", "size": "153.5", "side": "BUY", "hash": "4e4e78c43f82fba6dcbb55852e423fc1f3ec4135", "best_bid": "0.78", "best_ask": "0.81"}, {"asset_id": "65634087941787040303275150310334684914752691964440910765838306789894915308211", "price": "0.22", "size": "153.5", "side": "SELL", "hash": "dca5238488935339eff47f2f4de48945a21fbad4", "best_bid": "0.19", "best_ask": "0.22"}], "timestamp": "1769384713451", "event_type": "price_change"}}
{"_local_timestamp": "2026-01-25T23:45:13.557853+00:00", "data": {"market": "0x9f8ed8dc9919fdd73e5ad3ad11a55a5170b8b5d1fc719882b96d230163d0477d", "price_changes": [{"asset_id": "70533482715666872132408582987317667368634048243454202194116998329590149632297", "price": "0.78", "size": "71.9", "side": "BUY", "hash": "42de2bd23717a18a84716283fcc5c7b7860d0282", "best_bid": "0.78", "best_ask": "0.81"}, {"asset_id": "65634087941787040303275150310334684914752691964440910765838306789894915308211", "price": "0.22", "size": "71.9", "side": "SELL", "hash": "21c41da1c6112bbc874201bb79cfa8ed78771108", "best_bid": "0.19", "best_ask": "0.22"}], "timestamp": "1769384713480", "event_type": "price_change"}}
{"_local_timestamp": "2026-01-25T23:45:14.157345+00:00", "data": {"market": "0x9f8ed8dc9919fdd73e5ad3ad11a55a5170b8b5d1fc719882b96d230163d0477d", "price_changes": [{"asset_id": "70533482715666872132408582987317667368634048243454202194116998329590149632297", "price": "0.78", "size": "153.5", "side": "BUY", "hash": "75186b18dd7eb61ecc71a8e2a3459f6cf6d1b644", "best_bid": "0.78", "best_ask": "0.81"}, {"asset_id": "65634087941787040303275150310334684914752691964440910765838306789894915308211", "price": "0.22", "size": "153.5", "side": "SELL", "hash": "df1cbfcebef4d0c1c0be41d34b592202124947ee", "best_bid": "0.19", "best_ask": "0.22"}], "timestamp": "1769384714086", "event_type": "price_change"}}
{"_local_timestamp": "2026-01-25T23:45:14.594760+00:00", "data": {"market": "0x9f8ed8dc9919fdd73e5ad3ad11a55a5170b8b5d1fc719882b96d230163d0477d", "price_changes": [{"asset_id": "70533482715666872132408582987317667368634048243454202194116998329590149632297", "price": "0.78", "size": "235.1", "side": "BUY", "hash": "162cbf9aa1d50174572463cdd16599d472f7b5cf", "best_bid": "0.78", "best_ask": "0.81"}, {"asset_id": "65634087941787040303275150310334684914752691964440910765838306789894915308211", "price": "0.22", "size": "235.1", "side": "SELL", "hash": "1806cbc13555f25a8676b10a738c46b56043f3bb", "best_bid": "0.19", "best_ask": "0.22"}], "timestamp": "1769384714532", "event_type": "price_change"}}
{"_local_timestamp": "2026-01-25T23:45:21.990986+00:00", "data": {"market": "0x9f8ed8dc9919fdd73e5ad3ad11a55a5170b8b5d1fc719882b96d230163d0477d", "price_changes": [{"asset_id": "70533482715666872132408582987317667368634048243454202194116998329590149632297", "price": "0.78", "size": "153.5", "side": "BUY", "hash": "1931e03d08901c33b3e5772b8ed5d9224c2d33ae", "best_bid": "0.78", "best_ask": "0.81"}, {"asset_id": "65634087941787040303275150310334684914752691964440910765838306789894915308211", "price": "0.22", "size": "153.5", "side": "SELL", "hash": "90e6d795e61694ca14c51a176b52004a603dcaf4", "best_bid": "0.19", "best_ask": "0.22"}], "timestamp": "1769384721928", "event_type": "price_change"}}
{"_local_timestamp": "2026-01-25T23:45:22.026800+00:00", "data": {"market": "0x9f8ed8dc9919fdd73e5ad3ad11a55a5170b8b5d1fc719882b96d230163d0477d", "price_changes": [{"asset_id": "70533482715666872132408582987317667368634048243454202194116998329590149632297", "price": "0.78", "size": "71.9", "side": "BUY", "hash": "d7de2a58e094981a63933d89a2a8b42c688bce61", "best_bid": "0.78", "best_ask": "0.81"}, {"asset_id": "65634087941787040303275150310334684914752691964440910765838306789894915308211", "price": "0.22", "size": "71.9", "side": "SELL", "hash": "0f660951312218f58d19dbf46ea35b0cdbdb7e53", "best_bid": "0.19", "best_ask": "0.22"}], "timestamp": "1769384721959", "event_type": "price_change"}}
{"_local_timestamp": "2026-01-25T23:45:22.633819+00:00", "data": {"market": "0x9f8ed8dc9919fdd73e5ad3ad11a55a5170b8b5d1fc719882b96d230163d0477d", "price_changes": [{"asset_id": "70533482715666872132408582987317667368634048243454202194116998329590149632297", "price": "0.78", "size": "153.5", "side": "BUY", "hash": "bce271b52c4d0c7a7f8c54f286fd3f68c24ce206", "best_bid": "0.78", "best_ask": "0.81"}, {"asset_id": "65634087941787040303275150310334684914752691964440910765838306789894915308211", "price": "0.22", "size": "153.5", "side": "SELL", "hash": "4d6ac89b9c5ae7fd822a46b3f2e6f2f58522b15e", "best_bid": "0.19", "best_ask": "0.22"}], "timestamp": "1769384722558", "event_type": "price_change"}}
{"_local_timestamp": "2026-01-25T23:45:23.116372+00:00", "data": {"market": "0x9f8ed8dc9919fdd73e5ad3ad11a55a5170b8b5d1fc719882b96d230163d0477d", "price_changes": [{"asset_id": "70533482715666872132408582987317667368634048243454202194116998329590149632297", "price": "0.78", "size": "235.1", "side": "BUY", "hash": "6d09d2e8b179a7aa1051645b80353ce817a5e117", "best_bid": "0.78", "best_ask": "0.81"}, {"asset_id": "65634087941787040303275150310334684914752691964440910765838306789894915308211", "price": "0.22", "size": "235.1", "side": "SELL", "hash": "3a3b500407ef7d78f4c133fd7defea787efc2598", "best_bid": "0.19", "best_ask": "0.22"}], "timestamp": "1769384723023", "event_type": "price_change"}}
{"_local_timestamp": "2026-01-25T23:45:56.704820+00:00", "data": {"market": "0x9f8ed8dc9919fdd73e5ad3ad11a55a5170b8b5d1fc719882b96d230163d0477d", "price_changes": [{"asset_id": "70533482715666872132408582987317667368634048243454202194116998329590149632297", "price": "0.78", "size": "153.5", "side": "BUY", "hash": "eca0b6ba61e971387c95bc288150266d0522f3fc", "best_bid": "0.78", "best_ask": "0.81"}, {"asset_id": "65634087941787040303275150310334684914752691964440910765838306789894915308211", "price": "0.22", "size": "153.5", "side": "SELL", "hash": "2f29060d60e4fd8f765adc2a8e56d7363f235dff", "best_bid": "0.19", "best_ask": "0.22"}], "timestamp": "1769384756139", "event_type": "price_change"}}
{"_local_timestamp": "2026-01-25T23:45:56.862897+00:00", "data": {"market": "0x9f8ed8dc9919fdd73e5ad3ad11a55a5170b8b5d1fc719882b96d230163d0477d", "price_changes": [{"asset_id": "70533482715666872132408582987317667368634048243454202194116998329590149632297", "price": "0.78", "size": "71.9", "side": "BUY", "hash": "1455f67efe43e484e01841738103f8c7df1d7b8b", "best_bid": "0.78", "best_ask": "0.81"}, {"asset_id": "65634087941787040303275150310334684914752691964440910765838306789894915308211", "price": "0.22", "size": "71.9", "side": "SELL", "hash": "6b3f7cc24d3bb024e3cacbe2de09012a4a06cf2e", "best_bid": "0.19", "best_ask": "0.22"}], "timestamp": "1769384756166", "event_type": "price_change"}}
{"_local_timestamp": "2026-01-25T23:45:57.194704+00:00", "data": {"market": "0x9f8ed8dc9919fdd73e5ad3ad11a55a5170b8b5d1fc719882b96d230163d0477d", "price_changes": [{"asset_id": "70533482715666872132408582987317667368634048243454202194116998329590149632297", "price": "0.78", "size": "153.5", "side": "BUY", "hash": "ee924fe241ff92c6e6732968893543b4f1ee649a", "best_bid": "0.78", "best_ask": "0.81"}, {"asset_id": "65634087941787040303275150310334684914752691964440910765838306789894915308211", "price": "0.22", "size": "153.5", "side": "SELL", "hash": "f0cbc701f93b5826a01541cecbdd29ab7fe218ff", "best_bid": "0.19", "best_ask": "0.22"}], "timestamp": "1769384756785", "event_type": "price_change"}}
{"_local_timestamp": "2026-01-25T23:45:57.403925+00:00", "data": {"market": "0x9f8ed8dc9919fdd73e5ad3ad11a55a5170b8b5d1fc719882b96d230163d0477d", "price_changes": [{"asset_id": "70533482715666872132408582987317667368634048243454202194116998329590149632297", "price": "0.78", "size": "235.1", "side": "BUY", "hash": "758f210bdb3b3deb73ecd27b20f3f303d3e121e2", "best_bid": "0.78", "best_ask": "0.81"}, {"asset_id": "65634087941787040303275150310334684914752691964440910765838306789894915308211", "price": "0.22", "size": "235.1", "side": "SELL", "hash": "edce96ffd062cc9fcabdab54df253666d7211325", "best_bid": "0.19", "best_ask": "0.22"}], "timestamp": "1769384757251", "event_type": "price_change"}}
{"_local_timestamp": "2026-01-25T23:46:06.590446+00:00", "data": {"market": "0x9f8ed8dc9919fdd73e5ad3ad11a55a5170b8b5d1fc719882b96d230163d0477d", "price_changes": [{"asset_id": "70533482715666872132408582987317667368634048243454202194116998329590149632297", "price": "0.78", "size": "153.5", "side": "BUY", "hash": "c77cff8ff95421849f57ed5c0318464f7a4bd9b1", "best_bid": "0.78", "best_ask": "0.81"}, {"asset_id": "65634087941787040303275150310334684914752691964440910765838306789894915308211", "price": "0.22", "size": "153.5", "side": "SELL", "hash": "9a26df16060d33d1804b623ac9f8ec38e69e70cf", "best_bid": "0.19", "best_ask": "0.22"}], "timestamp": "1769384766527", "event_type": "price_change"}}
{"_local_timestamp": "2026-01-25T23:46:06.601280+00:00", "data": {"market": "0x9f8ed8dc9919fdd73e5ad3ad11a55a5170b8b5d1fc719882b96d230163d0477d", "price_changes": [{"asset_id": "70533482715666872132408582987317667368634048243454202194116998329590149632297", "price": "0.78", "size": "71.9", "side": "BUY", "hash": "99feec018e7722cd23304fba08597cd8209f5dc9", "best_bid": "0.78", "best_ask": "0.81"}, {"asset_id": "65634087941787040303275150310334684914752691964440910765838306789894915308211", "price": "0.22", "size": "71.9", "side": "SELL", "hash": "57a34d1f775f9909f939d65cac8523c3695135f5", "best_bid": "0.19", "best_ask": "0.22"}], "timestamp": "1769384766529", "event_type": "price_change"}}
{"_local_timestamp": "2026-01-25T23:46:07.237064+00:00", "data": {"market": "0x9f8ed8dc9919fdd73e5ad3ad11a55a5170b8b5d1fc719882b96d230163d0477d", "price_changes": [{"asset_id": "70533482715666872132408582987317667368634048243454202194116998329590149632297", "price": "0.78", "size": "153.5", "side": "BUY", "hash": "b267a0d46ab0f772b01c9ed3490083b8ac7d00b5", "best_bid": "0.78", "best_ask": "0.81"}, {"asset_id": "65634087941787040303275150310334684914752691964440910765838306789894915308211", "price": "0.22", "size": "153.5", "side": "SELL", "hash": "44222bac3cf121c8cacd430751f03609a98ad5c0", "best_bid": "0.19", "best_ask": "0.22"}], "timestamp": "1769384767146", "event_type": "price_change"}}
{"_local_timestamp": "2026-01-25T23:46:07.668305+00:00", "data": {"market": "0x9f8ed8dc9919fdd73e5ad3ad11a55a5170b8b5d1fc719882b96d230163d0477d", "price_changes": [{"asset_id": "70533482715666872132408582987317667368634048243454202194116998329590149632297", "price": "0.78", "size": "235.1", "side": "BUY", "hash": "987b93f8bf29f75328cca9275b2bf39e58739d07", "best_bid": "0.78", "best_ask": "0.81"}, {"asset_id": "65634087941787040303275150310334684914752691964440910765838306789894915308211", "price": "0.22", "size": "235.1", "side": "SELL", "hash": "71329923dce4078b34b5b01ce140b3aa2e90f082", "best_bid": "0.19", "best_ask": "0.22"}], "timestamp": "1769384767602", "event_type": "price_change"}}
{"_local_timestamp": "2026-01-25T23:46:31.694724+00:00", "data": {"market": "0x9f8ed8dc9919fdd73e5ad3ad11a55a5170b8b5d1fc719882b96d230163d0477d", "price_changes": [{"asset_id": "70533482715666872132408582987317667368634048243454202194116998329590149632297", "price": "0.78", "size": "153.5", "side": "BUY", "hash": "d8af55de1dfe5753eb510630eda48d4c88a5e983", "best_bid": "0.78", "best_ask": "0.81"}, {"asset_id": "65634087941787040303275150310334684914752691964440910765838306789894915308211", "price": "0.22", "size": "153.5", "side": "SELL", "hash": "606f3218001ba723c546e604779d58887521a1e6", "best_bid": "0.19", "best_ask": "0.22"}], "timestamp": "1769384791611", "event_type": "price_change"}}
{"_local_timestamp": "2026-01-25T23:46:31.695574+00:00", "data": {"market": "0x9f8ed8dc9919fdd73e5ad3ad11a55a5170b8b5d1fc719882b96d230163d0477d", "price_changes": [{"asset_id": "70533482715666872132408582987317667368634048243454202194116998329590149632297", "price": "0.78", "size": "71.9", "side": "BUY", "hash": "e07c25eeb4c65b79d3c0083a530b1ebae1a0cced", "best_bid": "0.78", "best_ask": "0.81"}, {"asset_id": "65634087941787040303275150310334684914752691964440910765838306789894915308211", "price": "0.22", "size": "71.9", "side": "SELL", "hash": "aa22761970017c2230c32d5539b0b603cf353c2f", "best_bid": "0.19", "best_ask": "0.22"}], "timestamp": "1769384791614", "event_type": "price_change"}}
{"_local_timestamp": "2026-01-25T23:46:32.313138+00:00", "data": {"market": "0x9f8ed8dc9919fdd73e5ad3ad11a55a5170b8b5d1fc719882b96d230163d0477d", "price_changes": [{"asset_id": "70533482715666872132408582987317667368634048243454202194116998329590149632297", "price": "0.78", "size": "153.5", "side": "BUY", "hash": "65905f1eade7783b40ef8e35b69f8d0ba31e59dc", "best_bid": "0.78", "best_ask": "0.81"}, {"asset_id": "65634087941787040303275150310334684914752691964440910765838306789894915308211", "price": "0.22", "size": "153.5", "side": "SELL", "hash": "c0111057ef73f9eeee98ea98677c717d83ce8538", "best_bid": "0.19", "best_ask": "0.22"}], "timestamp": "1769384792230", "event_type": "price_change"}}
{"_local_timestamp": "2026-01-25T23:46:32.760608+00:00", "data": {"market": "0x9f8ed8dc9919fdd73e5ad3ad11a55a5170b8b5d1fc719882b96d230163d0477d", "price_changes": [{"asset_id": "70533482715666872132408582987317667368634048243454202194116998329590149632297", "price": "0.78", "size": "235.1", "side": "BUY", "hash": "19f4cb0abde2e5779f36a31668321d90213638f0", "best_bid": "0.78", "best_ask": "0.81"}, {"asset_id": "65634087941787040303275150310334684914752691964440910765838306789894915308211", "price": "0.22", "size": "235.1", "side": "SELL", "hash": "4fb7542ebf098b8b818e92dad54de15da3cdb094", "best_bid": "0.19", "best_ask": "0.22"}], "timestamp": "1769384792683", "event_type": "price_change"}}
{"_local_timestamp": "2026-01-25T23:46:42.031610+00:00", "data": {"market": "0x9f8ed8dc9919fdd73e5ad3ad11a55a5170b8b5d1fc719882b96d230163d0477d", "price_changes": [{"asset_id": "70533482715666872132408582987317667368634048243454202194116998329590149632297", "price": "0.78", "size": "153.5", "side": "BUY", "hash": "9e8a82dded5218d5543ab09e60e0fad55a1c1f6b", "best_bid": "0.78", "best_ask": "0.81"}, {"asset_id": "65634087941787040303275150310334684914752691964440910765838306789894915308211", "price": "0.22", "size": "153.5", "side": "SELL", "hash": "864602005b44eb6859d5bbcc6c9d1272de86ecb8", "best_bid": "0.19", "best_ask": "0.22"}], "timestamp": "1769384801912", "event_type": "price_change"}}
{"_local_timestamp": "2026-01-25T23:46:42.093248+00:00", "data": {"market": "0x9f8ed8dc9919fdd73e5ad3ad11a55a5170b8b5d1fc719882b96d230163d0477d", "price_changes": [{"asset_id": "70533482715666872132408582987317667368634048243454202194116998329590149632297", "price": "0.78", "size": "71.9", "side": "BUY", "hash": "2a8ba4b0a9ca90871407140798b65a64d7742baa", "best_bid": "0.78", "best_ask": "0.81"}, {"asset_id": "65634087941787040303275150310334684914752691964440910765838306789894915308211", "price": "0.22", "size": "71.9", "side": "SELL", "hash": "5f657caab0f2d52690767a8ca8cb66bf733107c6", "best_bid": "0.19", "best_ask": "0.22"}], "timestamp": "1769384801956", "event_type": "price_change"}}
{"_local_timestamp": "2026-01-25T23:46:42.619610+00:00", "data": {"market": "0x9f8ed8dc9919fdd73e5ad3ad11a55a5170b8b5d1fc719882b96d230163d0477d", "price_changes": [{"asset_id": "70533482715666872132408582987317667368634048243454202194116998329590149632297", "price": "0.78", "size": "153.5", "side": "BUY", "hash": "943c3c8a43086ef0193b0da188540f50267978b7", "best_bid": "0.78", "best_ask": "0.81"}, {"asset_id": "65634087941787040303275150310334684914752691964440910765838306789894915308211", "price": "0.22", "size": "153.5", "side": "SELL", "hash": "0082c61b1a3507350da867384749224bfca4c21a", "best_bid": "0.19", "best_ask": "0.22"}], "timestamp": "1769384802547", "event_type": "price_change"}}
{"_local_timestamp": "2026-01-25T23:46:43.148667+00:00", "data": {"market": "0x9f8ed8dc9919fdd73e5ad3ad11a55a5170b8b5d1fc719882b96d230163d0477d", "price_changes": [{"asset_id": "70533482715666872132408582987317667368634048243454202194116998329590149632297", "price": "0.78", "size": "235.1", "side": "BUY", "hash": "3834ec9ea3e2b431d32fae8cd900b9d8127ec6e9", "best_bid": "0.78", "best_ask": "0.81"}, {"asset_id": "65634087941787040303275150310334684914752691964440910765838306789894915308211", "price": "0.22", "size": "235.1", "side": "SELL", "hash": "c0959c762a99df6b5fbf6b6aa280a790f47e737c", "best_bid": "0.19", "best_ask": "0.22"}], "timestamp": "1769384803028", "event_type": "price_change"}}
{"_local_timestamp": "2026-01-25T23:47:07.875105+00:00", "data": {"market": "0x9f8ed8dc9919fdd73e5ad3ad11a55a5170b8b5d1fc719882b96d230163d0477d", "price_changes": [{"asset_id": "70533482715666872132408582987317667368634048243454202194116998329590149632297", "price": "0.78", "size": "153.5", "side": "BUY", "hash": "6b39b3ca15d78a7335ee1ade788518541253fcf1", "best_bid": "0.78", "best_ask": "0.81"}, {"asset_id": "65634087941787040303275150310334684914752691964440910765838306789894915308211", "price": "0.22", "size": "153.5", "side": "SELL", "hash": "84e541b1d5c521cdcf7d6e122a49f8b28be60cee", "best_bid": "0.19", "best_ask": "0.22"}], "timestamp": "1769384827805", "event_type": "price_change"}}
{"_local_timestamp": "2026-01-25T23:47:07.945271+00:00", "data": {"market": "0x9f8ed8dc9919fdd73e5ad3ad11a55a5170b8b5d1fc719882b96d230163d0477d", "price_changes": [{"asset_id": "70533482715666872132408582987317667368634048243454202194116998329590149632297", "price": "0.78", "size": "71.9", "side": "BUY", "hash": "4391778f2c0b86e607a50abdb8d4f5fe59aaa412", "best_bid": "0.78", "best_ask": "0.81"}, {"asset_id": "65634087941787040303275150310334684914752691964440910765838306789894915308211", "price": "0.22", "size": "71.9", "side": "SELL", "hash": "83b603e90979931ed5d0475f12fef3c5b2ef8234", "best_bid": "0.19", "best_ask": "0.22"}], "timestamp": "1769384827875", "event_type": "price_change"}}
{"_local_timestamp": "2026-01-25T23:47:08.588542+00:00", "data": {"market": "0x9f8ed8dc9919fdd73e5ad3ad11a55a5170b8b5d1fc719882b96d230163d0477d", "price_changes": [{"asset_id": "70533482715666872132408582987317667368634048243454202194116998329590149632297", "price": "0.78", "size": "153.5", "side": "BUY", "hash": "4a93e97c05027a4fde43b36ed0cf39f33eed1947", "best_bid": "0.78", "best_ask": "0.81"}, {"asset_id": "65634087941787040303275150310334684914752691964440910765838306789894915308211", "price": "0.22", "size": "153.5", "side": "SELL", "hash": "92e8216e34b288088754cfbe0b514236b52cef6a", "best_bid": "0.19", "best_ask": "0.22"}], "timestamp": "1769384828511", "event_type": "price_change"}}
{"_local_timestamp": "2026-01-25T23:47:09.021632+00:00", "data": {"market": "0x9f8ed8dc9919fdd73e5ad3ad11a55a5170b8b5d1fc719882b96d230163d0477d", "price_changes": [{"asset_id": "70533482715666872132408582987317667368634048243454202194116998329590149632297", "price": "0.78", "size": "235.1", "side": "BUY", "hash": "e4e44a65c74dcb5acc5d30752c545e9db5a1056f", "best_bid": "0.78", "best_ask": "0.81"}, {"asset_id": "65634087941787040303275150310334684914752691964440910765838306789894915308211", "price": "0.22", "size": "235.1", "side": "SELL", "hash": "75cd779ce47891d21b7736b76570ba076e1b4014", "best_bid": "0.19", "best_ask": "0.22"}], "timestamp": "1769384828954", "event_type": "price_change"}}
{"_local_timestamp": "2026-01-25T23:47:20.007581+00:00", "data": {"market": "0x9f8ed8dc9919fdd73e5ad3ad11a55a5170b8b5d1fc719882b96d230163d0477d", "price_changes": [{"asset_id": "70533482715666872132408582987317667368634048243454202194116998329590149632297", "price": "0.78", "size": "153.5", "side": "BUY", "hash": "3ad3b33080ca33285fe72beeda445c5bc5f13e0a", "best_bid": "0.78", "best_ask": "0.81"}, {"asset_id": "65634087941787040303275150310334684914752691964440910765838306789894915308211", "price": "0.22", "size": "153.5", "side": "SELL", "hash": "266f3cebb1960d3b810769756fc1a0da8ed31322", "best_bid": "0.19", "best_ask": "0.22"}], "timestamp": "1769384839939", "event_type": "price_change"}}
{"_local_timestamp": "2026-01-25T23:47:20.015689+00:00", "data": {"market": "0x9f8ed8dc9919fdd73e5ad3ad11a55a5170b8b5d1fc719882b96d230163d0477d", "price_changes": [{"asset_id": "70533482715666872132408582987317667368634048243454202194116998329590149632297", "price": "0.78", "size": "71.9", "side": "BUY", "hash": "4b844862f4dc4fce89ba3b88108e3e5874a0d947", "best_bid": "0.78", "best_ask": "0.81"}, {"asset_id": "65634087941787040303275150310334684914752691964440910765838306789894915308211", "price": "0.22", "size": "71.9", "side": "SELL", "hash": "4ae3da80aeaaf951322c166a9cf74cd1cc35372a", "best_bid": "0.19", "best_ask": "0.22"}], "timestamp": "1769384839951", "event_type": "price_change"}}
{"_local_timestamp": "2026-01-25T23:47:20.639941+00:00", "data": {"market": "0x9f8ed8dc9919fdd73e5ad3ad11a55a5170b8b5d1fc719882b96d230163d0477d", "price_changes": [{"asset_id": "70533482715666872132408582987317667368634048243454202194116998329590149632297", "price": "0.78", "size": "153.5", "side": "BUY", "hash": "2cd7e91425b7bceb571ad1b42772d51ee976715d", "best_bid": "0.78", "best_ask": "0.81"}, {"asset_id": "65634087941787040303275150310334684914752691964440910765838306789894915308211", "price": "0.22", "size": "153.5", "side": "SELL", "hash": "f84734faeb325207111d48e45283a3ae62badac3", "best_bid": "0.19", "best_ask": "0.22"}], "timestamp": "1769384840561", "event_type": "price_change"}}
{"_local_timestamp": "2026-01-25T23:47:21.104995+00:00", "data": {"market": "0x9f8ed8dc9919fdd73e5ad3ad11a55a5170b8b5d1fc719882b96d230163d0477d", "price_changes": [{"asset_id": "70533482715666872132408582987317667368634048243454202194116998329590149632297", "price": "0.78", "size": "235.1", "side": "BUY", "hash": "4734723871eab8de09954970e172df0ad0ff08ee", "best_bid": "0.78", "best_ask": "0.81"}, {"asset_id": "65634087941787040303275150310334684914752691964440910765838306789894915308211", "price": "0.22", "size": "235.1", "side": "SELL", "hash": "3b843ea0007cce5be43f1ef87f4233eb8886914a", "best_bid": "0.19", "best_ask": "0.22"}], "timestamp": "1769384841009", "event_type": "price_change"}}
{"_local_timestamp": "2026-01-25T23:47:45.966904+00:00", "data": {"market": "0x9f8ed8dc9919fdd73e5ad3ad11a55a5170b8b5d1fc719882b96d230163d0477d", "price_changes": [{"asset_id": "70533482715666872132408582987317667368634048243454202194116998329590149632297", "price": "0.78", "size": "153.5", "side": "BUY", "hash": "5ac760a593b7d6f493a54d8a56c3c14d3bcf5ed1", "best_bid": "0.78", "best_ask": "0.81"}, {"asset_id": "65634087941787040303275150310334684914752691964440910765838306789894915308211", "price": "0.22", "size": "153.5", "side": "SELL", "hash": "9c83fe00911dbeaafa3a8932f4223806b863bce6", "best_bid": "0.19", "best_ask": "0.22"}], "timestamp": "1769384865877", "event_type": "price_change"}}
{"_local_timestamp": "2026-01-25T23:47:45.972108+00:00", "data": {"market": "0x9f8ed8dc9919fdd73e5ad3ad11a55a5170b8b5d1fc719882b96d230163d0477d", "price_changes": [{"asset_id": "70533482715666872132408582987317667368634048243454202194116998329590149632297", "price": "0.78", "size": "71.9", "side": "BUY", "hash": "e119ba0467078b26f3197b809d96cd5dd24593b8", "best_bid": "0.78", "best_ask": "0.81"}, {"asset_id": "65634087941787040303275150310334684914752691964440910765838306789894915308211", "price": "0.22", "size": "71.9", "side": "SELL", "hash": "b8d60ec73a11dbf88bc28385b1c52f117d7f42fe", "best_bid": "0.19", "best_ask": "0.22"}], "timestamp": "1769384865907", "event_type": "price_change"}}
{"_local_timestamp": "2026-01-25T23:47:46.588807+00:00", "data": {"market": "0x9f8ed8dc9919fdd73e5ad3ad11a55a5170b8b5d1fc719882b96d230163d0477d", "price_changes": [{"asset_id": "70533482715666872132408582987317667368634048243454202194116998329590149632297", "price": "0.78", "size": "153.5", "side": "BUY", "hash": "45d48a63cf114b1ba2a60825e264f24c6267304a", "best_bid": "0.78", "best_ask": "0.81"}, {"asset_id": "65634087941787040303275150310334684914752691964440910765838306789894915308211", "price": "0.22", "size": "153.5", "side": "SELL", "hash": "efbbdaf674bd5851e2dd813004adf56964efb28b", "best_bid": "0.19", "best_ask": "0.22"}], "timestamp": "1769384866521", "event_type": "price_change"}}
{"_local_timestamp": "2026-01-25T23:47:47.044708+00:00", "data": {"market": "0x9f8ed8dc9919fdd73e5ad3ad11a55a5170b8b5d1fc719882b96d230163d0477d", "price_changes": [{"asset_id": "70533482715666872132408582987317667368634048243454202194116998329590149632297", "price": "0.78", "size": "235.1", "side": "BUY", "hash": "453655ad31a25670d5784e2df09fe5fb09dfc864", "best_bid": "0.78", "best_ask": "0.81"}, {"asset_id": "65634087941787040303275150310334684914752691964440910765838306789894915308211", "price": "0.22", "size": "235.1", "side": "SELL", "hash": "e8255fa2fe45ee67566cc1bd1d5a081ca21b5f8e", "best_bid": "0.19", "best_ask": "0.22"}], "timestamp": "1769384866970", "event_type": "price_change"}}
{"_local_timestamp": "2026-01-25T23:47:57.318133+00:00", "data": {"market": "0x9f8ed8dc9919fdd73e5ad3ad11a55a5170b8b5d1fc719882b96d230163d0477d", "price_changes": [{"asset_id": "70533482715666872132408582987317667368634048243454202194116998329590149632297", "price": "0.78", "size": "153.5", "side": "BUY", "hash": "39dcaca5878b895981753fe90522ce22beae494c", "best_bid": "0.78", "best_ask": "0.81"}, {"asset_id": "65634087941787040303275150310334684914752691964440910765838306789894915308211", "price": "0.22", "size": "153.5", "side": "SELL", "hash": "cec2a18c50bac87d5f9bd16d0aa1ae8a5d6e3a19", "best_bid": "0.19", "best_ask": "0.22"}], "timestamp": "1769384877112", "event_type": "price_change"}}
{"_local_timestamp": "2026-01-25T23:47:57.346755+00:00", "data": {"market": "0x9f8ed8dc9919fdd73e5ad3ad11a55a5170b8b5d1fc719882b96d230163d0477d", "price_changes": [{"asset_id": "70533482715666872132408582987317667368634048243454202194116998329590149632297", "price": "0.78", "size": "71.9", "side": "BUY", "hash": "360c3b8eebff31452d13374d2d0ce9a248643363", "best_bid": "0.78", "best_ask": "0.81"}, {"asset_id": "65634087941787040303275150310334684914752691964440910765838306789894915308211", "price": "0.22", "size": "71.9", "side": "SELL", "hash": "f400330b5042e444db7fbd77025246772d75b342", "best_bid": "0.19", "best_ask": "0.22"}], "timestamp": "1769384877152", "event_type": "price_change"}}
{"_local_timestamp": "2026-01-25T23:47:57.898456+00:00", "data": {"market": "0x9f8ed8dc9919fdd73e5ad3ad11a55a5170b8b5d1fc719882b96d230163d0477d", "price_changes": [{"asset_id": "70533482715666872132408582987317667368634048243454202194116998329590149632297", "price": "0.78", "size": "153.5", "side": "BUY", "hash": "c22b6cbc5978d736f262e6ca3f1f87a83a895c9b", "best_bid": "0.78", "best_ask": "0.81"}, {"asset_id": "65634087941787040303275150310334684914752691964440910765838306789894915308211", "price": "0.22", "size": "153.5", "side": "SELL", "hash": "02c6242058498cdcbb073c7340717aed4a950819", "best_bid": "0.19", "best_ask": "0.22"}], "timestamp": "1769384877762", "event_type": "price_change"}}
{"_local_timestamp": "2026-01-25T23:47:58.354769+00:00", "data": {"market": "0x9f8ed8dc9919fdd73e5ad3ad11a55a5170b8b5d1fc719882b96d230163d0477d", "price_changes": [{"asset_id": "70533482715666872132408582987317667368634048243454202194116998329590149632297", "price": "0.78", "size": "235.1", "side": "BUY", "hash": "ae709689e87bade570cf8ca2d49e1bdc869120c6", "best_bid": "0.78", "best_ask": "0.81"}, {"asset_id": "65634087941787040303275150310334684914752691964440910765838306789894915308211", "price": "0.22", "size": "235.1", "side": "SELL", "hash": "a65bac13ec764e69832ce9d25a80f05cfb802034", "best_bid": "0.19", "best_ask": "0.22"}], "timestamp": "1769384878213", "event_type": "price_change"}}
{"_local_timestamp": "2026-01-25T23:48:22.317154+00:00", "data": {"market": "0x9f8ed8dc9919fdd73e5ad3ad11a55a5170b8b5d1fc719882b96d230163d0477d", "price_changes": [{"asset_id": "70533482715666872132408582987317667368634048243454202194116998329590149632297", "price": "0.78", "size": "153.5", "side": "BUY", "hash": "e0e64c0595c2d2746881dd6bda840c0b1430b821", "best_bid": "0.78", "best_ask": "0.81"}, {"asset_id": "65634087941787040303275150310334684914752691964440910765838306789894915308211", "price": "0.22", "size": "153.5", "side": "SELL", "hash": "5809b0908c0ebee299b93dde4565bb844c5ed529", "best_bid": "0.19", "best_ask": "0.22"}], "timestamp": "1769384902065", "event_type": "price_change"}}
{"_local_timestamp": "2026-01-25T23:48:22.318174+00:00", "data": {"market": "0x9f8ed8dc9919fdd73e5ad3ad11a55a5170b8b5d1fc719882b96d230163d0477d", "price_changes": [{"asset_id": "70533482715666872132408582987317667368634048243454202194116998329590149632297", "price": "0.78", "size": "71.9", "side": "BUY", "hash": "0d1ba492d2dfc06f8cac000aaa07301f23b1939c", "best_bid": "0.78", "best_ask": "0.81"}, {"asset_id": "65634087941787040303275150310334684914752691964440910765838306789894915308211", "price": "0.22", "size": "71.9", "side": "SELL", "hash": "dd0c4f93a6443e18f1253af8a287c3d4d6050f62", "best_bid": "0.19", "best_ask": "0.22"}], "timestamp": "1769384902067", "event_type": "price_change"}}
{"_local_timestamp": "2026-01-25T23:48:22.861319+00:00", "data": {"market": "0x9f8ed8dc9919fdd73e5ad3ad11a55a5170b8b5d1fc719882b96d230163d0477d", "price_changes": [{"asset_id": "70533482715666872132408582987317667368634048243454202194116998329590149632297", "price": "0.78", "size": "153.5", "side": "BUY", "hash": "3f8543dee39942a09c71599698137b724e0c4ebc", "best_bid": "0.78", "best_ask": "0.81"}, {"asset_id": "65634087941787040303275150310334684914752691964440910765838306789894915308211", "price": "0.22", "size": "153.5", "side": "SELL", "hash": "20a39fc3614c6ed9d4b7c9ef6513ec3aab4c3164", "best_bid": "0.19", "best_ask": "0.22"}], "timestamp": "1769384902662", "event_type": "price_change"}}
{"_local_timestamp": "2026-01-25T23:48:23.352881+00:00", "data": {"market": "0x9f8ed8dc9919fdd73e5ad3ad11a55a5170b8b5d1fc719882b96d230163d0477d", "price_changes": [{"asset_id": "70533482715666872132408582987317667368634048243454202194116998329590149632297", "price": "0.78", "size": "235.1", "side": "BUY", "hash": "12489aa27ea1a0d207373a7e3e7b7c79bc63ec4b", "best_bid": "0.78", "best_ask": "0.81"}, {"asset_id": "65634087941787040303275150310334684914752691964440910765838306789894915308211", "price": "0.22", "size": "235.1", "side": "SELL", "hash": "1f57e98d56561292ab584ce06d7b991edffe1e85", "best_bid": "0.19", "best_ask": "0.22"}], "timestamp": "1769384903110", "event_type": "price_change"}}
{"_local_timestamp": "2026-01-25T23:48:31.809893+00:00", "data": {"market": "0x9f8ed8dc9919fdd73e5ad3ad11a55a5170b8b5d1fc719882b96d230163d0477d", "price_changes": [{"asset_id": "70533482715666872132408582987317667368634048243454202194116998329590149632297", "price": "0.78", "size": "153.5", "side": "BUY", "hash": "db18346f4de8024499a1417739b834f8c4427741", "best_bid": "0.78", "best_ask": "0.81"}, {"asset_id": "65634087941787040303275150310334684914752691964440910765838306789894915308211", "price": "0.22", "size": "153.5", "side": "SELL", "hash": "4804c35538b988150acba7f9a66f2a27c7ca387d", "best_bid": "0.19", "best_ask": "0.22"}], "timestamp": "1769384911552", "event_type": "price_change"}}
{"_local_timestamp": "2026-01-25T23:48:32.717812+00:00", "data": {"market": "0x9f8ed8dc9919fdd73e5ad3ad11a55a5170b8b5d1fc719882b96d230163d0477d", "price_changes": [{"asset_id": "70533482715666872132408582987317667368634048243454202194116998329590149632297", "price": "0.78", "size": "71.9", "side": "BUY", "hash": "dbda25bf72cd2e7033dfbc22f6d660c064da601c", "best_bid": "0.78", "best_ask": "0.81"}, {"asset_id": "65634087941787040303275150310334684914752691964440910765838306789894915308211", "price": "0.22", "size": "71.9", "side": "SELL", "hash": "b8bc2ad631f4d2b4faa01b092551652f0ae192e3", "best_bid": "0.19", "best_ask": "0.22"}], "timestamp": "1769384911574", "event_type": "price_change"}}
{"_local_timestamp": "2026-01-25T23:48:32.718650+00:00", "data": {"market": "0x9f8ed8dc9919fdd73e5ad3ad11a55a5170b8b5d1fc719882b96d230163d0477d", "price_changes": [{"asset_id": "70533482715666872132408582987317667368634048243454202194116998329590149632297", "price": "0.78", "size": "153.5", "side": "BUY", "hash": "351a9fd898e19eba283832096644fd245bd5c32f", "best_bid": "0.78", "best_ask": "0.81"}, {"asset_id": "65634087941787040303275150310334684914752691964440910765838306789894915308211", "price": "0.22", "size": "153.5", "side": "SELL", "hash": "5d5f0c4f2d17ddefb22c902f3d0bce1b2ae64dac", "best_bid": "0.19", "best_ask": "0.22"}], "timestamp": "1769384912165", "event_type": "price_change"}}
{"_local_timestamp": "2026-01-25T23:48:33.014405+00:00", "data": {"market": "0x9f8ed8dc9919fdd73e5ad3ad11a55a5170b8b5d1fc719882b96d230163d0477d", "price_changes": [{"asset_id": "70533482715666872132408582987317667368634048243454202194116998329590149632297", "price": "0.78", "size": "235.1", "side": "BUY", "hash": "d7fb85a4a2d9bf18f857780c472375f82c1df4f5", "best_bid": "0.78", "best_ask": "0.81"}, {"asset_id": "65634087941787040303275150310334684914752691964440910765838306789894915308211", "price": "0.22", "size": "235.1", "side": "SELL", "hash": "5462a85342ac5f34a98f130bf8d73353144a4257", "best_bid": "0.19", "best_ask": "0.22"}], "timestamp": "1769384912609", "event_type": "price_change"}}
{"_local_timestamp": "2026-01-25T23:48:56.130109+00:00", "data": {"market": "0x9f8ed8dc9919fdd73e5ad3ad11a55a5170b8b5d1fc719882b96d230163d0477d", "price_changes": [{"asset_id": "70533482715666872132408582987317667368634048243454202194116998329590149632297", "price": "0.78", "size": "153.5", "side": "BUY", "hash": "0cecd06049cd4b02c2f027d26ebd3dee08dd22e9", "best_bid": "0.78", "best_ask": "0.81"}, {"asset_id": "65634087941787040303275150310334684914752691964440910765838306789894915308211", "price": "0.22", "size": "153.5", "side": "SELL", "hash": "c3565e799cb1324531fbbc1030364bd00825efd9", "best_bid": "0.19", "best_ask": "0.22"}], "timestamp": "1769384936042", "event_type": "price_change"}}
{"_local_timestamp": "2026-01-25T23:48:56.130777+00:00", "data": {"market": "0x9f8ed8dc9919fdd73e5ad3ad11a55a5170b8b5d1fc719882b96d230163d0477d", "price_changes": [{"asset_id": "70533482715666872132408582987317667368634048243454202194116998329590149632297", "price": "0.78", "size": "71.9", "side": "BUY", "hash": "2c1403d1b288cee7fbeb475d5bfec687bbf0c7ad", "best_bid": "0.78", "best_ask": "0.81"}, {"asset_id": "65634087941787040303275150310334684914752691964440910765838306789894915308211", "price": "0.22", "size": "71.9", "side": "SELL", "hash": "c5c45124917c4bde6fa6a74719ac4d9891af2536", "best_bid": "0.19", "best_ask": "0.22"}], "timestamp": "1769384936052", "event_type": "price_change"}}
{"_local_timestamp": "2026-01-25T23:48:56.729630+00:00", "data": {"market": "0x9f8ed8dc9919fdd73e5ad3ad11a55a5170b8b5d1fc719882b96d230163d0477d", "price_changes": [{"asset_id": "70533482715666872132408582987317667368634048243454202194116998329590149632297", "price": "0.78", "size": "153.5", "side": "BUY", "hash": "1fae0a8bb7cbe0b60384da6b54f4406841b8c9f2", "best_bid": "0.78", "best_ask": "0.81"}, {"asset_id": "65634087941787040303275150310334684914752691964440910765838306789894915308211", "price": "0.22", "size": "153.5", "side": "SELL", "hash": "10867234e024a81117d8796a480e0879b59e6a97", "best_bid": "0.19", "best_ask": "0.22"}], "timestamp": "1769384936662", "event_type": "price_change"}}
{"_local_timestamp": "2026-01-25T23:48:57.177128+00:00", "data": {"market": "0x9f8ed8dc9919fdd73e5ad3ad11a55a5170b8b5d1fc719882b96d230163d0477d", "price_changes": [{"asset_id": "70533482715666872132408582987317667368634048243454202194116998329590149632297", "price": "0.78", "size": "235.1", "side": "BUY", "hash": "b726f8096ca8489905fc362f57006e5bbedc916f", "best_bid": "0.78", "best_ask": "0.81"}, {"asset_id": "65634087941787040303275150310334684914752691964440910765838306789894915308211", "price": "0.22", "size": "235.1", "side": "SELL", "hash": "eb88df3225aa1ff5cec7d2c12a9171cf6f8c00d6", "best_bid": "0.19", "best_ask": "0.22"}], "timestamp": "1769384937107", "event_type": "price_change"}}
{"_local_timestamp": "2026-01-25T23:49:06.457167+00:00", "data": {"market": "0x9f8ed8dc9919fdd73e5ad3ad11a55a5170b8b5d1fc719882b96d230163d0477d", "price_changes": [{"asset_id": "70533482715666872132408582987317667368634048243454202194116998329590149632297", "price": "0.78", "size": "153.5", "side": "BUY", "hash": "22e0b32aa3a9c0e89865d6273091a92a697657c7", "best_bid": "0.78", "best_ask": "0.81"}, {"asset_id": "65634087941787040303275150310334684914752691964440910765838306789894915308211", "price": "0.22", "size": "153.5", "side": "SELL", "hash": "5a914b4863d79035ef7e78650c8fc9080e87855b", "best_bid": "0.19", "best_ask": "0.22"}], "timestamp": "1769384946394", "event_type": "price_change"}}
{"_local_timestamp": "2026-01-25T23:49:06.464053+00:00", "data": {"market": "0x9f8ed8dc9919fdd73e5ad3ad11a55a5170b8b5d1fc719882b96d230163d0477d", "price_changes": [{"asset_id": "70533482715666872132408582987317667368634048243454202194116998329590149632297", "price": "0.78", "size": "71.9", "side": "BUY", "hash": "962e39854d6c8bf679fc66833adc3cb1863aa745", "best_bid": "0.78", "best_ask": "0.81"}, {"asset_id": "65634087941787040303275150310334684914752691964440910765838306789894915308211", "price": "0.22", "size": "71.9", "side": "SELL", "hash": "d11143c6e1156e811ac4fac073e7ff561dd42005", "best_bid": "0.19", "best_ask": "0.22"}], "timestamp": "1769384946399", "event_type": "price_change"}}
{"_local_timestamp": "2026-01-25T23:49:07.046256+00:00", "data": {"market": "0x9f8ed8dc9919fdd73e5ad3ad11a55a5170b8b5d1fc719882b96d230163d0477d", "price_changes": [{"asset_id": "70533482715666872132408582987317667368634048243454202194116998329590149632297", "price": "0.78", "size": "153.5", "side": "BUY", "hash": "523432f262dba370a96d7e1b0ae57641fbe91773", "best_bid": "0.78", "best_ask": "0.81"}, {"asset_id": "65634087941787040303275150310334684914752691964440910765838306789894915308211", "price": "0.22", "size": "153.5", "side": "SELL", "hash": "74b3be4423a43b4a95c6c3829edffb6accb642a8", "best_bid": "0.19", "best_ask": "0.22"}], "timestamp": "1769384946976", "event_type": "price_change"}}
{"_local_timestamp": "2026-01-25T23:49:07.495401+00:00", "data": {"market": "0x9f8ed8dc9919fdd73e5ad3ad11a55a5170b8b5d1fc719882b96d230163d0477d", "price_changes": [{"asset_id": "70533482715666872132408582987317667368634048243454202194116998329590149632297", "price": "0.78", "size": "235.1", "side": "BUY", "hash": "436770cae8d392bb51143bfe3ac1334e8e07c92b", "best_bid": "0.78", "best_ask": "0.81"}, {"asset_id": "65634087941787040303275150310334684914752691964440910765838306789894915308211", "price": "0.22", "size": "235.1", "side": "SELL", "hash": "a0f5526645f30342e26aeb95eab494fb45cfd947", "best_bid": "0.19", "best_ask": "0.22"}], "timestamp": "1769384947429", "event_type": "price_change"}}
