{"_local_timestamp": "2026-01-25T23:40:49.880254+00:00", "data": [{"market": "0x9f8ed8dc9919fdd73e5ad3ad11a55a5170b8b5d1fc719882b96d230163d0477d", "asset_id": "65634087941787040303275150310334684914752691964440910765838306789894915308211", "timestamp": "1769384233471", "hash": "ba35f221d50eab7fd5e8867b44b0e9ba0aaac165", "bids": [{"price": "0.01", "size": "2405"}, {"price": "0.02", "size": "758.1"}, {"price": "0.03", "size": "400"}, {"price": "0.04", "size": "8.47"}, {"price": "0.05", "size": "2200"}, {"price": "0.08", "size": "1010"}, {"price": "0.09", "size": "205.54"}, {"price": "0.1", "size": "6662.5"}, {"price": "0.11", "size": "118.18"}, {"price": "0.12", "size": "91.66"}, {"price": "0.13", "size": "2000"}, {"price": "0.14", "size": "1000"}, {"price": "0.15", "size": "618"}, {"price": "0.16", "size": "122.5"}, {"price": "0.17", "size": "310.82"}, {"price": "0.18", "size": "325.4"}, {"price": "0.19", "size": "594.66"}], "asks": [{"price": "0.99", "size": "3309.97"}, {"price": "0.98", "size": "1000"}, {"price": "0.97", "size": "5.7"}, {"price": "0.95", "size": "21616.99"}, {"price": "0.94", "size": "250"}, {"price": "0.93", "size": "10.41"}, {"price": "0.77", "size": "100"}, {"price": "0.71", "size": "227.4"}, {"price": "0.7", "size": "439.6"}, {"price": "0.69", "size": "415.9"}, {"price": "0.68", "size": "403.4"}, {"price": "0.67", "size": "389"}, {"price": "0.66", "size": "380"}, {"price": "0.65", "size": "3054.11"}, {"price": "0.64", "size": "359"}, {"price": "0.63", "size": "346"}, {"price": "0.62", "size": "330"}, {"price": "0.61", "size": "313"}, {"price": "0.6", "size": "5387"}, {"price": "0.59", "size": "274"}, {"price": "0.58", "size": "261"}, {"price": "0.57", "size": "233"}, {"price": "0.56", "size": "330.4"}, {"price": "0.55", "size": "287.8"}, {"price": "0.54", "size": "251.5"}, {"price": "0.53", "size": "220.6"}, {"price": "0.52", "size": "205.8"}, {"price": "0.51", "size": "179.7"}, {"price": "0.5", "size": "334.5"}, {"price": "0.49", "size": "2226.27"}, {"price": "0.48", "size": "2098.83"}, {"price": "0.47", "size": "344.71"}, {"price": "0.44", "size": "50"}, {"price": "0.42", "size": "10"}, {"price": "0.4", "size": "16390.87"}, {"price": "0.38", "size": "400"}, {"price": "0.37", "size": "559.92"}, {"price": "0.35", "size": "305.28"}, {"price": "0.33", "size": "400"}, {"price": "0.32", "size": "52.53"}, {"price": "0.29", "size": "300"}, {"price": "0.28", "size": "15.27"}, {"price": "0.27", "size": "417.8"}, {"price": "0.25", "size": "200"}, {"price": "0.24", "size": "300"}, {"price": "0.23", "size": "5.7"}, {"price": "0.22", "size": "235.1"}], "event_type": "book", "last_trade_price": "0.780"}, {"market": "0x9f8ed8dc9919fdd73e5ad3ad11a55a5170b8b5d1fc719882b96d230163d0477d", "asset_id": "70533482715666872132408582987317667368634048243454202194116998329590149632297", "timestamp": "1769384233471", "hash": "463b6b107be05f32beb0dbccbd71ab7d9b063fce", "bids": [{"price": "0.01", "size": "3309.97"}, {"price": "0.02", "size": "1000"}, {"price": "0.03", "size": "5.7"}, {"price": "0.05", "size": "21616.99"}, {"price": "0.06", "size": "250"}, {"price": "0.07", "size": "10.41"}, {"price": "0.23", "size": "100"}, {"price": "0.29", "size": "227.4"}, {"price": "0.3", "size": "439.6"}, {"price": "0.31", "size": "415.9"}, {"price": "0.32", "size": "403.4"}, {"price": "0.33", "size": "389"}, {"price": "0.34", "size": "380"}, {"price": "0.35", "size": "3054.11"}, {"price": "0.36", "size": "359"}, {"price": "0.37", "size": "346"}, {"price": "0.38", "size": "330"}, {"price": "0.39", "size": "313"}, {"price": "0.4", "size": "5387"}, {"price": "0.41", "size": "274"}, {"price": "0.42", "size": "261"}, {"price": "0.43", "size": "233"}, {"price": "0.44", "size": "330.4"}, {"price": "0.45", "size": "287.8"}, {"price": "0.46", "size": "251.5"}, {"price": "0.47", "size": "220.6"}, {"price": "0.48", "size": "205.8"}, {"price": "0.49", "size": "179.7"}, {"price": "0.5", "size": "334.5"}, {"price": "0.51", "size": "2226.27"}, {"price": "0.52", "size": "2098.83"}, {"price": "0.53", "size": "344.71"}, {"price": "0.56", "size": "50"}, {"price": "0.58", "size": "10"}, {"price": "0.6", "size": "16390.87"}, {"price": "0.62", "size": "400"}, {"price": "0.63", "size": "559.92"}, {"price": "0.65", "size": "305.28"}, {"price": "0.67", "size": "400"}, {"price": "0.68", "size": "52.53"}, {"price": "0.71", "size": "300"}, {"price": "0.72", "size": "15.27"}, {"price": "0.73", "size": "417.8"}, {"price": "0.75", "size": "200"}, {"price": "0.76", "size": "300"}, {"price": "0.77", "size": "5.7"}, {"price": "0.78", "size": "235.1"}], "asks": [{"price": "0.99", "size": "2405"}, {"price": "0.98", "size": "758.1"}, {"price": "0.97", "size": "400"}, {"price": "0.96", "size": "8.47"}, {"price": "0.95", "size": "2200"}, {"price": "0.92", "size": "1010"}, {"price": "0.91", "size": "205.54"}, {"price": "0.9", "size": "6662.5"}, {"price": "0.89", "size": "118.18"}, {"price": "0.88", "size": "91.66"}, {"price": "0.87", "size": "2000"}, {"price": "0.86", "size": "1000"}, {"price": "0.85", "size": "618"}, {"price": "0.84", "size": "122.5"}, {"price": "0.83", "size": "310.82"}, {"price": "0.82", "size": "325.4"}, {"price": "0.81", "size": "594.66"}], "event_type": "book", "last_trade_price": "0.780"}]}
{"_local_timestamp": "2026-01-25T23:41:09.388722+00:00", "data": {"market": "0x9f8ed8dc9919fdd73e5ad3ad11a55a5170b8b5d1fc719882b96d230163d0477d", "price_changes": [{"asset_id": "70533482715666872132408582987317667368634048243454202194116998329590149632297", "price": "0.78", "size": "153.5", "side": "BUY", "hash": "82728464d948d2f93b79b8cec6de461b52b5b9bd", "best_bid": "0.78", "best_ask": "0.81"}, {"asset_id": "65634087941787040303275150310334684914752691964440910765838306789894915308211", "price": "0.22", "size": "153.5", "side": "SELL", "hash": "ba7553cb11996fc572718e125df8ca30f56b5a4a", "best_bid": "0.19", "best_ask": "0.22"}], "timestamp": "1769384469303", "event_type": "price_change"}}
{"_local_timestamp": "2026-01-25T23:41:09.392434+00:00", "data": {"market": "0x9f8ed8dc9919fdd73e5ad3ad11a55a5170b8b5d1fc719882b96d230163d0477d", "price_changes": [{"asset_id": "70533482715666872132408582987317667368634048243454202194116998329590149632297", "price": "0.78", "size": "71.9", "side": "BUY", "hash": "36942ac516f9df7b0b5f3d9bac24262fc6c8806a", "best_bid": "0.78", "best_ask": "0.81"}, {"asset_id": "65634087941787040303275150310334684914752691964440910765838306789894915308211", "price": "0.22", "size": "71.9", "side": "SELL", "hash": "4604f827749f920d0b3c3df14a33265092250f0b", "best_bid": "0.19", "best_ask": "0.22"}], "timestamp": "1769384469310", "event_type": "price_change"}}
{"_local_timestamp": "2026-01-25T23:41:09.988964+00:00", "data": {"market": "0x9f8ed8dc9919fdd73e5ad3ad11a55a5170b8b5d1fc719882b96d230163d0477d", "price_changes": [{"asset_id": "70533482715666872132408582987317667368634048243454202194116998329590149632297", "price": "0.78", "size": "153.5", "side": "BUY", "hash": "b3ce439338e36d10c864110b35eccb9987edd86d", "best_bid": "0.78", "best_ask": "0.81"}, {"asset_id": "65634087941787040303275150310334684914752691964440910765838306789894915308211", "price": "0.22", "size": "153.5", "side": "SELL", "hash": "e16f6281a6ad714e427600a24e667b00178b5a90", "best_bid": "0.19", "best_ask": "0.22"}], "timestamp": "1769384469923", "event_type": "price_change"}}
{"_local_timestamp": "2026-01-25T23:41:10.439480+00:00", "data": {"market": "0x9f8ed8dc9919fdd73e5ad3ad11a55a5170b8b5d1fc719882b96d230163d0477d", "price_changes": [{"asset_id": "70533482715666872132408582987317667368634048243454202194116998329590149632297", "price": "0.78", "size": "235.1", "side": "BUY", "hash": "14820906cc359695f67995816d7fc28226013f4d", "best_bid": "0.78", "best_ask": "0.81"}, {"asset_id": "65634087941787040303275150310334684914752691964440910765838306789894915308211", "price": "0.22", "size": "235.1", "side": "SELL", "hash": "8d2460b295583eaa7b9d6b8fbe56f6a674c0a2c2", "best_bid": "0.19", "best_ask": "0.22"}], "timestamp": "1769384470368", "event_type": "price_change"}}
