{"_local_timestamp": "2026-01-25T23:33:40.676360+00:00", "data": [{"market": "0x9f8ed8dc9919fdd73e5ad3ad11a55a5170b8b5d1fc719882b96d230163d0477d", "asset_id": "65634087941787040303275150310334684914752691964440910765838306789894915308211", "timestamp": "1769384018934", "hash": "b61f8d87b518c5fc44f4a04dae9ddba2f1222cda", "bids": [{"price": "0.01", "size": "2405"}, {"price": "0.02", "size": "758.1"}, {"price": "0.03", "size": "400"}, {"price": "0.04", "size": "8.47"}, {"price": "0.05", "size": "2200"}, {"price": "0.08", "size": "1010"}, {"price": "0.09", "size": "205.54"}, {"price": "0.1", "size": "6662.5"}, {"price": "0.11", "size": "118.18"}, {"price": "0.12", "size": "91.66"}, {"price": "0.13", "size": "2000"}, {"price": "0.14", "size": "1000"}, {"price": "0.15", "size": "618"}, {"price": "0.16", "size": "122.5"}, {"price": "0.17", "size": "310.82"}, {"price": "0.18", "size": "325.4"}, {"price": "0.19", "size": "594.66"}], "asks": [{"price": "0.99", "size": "3309.97"}, {"price": "0.98", "size": "1000"}, {"price": "0.97", "size": "5.7"}, {"price": "0.95", "size": "21616.99"}, {"price": "0.94", "size": "250"}, {"price": "0.93", "size": "10.41"}, {"price": "0.77", "size": "100"}, {"price": "0.71", "size": "227.4"}, {"price": "0.7", "size": "439.6"}, {"price": "0.69", "size": "415.9"}, {"price": "0.68", "size": "403.4"}, {"price": "0.67", "size": "389"}, {"price": "0.66", "size": "380"}, {"price": "0.65", "size": "3054.11"}, {"price": "0.64", "size": "359"}, {"price": "0.63", "size": "346"}, {"price": "0.62", "size": "330"}, {"price": "0.61", "size": "313"}, {"price": "0.6", "size": "5387"}, {"price": "0.59", "size": "274"}, {"price": "0.58", "size": "261"}, {"price": "0.57", "size": "233"}, {"price": "0.56", "size": "330.4"}, {"price": "0.55", "size": "287.8"}, {"price": "0.54", "size": "251.5"}, {"price": "0.53", "size": "220.6"}, {"price": "0.52", "size": "205.8"}, {"price": "0.51", "size": "179.7"}, {"price": "0.5", "size": "334.5"}, {"price": "0.49", "size": "2226.27"}, {"price": "0.48", "size": "2098.83"}, {"price": "0.47", "size": "344.71"}, {"price": "0.44", "size": "50"}, {"price": "0.42", "size": "10"}, {"price": "0.4", "size": "16390.87"}, {"price": "0.38", "size": "400"}, {"price": "0.37", "size": "559.92"}, {"price": "0.35", "size": "305.28"}, {"price": "0.33", "size": "400"}, {"price": "0.32", "size": "52.53"}, {"price": "0.29", "size": "300"}, {"price": "0.28", "size": "15.27"}, {"price": "0.27", "size": "417.8"}, {"price": "0.25", "size": "200"}, {"price": "0.24", "size": "300"}, {"price": "0.23", "size": "5.7"}, {"price": "0.22", "size": "235.1"}], "event_type": "book", "last_trade_price": "0.780"}, {"market": "0x9f8ed8dc9919fdd73e5ad3ad11a55a5170b8b5d1fc719882b96d230163d0477d", "asset_id": "70533482715666872132408582987317667368634048243454202194116998329590149632297", "timestamp": "1769384018934", "hash": "216902b4e24b95ded2c198b3453da4ff18722b3e", "bids": [{"price": "0.01", "size": "3309.97"}, {"price": "0.02", "size": "1000"}, {"price": "0.03", "size": "5.7"}, {"price": "0.05", "size": "21616.99"}, {"price": "0.06", "size": "250"}, {"price": "0.07", "size": "10.41"}, {"price": "0.23", "size": "100"}, {"price": "0.29", "size": "227.4"}, {"price": "0.3", "size": "439.6"}, {"price": "0.31", "size": "415.9"}, {"price": "0.32", "size": "403.4"}, {"price": "0.33", "size": "389"}, {"price": "0.34", "size": "380"}, {"price": "0.35", "size": "3054.11"}, {"price": "0.36", "size": "359"}, {"price": "0.37", "size": "346"}, {"price": "0.38", "size": "330"}, {"price": "0.39", "size": "313"}, {"price": "0.4", "size": "5387"}, {"price": "0.41", "size": "274"}, {"price": "0.42", "size": "261"}, {"price": "0.43", "size": "233"}, {"price": "0.44", "size": "330.4"}, {"price": "0.45", "size": "287.8"}, {"price": "0.46", "size": "251.5"}, {"price": "0.47", "size": "220.6"}, {"price": "0.48", "size": "205.8"}, {"price": "0.49", "size": "179.7"}, {"price": "0.5", "size": "334.5"}, {"price": "0.51", "size": "2226.27"}, {"price": "0.52", "size": "2098.83"}, {"price": "0.53", "size": "344.71"}, {"price": "0.56", "size": "50"}, {"price": "0.58", "size": "10"}, {"price": "0.6", "size": "16390.87"}, {"price": "0.62", "size": "400"}, {"price": "0.63", "size": "559.92"}, {"price": "0.65", "size": "305.28"}, {"price": "0.67", "size": "400"}, {"price": "0.68", "size": "52.53"}, {"price": "0.71", "size": "300"}, {"price": "0.72", "size": "15.27"}, {"price": "0.73", "size": "417.8"}, {"price": "0.75", "size": "200"}, {"price": "0.76", "size": "300"}, {"price": "0.77", "size": "5.7"}, {"price": "0.78", "size": "235.1"}], "asks": [{"price": "0.99", "size": "2405"}, {"price": "0.98", "size": "758.1"}, {"price": "0.97", "size": "400"}, {"price": "0.96", "size": "8.47"}, {"price": "0.95", "size": "2200"}, {"price": "0.92", "size": "1010"}, {"price": "0.91", "size": "205.54"}, {"price": "0.9", "size": "6662.5"}, {"price": "0.89", "size": "118.18"}, {"price": "0.88", "size": "91.66"}, {"price": "0.87", "size": "2000"}, {"price": "0.86", "size": "1000"}, {"price": "0.85", "size": "618"}, {"price": "0.84", "size": "122.5"}, {"price": "0.83", "size": "310.82"}, {"price": "0.82", "size": "325.4"}, {"price": "0.81", "size": "594.66"}], "event_type": "book", "last_trade_price": "0.780"}]}
{"_local_timestamp": "2026-01-25T23:34:03.149727+00:00", "data": {"market": "0x9f8ed8dc9919fdd73e5ad3ad11a55a5170b8b5d1fc719882b96d230163d0477d", "price_changes": [{"asset_id": "70533482715666872132408582987317667368634048243454202194116998329590149632297", "price": "0.78", "size": "153.5", "side": "BUY", "hash": "67f2aa0c43515a47b010834e695ba12f0b6ca73a", "best_bid": "0.78", "best_ask": "0.81"}, {"asset_id": "65634087941787040303275150310334684914752691964440910765838306789894915308211", "price": "0.22", "size": "153.5", "side": "SELL", "hash": "619325681dbd0e2e76e13b3e9ea52d3de7077bb9", "best_bid": "0.19", "best_ask": "0.22"}], "timestamp": "1769384042915", "event_type": "price_change"}}
{"_local_timestamp": "2026-01-25T23:34:03.154230+00:00", "data": {"market": "0x9f8ed8dc9919fdd73e5ad3ad11a55a5170b8b5d1fc719882b96d230163d0477d", "price_changes": [{"asset_id": "70533482715666872132408582987317667368634048243454202194116998329590149632297", "price": "0.78", "size": "71.9", "side": "BUY", "hash": "72cdf0339bdfd66fc57293c1e7b8a011a91aaaf0", "best_bid": "0.78", "best_ask": "0.81"}, {"asset_id": "65634087941787040303275150310334684914752691964440910765838306789894915308211", "price": "0.22", "size": "71.9", "side": "SELL", "hash": "bffec8d7876cff245e26d0a090e8bb4c49b471fe", "best_bid": "0.19", "best_ask": "0.22"}], "timestamp": "1769384042919", "event_type": "price_change"}}
{"_local_timestamp": "2026-01-25T23:34:03.758875+00:00", "data": {"market": "0x9f8ed8dc9919fdd73e5ad3ad11a55a5170b8b5d1fc719882b96d230163d0477d", "price_changes": [{"asset_id": "70533482715666872132408582987317667368634048243454202194116998329590149632297", "price": "0.78", "size": "153.5", "side": "BUY", "hash": "41c3f4ade5fe93daa937e35c865ad30ed555ad41", "best_bid": "0.78", "best_ask": "0.81"}, {"asset_id": "65634087941787040303275150310334684914752691964440910765838306789894915308211", "price": "0.22", "size": "153.5", "side": "SELL", "hash": "f75d38efba6dc8298bdbaf1e64b090be1097702a", "best_bid": "0.19", "best_ask": "0.22"}], "timestamp": "1769384043538", "event_type": "price_change"}}
{"_local_timestamp": "2026-01-25T23:34:04.213281+00:00", "data": {"market": "0x9f8ed8dc9919fdd73e5ad3ad11a55a5170b8b5d1fc719882b96d230163d0477d", "price_changes": [{"asset_id": "70533482715666872132408582987317667368634048243454202194116998329590149632297", "price": "0.78", "size": "235.1", "side": "BUY", "hash": "81f5b5d01655655e4f065dbb3f8e5f3680cd6a31", "best_bid": "0.78", "best_ask": "0.81"}, {"asset_id": "65634087941787040303275150310334684914752691964440910765838306789894915308211", "price": "0.22", "size": "235.1", "side": "SELL", "hash": "1f72b48668481d5d033bea282965fd7d91227551", "best_bid": "0.19", "best_ask": "0.22"}], "timestamp": "1769384043995", "event_type": "price_change"}}
{"_local_timestamp": "2026-01-25T23:34:14.564517+00:00", "data": {"market": "0x9f8ed8dc9919fdd73e5ad3ad11a55a5170b8b5d1fc719882b96d230163d0477d", "price_changes": [{"asset_id": "70533482715666872132408582987317667368634048243454202194116998329590149632297", "price": "0.78", "size": "153.5", "side": "BUY", "hash": "370a58d61ff0ed0693a5cbdc038e7175f1e83e1d", "best_bid": "0.78", "best_ask": "0.81"}, {"asset_id": "65634087941787040303275150310334684914752691964440910765838306789894915308211", "price": "0.22", "size": "153.5", "side": "SELL", "hash": "31fbb0a21a6be247a6a5ca3729a8801489d5a58c", "best_bid": "0.19", "best_ask": "0.22"}], "timestamp": "1769384054302", "event_type": "price_change"}}
{"_local_timestamp": "2026-01-25T23:34:14.580203+00:00", "data": {"market": "0x9f8ed8dc9919fdd73e5ad3ad11a55a5170b8b5d1fc719882b96d230163d0477d", "price_changes": [{"asset_id": "70533482715666872132408582987317667368634048243454202194116998329590149632297", "price": "0.78", "size": "71.9", "side": "BUY", "hash": "548633d49b164273d42e8ea8cacc2a084892a94f", "best_bid": "0.78", "best_ask": "0.81"}, {"asset_id": "65634087941787040303275150310334684914752691964440910765838306789894915308211", "price": "0.22", "size": "71.9", "side": "SELL", "hash": "7c0112ca707fd979b9d8989be86b7d343325dfb3", "best_bid": "0.19", "best_ask": "0.22"}], "timestamp": "1769384054304", "event_type": "price_change"}}
{"_local_timestamp": "2026-01-25T23:34:15.140107+00:00", "data": {"market": "0x9f8ed8dc9919fdd73e5ad3ad11a55a5170b8b5d1fc719882b96d230163d0477d", "price_changes": [{"asset_id": "70533482715666872132408582987317667368634048243454202194116998329590149632297", "price": "0.78", "size": "153.5", "side": "BUY", "hash": "e953f9bddd3d5a4c32da5188008a70a57d1cd41c", "best_bid": "0.78", "best_ask": "0.81"}, {"asset_id": "65634087941787040303275150310334684914752691964440910765838306789894915308211", "price": "0.22", "size": "153.5", "side": "SELL", "hash": "cab11d07c48a9cf67db7b537c1e3d21bfcc50d61", "best_bid": "0.19", "best_ask": "0.22"}], "timestamp": "1769384054907", "event_type": "price_change"}}
{"_local_timestamp": "2026-01-25T23:34:15.601715+00:00", "data": {"market": "0x9f8ed8dc9919fdd73e5ad3ad11a55a5170b8b5d1fc719882b96d230163d0477d", "price_changes": [{"asset_id": "70533482715666872132408582987317667368634048243454202194116998329590149632297", "price": "0.78", "size": "235.1", "side": "BUY", "hash": "86c6486c572233455c6f418ec135b1bafbd7af0a", "best_bid": "0.78", "best_ask": "0.81"}, {"asset_id": "65634087941787040303275150310334684914752691964440910765838306789894915308211", "price": "0.22", "size": "235.1", "side": "SELL", "hash": "1d5e1579149ad401343ea69e19267d51396d09df", "best_bid": "0.19", "best_ask": "0.22"}], "timestamp": "1769384055360", "event_type": "price_change"}}
{"_local_timestamp": "2026-01-25T23:34:37.461238+00:00", "data": {"market": "0x9f8ed8dc9919fdd73e5ad3ad11a55a5170b8b5d1fc719882b96d230163d0477d", "price_changes": [{"asset_id": "70533482715666872132408582987317667368634048243454202194116998329590149632297", "price": "0.78", "size": "153.5", "side": "BUY", "hash": "8e10244e6b72fd044dd54f4aa8085ec864c6b031", "best_bid": "0.78", "best_ask": "0.81"}, {"asset_id": "65634087941787040303275150310334684914752691964440910765838306789894915308211", "price": "0.22", "size": "153.5", "side": "SELL", "hash": "d427fee4b7ec4b718be551f8e12cacb293044ccf", "best_bid": "0.19", "best_ask": "0.22"}], "timestamp": "1769384077240", "event_type": "price_change"}}
{"_local_timestamp": "2026-01-25T23:34:37.465541+00:00", "data": {"market": "0x9f8ed8dc9919fdd73e5ad3ad11a55a5170b8b5d1fc719882b96d230163d0477d", "price_changes": [{"asset_id": "70533482715666872132408582987317667368634048243454202194116998329590149632297", "price": "0.78", "size": "71.9", "side": "BUY", "hash": "fd8f73af5285d99fb863a168bf943db7ea57f7e0", "best_bid": "0.78", "best_ask": "0.81"}, {"asset_id": "65634087941787040303275150310334684914752691964440910765838306789894915308211", "price": "0.22", "size": "71.9", "side": "SELL", "hash": "c64f72294f9cf68d374c70448c682be498c313c0", "best_bid": "0.19", "best_ask": "0.22"}], "timestamp": "1769384077245", "event_type": "price_change"}}
{"_local_timestamp": "2026-01-25T23:34:37.892992+00:00", "data": {"market": "0x9f8ed8dc9919fdd73e5ad3ad11a55a5170b8b5d1fc719882b96d230163d0477d", "price_changes": [{"asset_id": "70533482715666872132408582987317667368634048243454202194116998329590149632297", "price": "0.78", "size": "153.5", "side": "BUY", "hash": "f7d54cbb8392f0b30f3aa9c84ec28daa50232f7c", "best_bid": "0.78", "best_ask": "0.81"}, {"asset_id": "65634087941787040303275150310334684914752691964440910765838306789894915308211", "price": "0.22", "size": "153.5", "side": "SELL", "hash": "2f7fcdda12d59f47f5d7e22a25fb2fa49c08bf83", "best_bid": "0.19", "best_ask": "0.22"}], "timestamp": "1769384077828", "event_type": "price_change"}}
{"_local_timestamp": "2026-01-25T23:34:38.349660+00:00", "data": {"market": "0x9f8ed8dc9919fdd73e5ad3ad11a55a5170b8b5d1fc719882b96d230163d0477d", "price_changes": [{"asset_id": "70533482715666872132408582987317667368634048243454202194116998329590149632297", "price": "0.78", "size": "235.1", "side": "BUY", "hash": "819429354acebaa7acc265c070c0a7387f08005f", "best_bid": "0.78", "best_ask": "0.81"}, {"asset_id": "65634087941787040303275150310334684914752691964440910765838306789894915308211", "price": "0.22", "size": "235.1", "side": "SELL", "hash": "2396a0ce0df9fe07100b6f8388fbec5a1d9f55ad", "best_bid": "0.19", "best_ask": "0.22"}], "timestamp": "1769384078279", "event_type": "price_change"}}
{"_local_timestamp": "2026-01-25T23:34:45.858789+00:00", "data": {"market": "0x9f8ed8dc9919fdd73e5ad3ad11a55a5170b8b5d1fc719882b96d230163d0477d", "price_changes": [{"asset_id": "70533482715666872132408582987317667368634048243454202194116998329590149632297", "price": "0.78", "size": "153.5", "side": "BUY", "hash": "6d3512944031b31280a2821278e271e37e7ced61", "best_bid": "0.78", "best_ask": "0.81"}, {"asset_id": "65634087941787040303275150310334684914752691964440910765838306789894915308211", "price": "0.22", "size": "153.5", "side": "SELL", "hash": "a7d948bc9d124f1b3eb2a0d75aaccaaa8f73254d", "best_bid": "0.19", "best_ask": "0.22"}], "timestamp": "1769384085788", "event_type": "price_change"}}
{"_local_timestamp": "2026-01-25T23:34:45.859187+00:00", "data": {"market": "0x9f8ed8dc9919fdd73e5ad3ad11a55a5170b8b5d1fc719882b96d230163d0477d", "price_changes": [{"asset_id": "70533482715666872132408582987317667368634048243454202194116998329590149632297", "price": "0.78", "size": "71.9", "side": "BUY", "hash": "84e89c6c32f3ee50003db830400fe9b0f018879e", "best_bid": "0.78", "best_ask": "0.81"}, {"asset_id": "65634087941787040303275150310334684914752691964440910765838306789894915308211", "price": "0.22", "size": "71.9", "side": "SELL", "hash": "6c547b5009fdc4e0963218d297d891196de457d9", "best_bid": "0.19", "best_ask": "0.22"}], "timestamp": "1769384085791", "event_type": "price_change"}}
{"_local_timestamp": "2026-01-25T23:34:46.524353+00:00", "data": {"market": "0x9f8ed8dc9919fdd73e5ad3ad11a55a5170b8b5d1fc719882b96d230163d0477d", "price_changes": [{"asset_id": "70533482715666872132408582987317667368634048243454202194116998329590149632297", "price": "0.78", "size": "153.5", "side": "BUY", "hash": "e6081205a6db874497efe97f99a5d140192e4844", "best_bid": "0.78", "best_ask": "0.81"}, {"asset_id": "65634087941787040303275150310334684914752691964440910765838306789894915308211", "price": "0.22", "size": "153.5", "side": "SELL", "hash": "216c3f1fa7db0f2ef4406dae8c8e665c0ed9c092", "best_bid": "0.19", "best_ask": "0.22"}], "timestamp": "1769384086449", "event_type": "price_change"}}
{"_local_timestamp": "2026-01-25T23:34:46.971533+00:00", "data": {"market": "0x9f8ed8dc9919fdd73e5ad3ad11a55a5170b8b5d1fc719882b96d230163d0477d", "price_changes": [{"asset_id": "70533482715666872132408582987317667368634048243454202194116998329590149632297", "price": "0.78", "size": "235.1", "side": "BUY", "hash": "0a9eb68aea9985ad414f18817094bbf1b6ca2b3d", "best_bid": "0.78", "best_ask": "0.81"}, {"asset_id": "65634087941787040303275150310334684914752691964440910765838306789894915308211", "price": "0.22", "size": "235.1", "side": "SELL", "hash": "17c1b72c6b690be4008567a59ef00b599b74340a", "best_bid": "0.19", "best_ask": "0.22"}], "timestamp": "1769384086902", "event_type": "price_change"}}
{"_local_timestamp": "2026-01-25T23:35:09.550515+00:00", "data": {"market": "0x9f8ed8dc9919fdd73e5ad3ad11a55a5170b8b5d1fc719882b96d230163d0477d", "price_changes": [{"asset_id": "70533482715666872132408582987317667368634048243454202194116998329590149632297", "price": "0.78", "size": "153.5", "side": "BUY", "hash": "5972ae840871e308ed97212bb6b7c363adf08585", "best_bid": "0.78", "best_ask": "0.81"}, {"asset_id": "65634087941787040303275150310334684914752691964440910765838306789894915308211", "price": "0.22", "size": "153.5", "side": "SELL", "hash": "3c0924352b50decea4a11d7b25b9997af839faf5", "best_bid": "0.19", "best_ask": "0.22"}], "timestamp": "1769384109469", "event_type": "price_change"}}
{"_local_timestamp": "2026-01-25T23:35:09.551240+00:00", "data": {"market": "0x9f8ed8dc9919fdd73e5ad3ad11a55a5170b8b5d1fc719882b96d230163d0477d", "price_changes": [{"asset_id": "70533482715666872132408582987317667368634048243454202194116998329590149632297", "price": "0.78", "size": "71.9", "side": "BUY", "hash": "758aca67830f4e3b21828629468c370fc6ce6f52", "best_bid": "0.78", "best_ask": "0.81"}, {"asset_id": "65634087941787040303275150310334684914752691964440910765838306789894915308211", "price": "0.22", "size": "71.9", "side": "SELL", "hash": "a2eb6e50b8a67c5f133e53d6a00efed94b30ec7e", "best_bid": "0.19", "best_ask": "0.22"}], "timestamp": "1769384109481", "event_type": "price_change"}}
{"_local_timestamp": "2026-01-25T23:35:10.165132+00:00", "data": {"market": "0x9f8ed8dc9919fdd73e5ad3ad11a55a5170b8b5d1fc719882b96d230163d0477d", "price_changes": [{"asset_id": "70533482715666872132408582987317667368634048243454202194116998329590149632297", "price": "0.78", "size": "153.5", "side": "BUY", "hash": "3219d6218258da6638b98ca8da2d4b52ed04c12e", "best_bid": "0.78", "best_ask": "0.81"}, {"asset_id": "65634087941787040303275150310334684914752691964440910765838306789894915308211", "price": "0.22", "size": "153.5", "side": "SELL", "hash": "b2f4d5ea69abb68a09a9ce002ab322c5e863c203", "best_bid": "0.19", "best_ask": "0.22"}], "timestamp": "1769384110091", "event_type": "price_change"}}
{"_local_timestamp": "2026-01-25T23:35:10.662122+00:00", "data": {"market": "0x9f8ed8dc9919fdd73e5ad3ad11a55a5170b8b5d1fc719882b96d230163d0477d", "price_changes": [{"asset_id": "70533482715666872132408582987317667368634048243454202194116998329590149632297", "price": "0.78", "size": "235.1", "side": "BUY", "hash": "b6b2db7ac722eb3589b1fc768e70e7e2115e2639", "best_bid": "0.78", "best_ask": "0.81"}, {"asset_id": "65634087941787040303275150310334684914752691964440910765838306789894915308211", "price": "0.22", "size": "235.1", "side": "SELL", "hash": "45127013a31656bf2950b651e283689cba5200d7", "best_bid": "0.19", "best_ask": "0.22"}], "timestamp": "1769384110554", "event_type": "price_change"}}
{"_local_timestamp": "2026-01-25T23:35:20.674694+00:00", "data": {"market": "0x9f8ed8dc9919fdd73e5ad3ad11a55a5170b8b5d1fc719882b96d230163d0477d", "price_changes": [{"asset_id": "70533482715666872132408582987317667368634048243454202194116998329590149632297", "price": "0.78", "size": "153.5", "side": "BUY", "hash": "3cd20a5dc95b6a59d516343df09a0202d9ec382e", "best_bid": "0.78", "best_ask": "0.81"}, {"asset_id": "65634087941787040303275150310334684914752691964440910765838306789894915308211", "price": "0.22", "size": "153.5", "side": "SELL", "hash": "0fbc1280aeb2d77436ad6fba6e8bc14201e53888", "best_bid": "0.19", "best_ask": "0.22"}], "timestamp": "1769384120609", "event_type": "price_change"}}
{"_local_timestamp": "2026-01-25T23:35:20.679109+00:00", "data": {"market": "0x9f8ed8dc9919fdd73e5ad3ad11a55a5170b8b5d1fc719882b96d230163d0477d", "price_changes": [{"asset_id": "70533482715666872132408582987317667368634048243454202194116998329590149632297", "price": "0.78", "size": "71.9", "side": "BUY", "hash": "e97a2d87a2dfd2769aec146a072a70f4ec094705", "best_bid": "0.78", "best_ask": "0.81"}, {"asset_id": "65634087941787040303275150310334684914752691964440910765838306789894915308211", "price": "0.22", "size": "71.9", "side": "SELL", "hash": "2bb96dec5352af233bb406f0e88d6f2d0c6f6fa1", "best_bid": "0.19", "best_ask": "0.22"}], "timestamp": "1769384120610", "event_type": "price_change"}}
{"_local_timestamp": "2026-01-25T23:35:21.294488+00:00", "data": {"market": "0x9f8ed8dc9919fdd73e5ad3ad11a55a5170b8b5d1fc719882b96d230163d0477d", "price_changes": [{"asset_id": "70533482715666872132408582987317667368634048243454202194116998329590149632297", "price": "0.78", "size": "153.5", "side": "BUY", "hash": "aa15dd6d74bed34fd06ab13168b2c50027b16be3", "best_bid": "0.78", "best_ask": "0.81"}, {"asset_id": "65634087941787040303275150310334684914752691964440910765838306789894915308211", "price": "0.22", "size": "153.5", "side": "SELL", "hash": "d3f962dd2e738a41566d24979e00ab87da7cdf7b", "best_bid": "0.19", "best_ask": "0.22"}], "timestamp": "1769384121230", "event_type": "price_change"}}
{"_local_timestamp": "2026-01-25T23:35:21.753209+00:00", "data": {"market": "0x9f8ed8dc9919fdd73e5ad3ad11a55a5170b8b5d1fc719882b96d230163d0477d", "price_changes": [{"asset_id": "70533482715666872132408582987317667368634048243454202194116998329590149632297", "price": "0.78", "size": "235.1", "side": "BUY", "hash": "7485704b7b531e99362c9f450ec62913c2dfd24f", "best_bid": "0.78", "best_ask": "0.81"}, {"asset_id": "65634087941787040303275150310334684914752691964440910765838306789894915308211", "price": "0.22", "size": "235.1", "side": "SELL", "hash": "6bdbea07aacee8fb88837ac997cd149107d0d647", "best_bid": "0.19", "best_ask": "0.22"}], "timestamp": "1769384121685", "event_type": "price_change"}}
{"_local_timestamp": "2026-01-25T23:35:47.108172+00:00", "data": {"market": "0x9f8ed8dc9919fdd73e5ad3ad11a55a5170b8b5d1fc719882b96d230163d0477d", "price_changes": [{"asset_id": "70533482715666872132408582987317667368634048243454202194116998329590149632297", "price": "0.78", "size": "153.5", "side": "BUY", "hash": "45220f0adef3d06fcbd7712f59c8c1b9fa7b931e", "best_bid": "0.78", "best_ask": "0.81"}, {"asset_id": "65634087941787040303275150310334684914752691964440910765838306789894915308211", "price": "0.22", "size": "153.5", "side": "SELL", "hash": "bf0c1a22fdddf2d8327747325a02c51b002dbc6e", "best_bid": "0.19", "best_ask": "0.22"}], "timestamp": "1769384147008", "event_type": "price_change"}}
{"_local_timestamp": "2026-01-25T23:35:47.108895+00:00", "data": {"market": "0x9f8ed8dc9919fdd73e5ad3ad11a55a5170b8b5d1fc719882b96d230163d0477d", "price_changes": [{"asset_id": "70533482715666872132408582987317667368634048243454202194116998329590149632297", "price": "0.78", "size": "71.9", "side": "BUY", "hash": "5cb6c9ec5dc8c3ba8ed9a67b432c4d02309e056d", "best_bid": "0.78", "best_ask": "0.81"}, {"asset_id": "65634087941787040303275150310334684914752691964440910765838306789894915308211", "price": "0.22", "size": "71.9", "side": "SELL", "hash": "aa8e5b4e7da98fe4c51f370c49f2e258ea9b43d5", "best_bid": "0.19", "best_ask": "0.22"}], "timestamp": "1769384147016", "event_type": "price_change"}}
{"_local_timestamp": "2026-01-25T23:35:47.695402+00:00", "data": {"market": "0x9f8ed8dc9919fdd73e5ad3ad11a55a5170b8b5d1fc719882b96d230163d0477d", "price_changes": [{"asset_id": "70533482715666872132408582987317667368634048243454202194116998329590149632297", "price": "0.78", "size": "153.5", "side": "BUY", "hash": "9c5b15255ffb954a14745c3b75005a7f25bca0d8", "best_bid": "0.78", "best_ask": "0.81"}, {"asset_id": "65634087941787040303275150310334684914752691964440910765838306789894915308211", "price": "0.22", "size": "153.5", "side": "SELL", "hash": "e3d288688bc5f03222a447050c27aca0940dd330", "best_bid": "0.19", "best_ask": "0.22"}], "timestamp": "1769384147625", "event_type": "price_change"}}
{"_local_timestamp": "2026-01-25T23:35:48.146760+00:00", "data": {"market": "0x9f8ed8dc9919fdd73e5ad3ad11a55a5170b8b5d1fc719882b96d230163d0477d", "price_changes": [{"asset_id": "70533482715666872132408582987317667368634048243454202194116998329590149632297", "price": "0.78", "size": "235.1", "side": "BUY", "hash": "1d03afd558d6e368b0ed3fdca0346fead781502f", "best_bid": "0.78", "best_ask": "0.81"}, {"asset_id": "65634087941787040303275150310334684914752691964440910765838306789894915308211", "price": "0.22", "size": "235.1", "side": "SELL", "hash": "5b760eb2c05b2ca294174de09f8e5ce888a4f4ad", "best_bid": "0.19", "best_ask": "0.22"}], "timestamp": "1769384148081", "event_type": "price_change"}}
{"_local_timestamp": "2026-01-25T23:35:57.814858+00:00", "data": {"market": "0x9f8ed8dc9919fdd73e5ad3ad11a55a5170b8b5d1fc719882b96d230163d0477d", "price_changes": [{"asset_id": "70533482715666872132408582987317667368634048243454202194116998329590149632297", "price": "0.78", "size": "153.5", "side": "BUY", "hash": "d83656ac5f13f80ff704fc8372f1256031a475c9", "best_bid": "0.78", "best_ask": "0.81"}, {"asset_id": "65634087941787040303275150310334684914752691964440910765838306789894915308211", "price": "0.22", "size": "153.5", "side": "SELL", "hash": "dd86f06e603158e052a3f7e5157a96b743657235", "best_bid": "0.19", "best_ask": "0.22"}], "timestamp": "1769384157718", "event_type": "price_change"}}
{"_local_timestamp": "2026-01-25T23:35:57.822460+00:00", "data": {"market": "0x9f8ed8dc9919fdd73e5ad3ad11a55a5170b8b5d1fc719882b96d230163d0477d", "price_changes": [{"asset_id": "70533482715666872132408582987317667368634048243454202194116998329590149632297", "price": "0.78", "size": "71.9", "side": "BUY", "hash": "061b5868c29ed5b4227b000b51388a7ef1e0552b", "best_bid": "0.78", "best_ask": "0.81"}, {"asset_id": "65634087941787040303275150310334684914752691964440910765838306789894915308211", "price": "0.22", "size": "71.9", "side": "SELL", "hash": "fd145b84f48e180777a5d7663a0e7699f49b7f1c", "best_bid": "0.19", "best_ask": "0.22"}], "timestamp": "1769384157720", "event_type": "price_change"}}
{"_local_timestamp": "2026-01-25T23:35:58.380305+00:00", "data": {"market": "0x9f8ed8dc9919fdd73e5ad3ad11a55a5170b8b5d1fc719882b96d230163d0477d", "price_changes": [{"asset_id": "70533482715666872132408582987317667368634048243454202194116998329590149632297", "price": "0.78", "size": "153.5", "side": "BUY", "hash": "42dc83f09483a035f1ec45f73d09b52b978975f2", "best_bid": "0.78", "best_ask": "0.81"}, {"asset_id": "65634087941787040303275150310334684914752691964440910765838306789894915308211", "price": "0.22", "size": "153.5", "side": "SELL", "hash": "b319e5dfaaea4bacf0bad96dbe1fd8eab6b55161", "best_bid": "0.19", "best_ask": "0.22"}], "timestamp": "1769384158315", "event_type": "price_change"}}
{"_local_timestamp": "2026-01-25T23:35:58.837217+00:00", "data": {"market": "0x9f8ed8dc9919fdd73e5ad3ad11a55a5170b8b5d1fc719882b96d230163d0477d", "price_changes": [{"asset_id": "70533482715666872132408582987317667368634048243454202194116998329590149632297", "price": "0.78", "size": "235.1", "side": "BUY", "hash": "d7ddada88255a21971ace6f733eaa7f4f48035aa", "best_bid": "0.78", "best_ask": "0.81"}, {"asset_id": "65634087941787040303275150310334684914752691964440910765838306789894915308211", "price": "0.22", "size": "235.1", "side": "SELL", "hash": "1b8d3c7bcecd7e89667f8384202e5f075cb337d9", "best_bid": "0.19", "best_ask": "0.22"}], "timestamp": "1769384158775", "event_type": "price_change"}}
{"_local_timestamp": "2026-01-25T23:36:30.828539+00:00", "data": {"market": "0x9f8ed8dc9919fdd73e5ad3ad11a55a5170b8b5d1fc719882b96d230163d0477d", "price_changes": [{"asset_id": "70533482715666872132408582987317667368634048243454202194116998329590149632297", "price": "0.78", "size": "153.5", "side": "BUY", "hash": "7d525694b503e3d1b74c118d40ba8458b6c939fd", "best_bid": "0.78", "best_ask": "0.81"}, {"asset_id": "65634087941787040303275150310334684914752691964440910765838306789894915308211", "price": "0.22", "size": "153.5", "side": "SELL", "hash": "05797c09ad3f381e97ae9381efaff37eee8f7b1c", "best_bid": "0.19", "best_ask": "0.22"}], "timestamp": "1769384190764", "event_type": "price_change"}}
{"_local_timestamp": "2026-01-25T23:36:30.842588+00:00", "data": {"market": "0x9f8ed8dc9919fdd73e5ad3ad11a55a5170b8b5d1fc719882b96d230163d0477d", "price_changes": [{"asset_id": "70533482715666872132408582987317667368634048243454202194116998329590149632297", "price": "0.78", "size": "71.9", "side": "BUY", "hash": "cfad417c105ecf012b0230f224245ccf5a758bb0", "best_bid": "0.78", "best_ask": "0.81"}, {"asset_id": "65634087941787040303275150310334684914752691964440910765838306789894915308211", "price": "0.22", "size": "71.9", "side": "SELL", "hash": "6e7f0d2d97487c0dcf2288400495a1ae86d01439", "best_bid": "0.19", "best_ask": "0.22"}], "timestamp": "1769384190767", "event_type": "price_change"}}
{"_local_timestamp": "2026-01-25T23:36:31.472875+00:00", "data": {"market": "0x9f8ed8dc9919fdd73e5ad3ad11a55a5170b8b5d1fc719882b96d230163d0477d", "price_changes": [{"asset_id": "70533482715666872132408582987317667368634048243454202194116998329590149632297", "price": "0.78", "size": "153.5", "side": "BUY", "hash": "1731b57ec9f34a1de1c21cb5f7299de0b5bb14fa", "best_bid": "0.78", "best_ask": "0.81"}, {"asset_id": "65634087941787040303275150310334684914752691964440910765838306789894915308211", "price": "0.22", "size": "153.5", "side": "SELL", "hash": "6f2c7d04e9d974e17a6f76d5b311f2c3beeb619d", "best_bid": "0.19", "best_ask": "0.22"}], "timestamp": "1769384191402", "event_type": "price_change"}}
{"_local_timestamp": "2026-01-25T23:36:31.926872+00:00", "data": {"market": "0x9f8ed8dc9919fdd73e5ad3ad11a55a5170b8b5d1fc719882b96d230163d0477d", "price_changes": [{"asset_id": "70533482715666872132408582987317667368634048243454202194116998329590149632297", "price": "0.78", "size": "235.1", "side": "BUY", "hash": "eba5ea717a824a4005ca5e383e9beab95935db15", "best_bid": "0.78", "best_ask": "0.81"}, {"asset_id": "65634087941787040303275150310334684914752691964440910765838306789894915308211", "price": "0.22", "size": "235.1", "side": "SELL", "hash": "8bbeef9ae16a94f013a35f42000dd8b1b97193a6", "best_bid": "0.19", "best_ask": "0.22"}], "timestamp": "1769384191849", "event_type": "price_change"}}
{"_local_timestamp": "2026-01-25T23:36:43.450128+00:00", "data": {"market": "0x9f8ed8dc9919fdd73e5ad3ad11a55a5170b8b5d1fc719882b96d230163d0477d", "price_changes": [{"asset_id": "70533482715666872132408582987317667368634048243454202194116998329590149632297", "price": "0.78", "size": "153.5", "side": "BUY", "hash": "b41692d25038defc9c1157d98d523e476fb169b3", "best_bid": "0.78", "best_ask": "0.81"}, {"asset_id": "65634087941787040303275150310334684914752691964440910765838306789894915308211", "price": "0.22", "size": "153.5", "side": "SELL", "hash": "0eb0ebdcbd24e6b84ccc560a33c9276be6138129", "best_bid": "0.19", "best_ask": "0.22"}], "timestamp": "1769384203386", "event_type": "price_change"}}
{"_local_timestamp": "2026-01-25T23:36:43.455665+00:00", "data": {"market": "0x9f8ed8dc9919fdd73e5ad3ad11a55a5170b8b5d1fc719882b96d230163d0477d", "price_changes": [{"asset_id": "70533482715666872132408582987317667368634048243454202194116998329590149632297", "price": "0.78", "size": "71.9", "side": "BUY", "hash": "06196df6095ffdcde592d80e89f322ef325110eb", "best_bid": "0.78", "best_ask": "0.81"}, {"asset_id": "65634087941787040303275150310334684914752691964440910765838306789894915308211", "price": "0.22", "size": "71.9", "side": "SELL", "hash": "e6534be417cf2307977b1bc9ebb1c1845d0d5d27", "best_bid": "0.19", "best_ask": "0.22"}], "timestamp": "1769384203391", "event_type": "price_change"}}
{"_local_timestamp": "2026-01-25T23:36:44.070220+00:00", "data": {"market": "0x9f8ed8dc9919fdd73e5ad3ad11a55a5170b8b5d1fc719882b96d230163d0477d", "price_changes": [{"asset_id": "70533482715666872132408582987317667368634048243454202194116998329590149632297", "price": "0.78", "size": "153.5", "side": "BUY", "hash": "16195b07be07a817e686e32753aa0398f6feaeb2", "best_bid": "0.78", "best_ask": "0.81"}, {"asset_id": "65634087941787040303275150310334684914752691964440910765838306789894915308211", "price": "0.22", "size": "153.5", "side": "SELL", "hash": "0594fa72dbe35266d9acaa993cedeb73d04f61a8", "best_bid": "0.19", "best_ask": "0.22"}], "timestamp": "1769384204000", "event_type": "price_change"}}
{"_local_timestamp": "2026-01-25T23:36:44.514293+00:00", "data": {"market": "0x9f8ed8dc9919fdd73e5ad3ad11a55a5170b8b5d1fc719882b96d230163d0477d", "price_changes": [{"asset_id": "70533482715666872132408582987317667368634048243454202194116998329590149632297", "price": "0.78", "size": "235.1", "side": "BUY", "hash": "c04eeb8b2f0c61ad8876df301e6f64c00cc1894f", "best_bid": "0.78", "best_ask": "0.81"}, {"asset_id": "65634087941787040303275150310334684914752691964440910765838306789894915308211", "price": "0.22", "size": "235.1", "side": "SELL", "hash": "a13ef6873af11a572e309acb9a2a2e8f724b0cda", "best_bid": "0.19", "best_ask": "0.22"}], "timestamp": "1769384204449", "event_type": "price_change"}}
{"_local_timestamp": "2026-01-25T23:37:12.456730+00:00", "data": {"market": "0x9f8ed8dc9919fdd73e5ad3ad11a55a5170b8b5d1fc719882b96d230163d0477d", "price_changes": [{"asset_id": "70533482715666872132408582987317667368634048243454202194116998329590149632297", "price": "0.78", "size": "153.5", "side": "BUY", "hash": "0aff19555fd052b6356299ba327fa2e534634544", "best_bid": "0.78", "best_ask": "0.81"}, {"asset_id": "65634087941787040303275150310334684914752691964440910765838306789894915308211", "price": "0.22", "size": "153.5", "side": "SELL", "hash": "ed9266fbf29cbf7888c58381a752c70855c96751", "best_bid": "0.19", "best_ask": "0.22"}], "timestamp": "1769384232385", "event_type": "price_change"}}
{"_local_timestamp": "2026-01-25T23:37:12.463276+00:00", "data": {"market": "0x9f8ed8dc9919fdd73e5ad3ad11a55a5170b8b5d1fc719882b96d230163d0477d", "price_changes": [{"asset_id": "70533482715666872132408582987317667368634048243454202194116998329590149632297", "price": "0.78", "size": "71.9", "side": "BUY", "hash": "7f4c4890d8b94472bf05ccae1ba17c0a488beb8f", "best_bid": "0.78", "best_ask": "0.81"}, {"asset_id": "65634087941787040303275150310334684914752691964440910765838306789894915308211", "price": "0.22", "size": "71.9", "side": "SELL", "hash": "b50316f1108e447efc59286325c09498343bcfa8", "best_bid": "0.19", "best_ask": "0.22"}], "timestamp": "1769384232399", "event_type": "price_change"}}
{"_local_timestamp": "2026-01-25T23:37:13.172267+00:00", "data": {"market": "0x9f8ed8dc9919fdd73e5ad3ad11a55a5170b8b5d1fc719882b96d230163d0477d", "price_changes": [{"asset_id": "70533482715666872132408582987317667368634048243454202194116998329590149632297", "price": "0.78", "size": "153.5", "side": "BUY", "hash": "ff166ff19046e82d222137ec0800d6fdaf1ceadb", "best_bid": "0.78", "best_ask": "0.81"}, {"asset_id": "65634087941787040303275150310334684914752691964440910765838306789894915308211", "price": "0.22", "size": "153.5", "side": "SELL", "hash": "6f1d223a1261d7bb8d49b8f182e51bb8243ef555", "best_bid": "0.19", "best_ask": "0.22"}], "timestamp": "1769384233030", "event_type": "price_change"}}
{"_local_timestamp": "2026-01-25T23:37:13.601985+00:00", "data": {"market": "0x9f8ed8dc9919fdd73e5ad3ad11a55a5170b8b5d1fc719882b96d230163d0477d", "price_changes": [{"asset_id": "70533482715666872132408582987317667368634048243454202194116998329590149632297", "price": "0.78", "size": "235.1", "side": "BUY", "hash": "463b6b107be05f32beb0dbccbd71ab7d9b063fce", "best_bid": "0.78", "best_ask": "0.81"}, {"asset_id": "65634087941787040303275150310334684914752691964440910765838306789894915308211", "price": "0.22", "size": "235.1", "side": "SELL", "hash": "ba35f221d50eab7fd5e8867b44b0e9ba0aaac165", "best_bid": "0.19", "best_ask": "0.22"}], "timestamp": "1769384233471", "event_type": "price_change"}}
