{"_local_timestamp": "2026-01-25T23:40:49.880254+00:00", "data": [{"market": "0x9f8ed8dc9919fdd73e5ad3ad11a55a5170b8b5d1fc719882b96d230163d0477d", "asset_id": "65634087941787040303275150310334684914752691964440910765838306789894915308211", "timestamp": "1769384233471", "hash": "ba35f221d50eab7fd5e8867b44b0e9ba0aaac165", "bids": [{"price": "0.01", "size": "2405"}, {"price": "0.02", "size": "758.1"}, {"price": "0.03", "size": "400"}, {"price": "0.04", "size": "8.47"}, {"price": "0.05", "size": "2200"}, {"price": "0.08", "size": "1010"}, {"price": "0.09", "size": "205.54"}, {"price": "0.1", "size": "6662.5"}, {"price": "0.11", "size": "118.18"}, {"price": "0.12", "size": "91.66"}, {"price": "0.13", "size": "2000"}, {"price": "0.14", "size": "1000"}, {"price": "0.15", "size": "618"}, {"price": "0.16", "size": "122.5"}, {"price": "0.17", "size": "310.82"}, {"price": "0.18", "size": "325.4"}, {"price": "0.19", "size": "594.66"}], "asks": [{"price": "0.99", "size": "3309.97"}, {"price": "0.98", "size": "1000"}, {"price": "0.97", "size": "5.7"}, {"price": "0.95", "size": "21616.99"}, {"price": "0.94", "size": "250"}, {"price": "0.93", "size": "10.41"}, {"price": "0.77", "size": "100"}, {"price": "0.71", "size": "227.4"}, {"price": "0.7", "size": "439.6"}, {"price": "0.69", "size": "415.9"}, {"price": "0.68", "size": "403.4"}, {"price": "0.67", "size": "389"}, {"price": "0.66", "size": "380"}, {"price": "0.65", "size": "3054.11"}, {"price": "0.64", "size": "359"}, {"price": "0.63", "size": "346"}, {"price": "0.62", "size": "330"}, {"price": "0.61", "size": "313"}, {"price": "0.6", "size": "5387"}, {"price": "0.59", "size": "274"}, {"price": "0.58", "size": "261"}, {"price": "0.57", "size": "233"}, {"price": "0.56", "size": "330.4"}, {"price": "0.55", "size": "287.8"}, {"price": "0.54", "size": "251.5"}, {"price": "0.53", "size": "220.6"}, {"price": "0.52", "size": "205.8"}, {"price": "0.51", "size": "179.7"}, {"price": "0.5", "size": "334.5"}, {"price": "0.49", "size": "2226.27"}, {"price": "0.48", "size": "2098.83"}, {"price": "0.47", "size": "344.71"}, {"price": "0.44", "size": "50"}, {"price": "0.42", "size": "10"}, {"price": "0.4", "size": "16390.87"}, {"price": "0.38", "size": "400"}, {"price": "0.37", "size": "559.92"}, {"price": "0.35", "size": "305.28"}, {"price": "0.33", "size": "400"}, {"price": "0.32", "size": "52.53"}, {"price": "0.29", "size": "300"}, {"price": "0.28", "size": "15.27"}, {"price": "0.27", "size": "417.8"}, {"price": "0.25", "size": "200"}, {"price": "0.24", "size": "300"}, {"price": "0.23", "size": "5.7"}, {"price": "0.22", "size": "235.1"}], "event_type": "book", "last_trade_price": "0.780"}, {"market": "0x9f8ed8dc9919fdd73e5ad3ad11a55a5170b8b5d1fc719882b96d230163d0477d", "asset_id": "70533482715666872132408582987317667368634048243454202194116998329590149632297", "timestamp": "1769384233471", "hash": "463b6b107be05f32beb0dbccbd71ab7d9b063fce", "bids": [{"price": "0.01", "size": "3309.97"}, {"price": "0.02", "size": "1000"}, {"price": "0.03", "size": "5.7"}, {"price": "0.05", "size": "21616.99"}, {"price": "0.06", "size": "250"}, {"price": "0.07", "size": "10.41"}, {"price": "0.23", "size": "100"}, {"price": "0.29", "size": "227.4"}, {"price": "0.3", "size": "439.6"}, {"price": "0.31", "size": "415.9"}, {"price": "0.32", "size": "403.4"}, {"price": "0.33", "size": "389"}, {"price": "0.34", "size": "380"}, {"price": "0.35", "size": "3054.11"}, {"price": "0.36", "size": "359"}, {"price": "0.37", "size": "346"}, {"price": "0.38", "size": "330"}, {"price": "0.39", "size": "313"}, {"price": "0.4", "size": "5387"}, {"price": "0.41", "size": "274"}, {"price": "0.42", "size": "261"}, {"price": "0.43", "size": "233"}, {"price": "0.44", "size": "330.4"}, {"price": "0.45", "size": "287.8"}, {"price": "0.46", "size": "251.5"}, {"price": "0.47", "size": "220.6"}, {"price": "0.48", "size": "205.8"}, {"price": "0.49", "size": "179.7"}, {"price": "0.5", "size": "334.5"}, {"price": "0.51", "size": "2226.27"}, {"price": "0.52", "size": "2098.83"}, {"price": "0.53", "size": "344.71"}, {"price": "0.56", "size": "50"}, {"price": "0.58", "size": "10"}, {"price": "0.6", "size": "16390.87"}, {"price": "0.62", "size": "400"}, {"price": "0.63", "size": "559.92"}, {"price": "0.65", "size": "305.28"}, {"price": "0.67", "size": "400"}, {"price": "0.68", "size": "52.53"}, {"price": "0.71", "size": "300"}, {"price": "0.72", "size": "15.27"}, {"price": "0.73", "size": "417.8"}, {"price": "0.75", "size": "200"}, {"price": "0.76", "size": "300"}, {"price": "0.77", "size": "5.7"}, {"price": "0.78", "size": "235.1"}], "asks": [{"price": "0.99", "size": "2405"}, {"price": "0.98", "size": "758.1"}, {"price": "0.97", "size": "400"}, {"price": "0.96", "size": "8.47"}, {"price": "0.95", "size": "2200"}, {"price": "0.92", "size": "1010"}, {"price": "0.91", "size": "205.54"}, {"price": "0.9", "size": "6662.5"}, {"price": "0.89", "size": "118.18"}, {"price": "0.88", "size": "91.66"}, {"price": "0.87", "size": "2000"}, {"price": "0.86", "size": "1000"}, {"price": "0.85", "size": "618"}, {"price": "0.84", "size": "122.5"}, {"price": "0.83", "size": "310.82"}, {"price": "0.82", "size": "325.4"}, {"price": "0.81", "size": "594.66"}], "event_type": "book", "last_trade_price": "0.780"}]}
{"_local_timestamp": "2026-01-25T23:41:09.388722+00:00", "data": {"market": "0x9f8ed8dc9919fdd73e5ad3ad11a55a5170b8b5d1fc719882b96d230163d0477d", "price_changes": [{"asset_id": "70533482715666872132408582987317667368634048243454202194116998329590149632297", "price": "0.78", "size": "153.5", "side": "BUY", "hash": "82728464d948d2f93b79b8cec6de461b52b5b9bd", "best_bid": "0.78", "best_ask": "0.81"}, {"asset_id": "65634087941787040303275150310334684914752691964440910765838306789894915308211", "price": "0.22", "size": "153.5", "side": "SELL", "hash": "ba7553cb11996fc572718e125df8ca30f56b5a4a", "best_bid": "0.19", "best_ask": "0.22"}], "timestamp": "1769384469303", "event_type": "price_change"}}
{"_local_timestamp": "2026-01-25T23:41:09.392434+00:00", "data": {"market": "0x9f8ed8dc9919fdd73e5ad3ad11a55a5170b8b5d1fc719882b96d230163d0477d", "price_changes": [{"asset_id": "70533482715666872132408582987317667368634048243454202194116998329590149632297", "price": "0.78", "size": "71.9", "side": "BUY", "hash": "36942ac516f9df7b0b5f3d9bac24262fc6c8806a", "best_bid": "0.78", "best_ask": "0.81"}, {"asset_id": "65634087941787040303275150310334684914752691964440910765838306789894915308211", "price": "0.22", "size": "71.9", "side": "SELL", "hash": "4604f827749f920d0b3c3df14a33265092250f0b", "best_bid": "0.19", "best_ask": "0.22"}], "timestamp": "1769384469310", "event_type": "price_change"}}
{"_local_timestamp": "2026-01-25T23:41:09.988964+00:00", "data": {"market": "0x9f8ed8dc9919fdd73e5ad3ad11a55a5170b8b5d1fc719882b96d230163d0477d", "price_changes": [{"asset_id": "70533482715666872132408582987317667368634048243454202194116998329590149632297", "price": "0.78", "size": "153.5", "side": "BUY", "hash": "b3ce439338e36d10c864110b35eccb9987edd86d", "best_bid": "0.78", "best_ask": "0.81"}, {"asset_id": "65634087941787040303275150310334684914752691964440910765838306789894915308211", "price": "0.22", "size": "153.5", "side": "SELL", "hash": "e16f6281a6ad714e427600a24e667b00178b5a90", "best_bid": "0.19", "best_ask": "0.22"}], "timestamp": "1769384469923", "event_type": "price_change"}}
{"_local_timestamp": "2026-01-25T23:41:10.439480+00:00", "data": {"market": "0x9f8ed8dc9919fdd73e5ad3ad11a55a5170b8b5d1fc719882b96d230163d0477d", "price_changes": [{"asset_id": "70533482715666872132408582987317667368634048243454202194116998329590149632297", "price": "0.78", "size": "235.1", "side": "BUY", "hash": "14820906cc359695f67995816d7fc28226013f4d", "best_bid": "0.78", "best_ask": "0.81"}, {"asset_id": "65634087941787040303275150310334684914752691964440910765838306789894915308211", "price": "0.22", "size": "235.1", "side": "SELL", "hash": "8d2460b295583eaa7b9d6b8fbe56f6a674c0a2c2", "best_bid": "0.19", "best_ask": "0.22"}], "timestamp": "1769384470368", "event_type": "price_change"}}
{"_local_timestamp": "2026-01-25T23:41:34.691547+00:00", "data": {"market": "0x9f8ed8dc9919fdd73e5ad3ad11a55a5170b8b5d1fc719882b96d230163d0477d", "price_changes": [{"asset_id": "70533482715666872132408582987317667368634048243454202194116998329590149632297", "price": "0.78", "size": "153.5", "side": "BUY", "hash": "5598c76a0a0be82697aab14eaeeb1c06de35dad0", "best_bid": "0.78", "best_ask": "0.81"}, {"asset_id": "65634087941787040303275150310334684914752691964440910765838306789894915308211", "price": "0.22", "size": "153.5", "side": "SELL", "hash": "b31b8daa38e241152987ea47d82a677ada78bd19", "best_bid": "0.19", "best_ask": "0.22"}], "timestamp": "1769384494601", "event_type": "price_change"}}
{"_local_timestamp": "2026-01-25T23:41:34.723298+00:00", "data": {"market": "0x9f8ed8dc9919fdd73e5ad3ad11a55a5170b8b5d1fc719882b96d230163d0477d", "price_changes": [{"asset_id": "70533482715666872132408582987317667368634048243454202194116998329590149632297", "price": "0.78", "size": "71.9", "side": "BUY", "hash": "9a2cd507c6ae057c2a06327ce52119ee858abccd", "best_bid": "0.78", "best_ask": "0.81"}, {"asset_id": "65634087941787040303275150310334684914752691964440910765838306789894915308211", "price": "0.22", "size": "71.9", "side": "SELL", "hash": "b220b0c25a0f2dd1dcc640ef54384554b35d47f2", "best_bid": "0.19", "best_ask": "0.22"}], "timestamp": "1769384494644", "event_type": "price_change"}}
{"_local_timestamp": "2026-01-25T23:41:35.300216+00:00", "data": {"market": "0x9f8ed8dc9919fdd73e5ad3ad11a55a5170b8b5d1fc719882b96d230163d0477d", "price_changes": [{"asset_id": "70533482715666872132408582987317667368634048243454202194116998329590149632297", "price": "0.78", "size": "153.5", "side": "BUY", "hash": "639d004a5066f75ba140b2b0353c775f088f99b0", "best_bid": "0.78", "best_ask": "0.81"}, {"asset_id": "65634087941787040303275150310334684914752691964440910765838306789894915308211", "price": "0.22", "size": "153.5", "side": "SELL", "hash": "f654f921ed3f732a830d1afad93794683ce50938", "best_bid": "0.19", "best_ask": "0.22"}], "timestamp": "1769384495224", "event_type": "price_change"}}
{"_local_timestamp": "2026-01-25T23:41:35.735423+00:00", "data": {"market": "0x9f8ed8dc9919fdd73e5ad3ad11a55a5170b8b5d1fc719882b96d230163d0477d", "price_changes": [{"asset_id": "70533482715666872132408582987317667368634048243454202194116998329590149632297", "price": "0.78", "size": "235.1", "side": "BUY", "hash": "f7e860462dffdb055bd31e679212b4a2997c9b0d", "best_bid": "0.78", "best_ask": "0.81"}, {"asset_id": "65634087941787040303275150310334684914752691964440910765838306789894915308211", "price": "0.22", "size": "235.1", "side": "SELL", "hash": "ed131ce7596a22ad299ba90be64d36469ee4b18c", "best_bid": "0.19", "best_ask": "0.22"}], "timestamp": "1769384495669", "event_type": "price_change"}}
{"_local_timestamp": "2026-01-25T23:41:41.883510+00:00", "data": {"market": "0x9f8ed8dc9919fdd73e5ad3ad11a55a5170b8b5d1fc719882b96d230163d0477d", "price_changes": [{"asset_id": "70533482715666872132408582987317667368634048243454202194116998329590149632297", "price": "0.78", "size": "153.5", "side": "BUY", "hash": "e8208a79d04a52854d3018372bb9f109e45c3794", "best_bid": "0.78", "best_ask": "0.81"}, {"asset_id": "65634087941787040303275150310334684914752691964440910765838306789894915308211", "price": "0.22", "size": "153.5", "side": "SELL", "hash": "e12d740c02dfed2564b09bdc53c05375bd309c5d", "best_bid": "0.19", "best_ask": "0.22"}], "timestamp": "1769384501816", "event_type": "price_change"}}
{"_local_timestamp": "2026-01-25T23:41:41.890279+00:00", "data": {"market": "0x9f8ed8dc9919fdd73e5ad3ad11a55a5170b8b5d1fc719882b96d230163d0477d", "price_changes": [{"asset_id": "70533482715666872132408582987317667368634048243454202194116998329590149632297", "price": "0.78", "size": "71.9", "side": "BUY", "hash": "2f386a173c03f7338ca7aa3ef35d98368193bbd1", "best_bid": "0.78", "best_ask": "0.81"}, {"asset_id": "65634087941787040303275150310334684914752691964440910765838306789894915308211", "price": "0.22", "size": "71.9", "side": "SELL", "hash": "b55b43111f8f09ca2aa1e5a07f27ce6c2c8ca64a", "best_bid": "0.19", "best_ask": "0.22"}], "timestamp": "1769384501819", "event_type": "price_change"}}
{"_local_timestamp": "2026-01-25T23:41:42.527571+00:00", "data": {"market": "0x9f8ed8dc9919fdd73e5ad3ad11a55a5170b8b5d1fc719882b96d230163d0477d", "price_changes": [{"asset_id": "70533482715666872132408582987317667368634048243454202194116998329590149632297", "price": "0.78", "size": "153.5", "side": "BUY", "hash": "9f52e7ecad8c806a6ccc2b90c43aaaa336be21f0", "best_bid": "0.78", "best_ask": "0.81"}, {"asset_id": "65634087941787040303275150310334684914752691964440910765838306789894915308211", "price": "0.22", "size": "153.5", "side": "SELL", "hash": "1f0b0ba6c2ff66284c0dbf4130001dd2d375f418", "best_bid": "0.19", "best_ask": "0.22"}], "timestamp": "1769384502456", "event_type": "price_change"}}
{"_local_timestamp": "2026-01-25T23:41:43.013093+00:00", "data": {"market": "0x9f8ed8dc9919fdd73e5ad3ad11a55a5170b8b5d1fc719882b96d230163d0477d", "price_changes": [{"asset_id": "70533482715666872132408582987317667368634048243454202194116998329590149632297", "price": "0.78", "size": "235.1", "side": "BUY", "hash": "be4d2784f0a2cf0915f5933bc81b9913aec7a37a", "best_bid": "0.78", "best_ask": "0.81"}, {"asset_id": "65634087941787040303275150310334684914752691964440910765838306789894915308211", "price": "0.22", "size": "235.1", "side": "SELL", "hash": "4dfcea4633c4b68a300d7fce5b8d523cc324bb25", "best_bid": "0.19", "best_ask": "0.22"}], "timestamp": "1769384502944", "event_type": "price_change"}}
{"_local_timestamp": "2026-01-25T23:42:09.557012+00:00", "data": {"market": "0x9f8ed8dc9919fdd73e5ad3ad11a55a5170b8b5d1fc719882b96d230163d0477d", "price_changes": [{"asset_id": "70533482715666872132408582987317667368634048243454202194116998329590149632297", "price": "0.78", "size": "153.5", "side": "BUY", "hash": "fcb436ed86b1efe6e2a6d9cb4fb1961c8edf17f8", "best_bid": "0.78", "best_ask": "0.81"}, {"asset_id": "65634087941787040303275150310334684914752691964440910765838306789894915308211", "price": "0.22", "size": "153.5", "side": "SELL", "hash": "7980ba8658116a7b4908d493973d4600fdf5d727", "best_bid": "0.19", "best_ask": "0.22"}], "timestamp": "1769384529491", "event_type": "price_change"}}
{"_local_timestamp": "2026-01-25T23:42:09.589219+00:00", "data": {"market": "0x9f8ed8dc9919fdd73e5ad3ad11a55a5170b8b5d1fc719882b96d230163d0477d", "price_changes": [{"asset_id": "70533482715666872132408582987317667368634048243454202194116998329590149632297", "price": "0.78", "size": "71.9", "side": "BUY", "hash": "58e0f01e0f1fb88b1a7c07521732a6c50122732e", "best_bid": "0.78", "best_ask": "0.81"}, {"asset_id": "65634087941787040303275150310334684914752691964440910765838306789894915308211", "price": "0.22", "size": "71.9", "side": "SELL", "hash": "2288cbc32b29ab4a8aba75e5d8ad1742ca97a41b", "best_bid": "0.19", "best_ask": "0.22"}], "timestamp": "1769384529517", "event_type": "price_change"}}
{"_local_timestamp": "2026-01-25T23:42:10.211462+00:00", "data": {"market": "0x9f8ed8dc9919fdd73e5ad3ad11a55a5170b8b5d1fc719882b96d230163d0477d", "price_changes": [{"asset_id": "70533482715666872132408582987317667368634048243454202194116998329590149632297", "price": "0.78", "size": "153.5", "side": "BUY", "hash": "98fcff0a04042436b9b7ea1dda270058f93407e6", "best_bid": "0.78", "best_ask": "0.81"}, {"asset_id": "65634087941787040303275150310334684914752691964440910765838306789894915308211", "price": "0.22", "size": "153.5", "side": "SELL", "hash": "5e6217b2d649b7def2bfd85ccbec91e244537050", "best_bid": "0.19", "best_ask": "0.22"}], "timestamp": "1769384530141", "event_type": "price_change"}}
{"_local_timestamp": "2026-01-25T23:42:10.653045+00:00", "data": {"market": "0x9f8ed8dc9919fdd73e5ad3ad11a55a5170b8b5d1fc719882b96d230163d0477d", "price_changes": [{"asset_id": "70533482715666872132408582987317667368634048243454202194116998329590149632297", "price": "0.78", "size": "235.1", "side": "BUY", "hash": "b0385340c13956674a9ab0290511180cbf31d02b", "best_bid": "0.78", "best_ask": "0.81"}, {"asset_id": "65634087941787040303275150310334684914752691964440910765838306789894915308211", "price": "0.22", "size": "235.1", "side": "SELL", "hash": "28a3d976b8dca9a17e1133cc2b683d20e30f0b5d", "best_bid": "0.19", "best_ask": "0.22"}], "timestamp": "1769384530587", "event_type": "price_change"}}
{"_local_timestamp": "2026-01-25T23:42:18.686949+00:00", "data": {"market": "0x9f8ed8dc9919fdd73e5ad3ad11a55a5170b8b5d1fc719882b96d230163d0477d", "price_changes": [{"asset_id": "70533482715666872132408582987317667368634048243454202194116998329590149632297", "price": "0.78", "size": "153.5", "side": "BUY", "hash": "3b95bdfc1845103b61d9d09e352527bcf69860db", "best_bid": "0.78", "best_ask": "0.81"}, {"asset_id": "65634087941787040303275150310334684914752691964440910765838306789894915308211", "price": "0.22", "size": "153.5", "side": "SELL", "hash": "087602727873b4ba228b8a65a500ec88f8cd3e2b", "best_bid": "0.19", "best_ask": "0.22"}], "timestamp": "1769384538580", "event_type": "price_change"}}
{"_local_timestamp": "2026-01-25T23:42:18.695049+00:00", "data": {"market": "0x9f8ed8dc9919fdd73e5ad3ad11a55a5170b8b5d1fc719882b96d230163d0477d", "price_changes": [{"asset_id": "70533482715666872132408582987317667368634048243454202194116998329590149632297", "price": "0.78", "size": "71.9", "side": "BUY", "hash": "f0d0dc7d8962d7e14e7248b894de76b750959cc6", "best_bid": "0.78", "best_ask": "0.81"}, {"asset_id": "65634087941787040303275150310334684914752691964440910765838306789894915308211", "price": "0.22", "size": "71.9", "side": "SELL", "hash": "0914fbce140d310eaa84fc1e5754e06f7c0c4f78", "best_bid": "0.19", "best_ask": "0.22"}], "timestamp": "1769384538586", "event_type": "price_change"}}
{"_local_timestamp": "2026-01-25T23:42:19.308588+00:00", "data": {"market": "0x9f8ed8dc9919fdd73e5ad3ad11a55a5170b8b5d1fc719882b96d230163d0477d", "price_changes": [{"asset_id": "70533482715666872132408582987317667368634048243454202194116998329590149632297", "price": "0.78", "size": "153.5", "side": "BUY", "hash": "b2a90de14bac416e8bacdb33326304b2d42471ed", "best_bid": "0.78", "best_ask": "0.81"}, {"asset_id": "65634087941787040303275150310334684914752691964440910765838306789894915308211", "price": "0.22", "size": "153.5", "side": "SELL", "hash": "d9e2f5bf0b221aae906fac28cb31e7669e109e16", "best_bid": "0.19", "best_ask": "0.22"}], "timestamp": "1769384539212", "event_type": "price_change"}}
{"_local_timestamp": "2026-01-25T23:42:19.784772+00:00", "data": {"market": "0x9f8ed8dc9919fdd73e5ad3ad11a55a5170b8b5d1fc719882b96d230163d0477d", "price_changes": [{"asset_id": "70533482715666872132408582987317667368634048243454202194116998329590149632297", "price": "0.78", "size": "235.1", "side": "BUY", "hash": "7529af553313401f21a1b7baf9181a566355dfb0", "best_bid": "0.78", "best_ask": "0.81"}, {"asset_id": "65634087941787040303275150310334684914752691964440910765838306789894915308211", "price": "0.22", "size": "235.1", "side": "SELL", "hash": "a2653b62712b0257f49560e29bc3ae26f11dc94e", "best_bid": "0.19", "best_ask": "0.22"}], "timestamp": "1769384539675", "event_type": "price_change"}}
{"_local_timestamp": "2026-01-25T23:42:43.863377+00:00", "data": {"market": "0x9f8ed8dc9919fdd73e5ad3ad11a55a5170b8b5d1fc719882b96d230163d0477d", "price_changes": [{"asset_id": "70533482715666872132408582987317667368634048243454202194116998329590149632297", "price": "0.78", "size": "153.5", "side": "BUY", "hash": "8ec17aa2d203834d8348910936ea1a101c515b4b", "best_bid": "0.78", "best_ask": "0.81"}, {"asset_id": "65634087941787040303275150310334684914752691964440910765838306789894915308211", "price": "0.22", "size": "153.5", "side": "SELL", "hash": "7350f6f80305c34208593d429d5eb3f859324184", "best_bid": "0.19", "best_ask": "0.22"}], "timestamp": "1769384563753", "event_type": "price_change"}}
{"_local_timestamp": "2026-01-25T23:42:43.864222+00:00", "data": {"market": "0x9f8ed8dc9919fdd73e5ad3ad11a55a5170b8b5d1fc719882b96d230163d0477d", "price_changes": [{"asset_id": "70533482715666872132408582987317667368634048243454202194116998329590149632297", "price": "0.78", "size": "71.9", "side": "BUY", "hash": "a6efcb6cc9b2165321fe136e6d9a6c98218df39b", "best_bid": "0.78", "best_ask": "0.81"}, {"asset_id": "65634087941787040303275150310334684914752691964440910765838306789894915308211", "price": "0.22", "size": "71.9", "side": "SELL", "hash": "92eb868fdfe1546011e0fb3938cbad215d82d73f", "best_bid": "0.19", "best_ask": "0.22"}], "timestamp": "1769384563760", "event_type": "price_change"}}
{"_local_timestamp": "2026-01-25T23:42:44.462880+00:00", "data": {"market": "0x9f8ed8dc9919fdd73e5ad3ad11a55a5170b8b5d1fc719882b96d230163d0477d", "price_changes": [{"asset_id": "70533482715666872132408582987317667368634048243454202194116998329590149632297", "price": "0.78", "size": "153.5", "side": "BUY", "hash": "61d83e8c45d10390736076945e2448cfbb35f463", "best_bid": "0.78", "best_ask": "0.81"}, {"asset_id": "65634087941787040303275150310334684914752691964440910765838306789894915308211", "price": "0.22", "size": "153.5", "side": "SELL", "hash": "4c21e0fd38ae6ae2aa2533565cbf8683fd79ae9b", "best_bid": "0.19", "best_ask": "0.22"}], "timestamp": "1769384564354", "event_type": "price_change"}}
{"_local_timestamp": "2026-01-25T23:42:44.935187+00:00", "data": {"market": "0x9f8ed8dc9919fdd73e5ad3ad11a55a5170b8b5d1fc719882b96d230163d0477d", "price_changes": [{"asset_id": "70533482715666872132408582987317667368634048243454202194116998329590149632297", "price": "0.78", "size": "235.1", "side": "BUY", "hash": "4b8166ddcb4eeccac62d45d15d54e5bc3d4ec635", "best_bid": "0.78", "best_ask": "0.81"}, {"asset_id": "65634087941787040303275150310334684914752691964440910765838306789894915308211", "price": "0.22", "size": "235.1", "side": "SELL", "hash": "f9d2c173f70a0aceb79392d65f0d7f515b25019e", "best_bid": "0.19", "best_ask": "0.22"}], "timestamp": "1769384564822", "event_type": "price_change"}}
{"_local_timestamp": "2026-01-25T23:42:53.029636+00:00", "data": {"market": "0x9f8ed8dc9919fdd73e5ad3ad11a55a5170b8b5d1fc719882b96d230163d0477d", "price_changes": [{"asset_id": "70533482715666872132408582987317667368634048243454202194116998329590149632297", "price": "0.78", "size": "153.5", "side": "BUY", "hash": "bf67436a0140c6072cc5ef4c886eb1054c0b569a", "best_bid": "0.78", "best_ask": "0.81"}, {"asset_id": "65634087941787040303275150310334684914752691964440910765838306789894915308211", "price": "0.22", "size": "153.5", "side": "SELL", "hash": "123bbd78e05f228e983a28ffdcdea209390400de", "best_bid": "0.19", "best_ask": "0.22"}], "timestamp": "1769384572936", "event_type": "price_change"}}
{"_local_timestamp": "2026-01-25T23:42:53.057728+00:00", "data": {"market": "0x9f8ed8dc9919fdd73e5ad3ad11a55a5170b8b5d1fc719882b96d230163d0477d", "price_changes": [{"asset_id": "70533482715666872132408582987317667368634048243454202194116998329590149632297", "price": "0.78", "size": "71.9", "side": "BUY", "hash": "96457d196ac25cf35c734b67073fc7f03ae9e1ee", "best_bid": "0.78", "best_ask": "0.81"}, {"asset_id": "65634087941787040303275150310334684914752691964440910765838306789894915308211", "price": "0.22", "size": "71.9", "side": "SELL", "hash": "61a2d3f5d8d8cc1ed5edfb98f979e3031fe82411", "best_bid": "0.19", "best_ask": "0.22"}], "timestamp": "1769384572969", "event_type": "price_change"}}
{"_local_timestamp": "2026-01-25T23:42:53.641329+00:00", "data": {"market": "0x9f8ed8dc9919fdd73e5ad3ad11a55a5170b8b5d1fc719882b96d230163d0477d", "price_changes": [{"asset_id": "70533482715666872132408582987317667368634048243454202194116998329590149632297", "price": "0.78", "size": "153.5", "side": "BUY", "hash": "24042b24ada9ba34406d796755578e824146c749", "best_bid": "0.78", "best_ask": "0.81"}, {"asset_id": "65634087941787040303275150310334684914752691964440910765838306789894915308211", "price": "0.22", "size": "153.5", "side": "SELL", "hash": "a909e9bb0d3c1524927abe9bc6609a8081923f1a", "best_bid": "0.19", "best_ask": "0.22"}], "timestamp": "1769384573546", "event_type": "price_change"}}
{"_local_timestamp": "2026-01-25T23:42:54.082260+00:00", "data": {"market": "0x9f8ed8dc9919fdd73e5ad3ad11a55a5170b8b5d1fc719882b96d230163d0477d", "price_changes": [{"asset_id": "70533482715666872132408582987317667368634048243454202194116998329590149632297", "price": "0.78", "size": "235.1", "side": "BUY", "hash": "dc68ede2458d1226eec371050566bb65515e0608", "best_bid": "0.78", "best_ask": "0.81"}, {"asset_id": "65634087941787040303275150310334684914752691964440910765838306789894915308211", "price": "0.22", "size": "235.1", "side": "SELL", "hash": "65f29a2786ccaa7b1b26c640553e9d7e7b4cb058", "best_bid": "0.19", "best_ask": "0.22"}], "timestamp": "1769384573989", "event_type": "price_change"}}
{"_local_timestamp": "2026-01-25T23:43:17.744956+00:00", "data": {"market": "0x9f8ed8dc9919fdd73e5ad3ad11a55a5170b8b5d1fc719882b96d230163d0477d", "price_changes": [{"asset_id": "70533482715666872132408582987317667368634048243454202194116998329590149632297", "price": "0.78", "size": "153.5", "side": "BUY", "hash": "6e72eb9fa927778fde7531cb9b441ebeeea274ea", "best_bid": "0.78", "best_ask": "0.81"}, {"asset_id": "65634087941787040303275150310334684914752691964440910765838306789894915308211", "price": "0.22", "size": "153.5", "side": "SELL", "hash": "774fd93e8fe0df5c5bbf85a2d03e25ab9cfedad8", "best_bid": "0.19", "best_ask": "0.22"}], "timestamp": "1769384597633", "event_type": "price_change"}}
{"_local_timestamp": "2026-01-25T23:43:17.752668+00:00", "data": {"market": "0x9f8ed8dc9919fdd73e5ad3ad11a55a5170b8b5d1fc719882b96d230163d0477d", "price_changes": [{"asset_id": "70533482715666872132408582987317667368634048243454202194116998329590149632297", "price": "0.78", "size": "71.9", "side": "BUY", "hash": "ebe45bdac1001e9bc76861ccacc6181c6baf2bef", "best_bid": "0.78", "best_ask": "0.81"}, {"asset_id": "65634087941787040303275150310334684914752691964440910765838306789894915308211", "price": "0.22", "size": "71.9", "side": "SELL", "hash": "ecdb86edd1c470dac2324cae1ee3a1027d48bd1f", "best_bid": "0.19", "best_ask": "0.22"}], "timestamp": "1769384597638", "event_type": "price_change"}}
{"_local_timestamp": "2026-01-25T23:43:18.369289+00:00", "data": {"market": "0x9f8ed8dc9919fdd73e5ad3ad11a55a5170b8b5d1fc719882b96d230163d0477d", "price_changes": [{"asset_id": "70533482715666872132408582987317667368634048243454202194116998329590149632297", "price": "0.78", "size": "153.5", "side": "BUY", "hash": "68ec978a72e0a8694fb6169eaa30ab504ffa5259", "best_bid": "0.78", "best_ask": "0.81"}, {"asset_id": "65634087941787040303275150310334684914752691964440910765838306789894915308211", "price": "0.22", "size": "153.5", "side": "SELL", "hash": "761e5a2f9ed45c30b6c34f4942234b579b0cfd0c", "best_bid": "0.19", "best_ask": "0.22"}], "timestamp": "1769384598252", "event_type": "price_change"}}
{"_local_timestamp": "2026-01-25T23:43:18.815638+00:00", "data": {"market": "0x9f8ed8dc9919fdd73e5ad3ad11a55a5170b8b5d1fc719882b96d230163d0477d", "price_changes": [{"asset_id": "70533482715666872132408582987317667368634048243454202194116998329590149632297", "price": "0.78", "size": "235.1", "side": "BUY", "hash": "a5d8219552cfbb8211d422d57a8ba07f8da9ac82", "best_bid": "0.78", "best_ask": "0.81"}, {"asset_id": "65634087941787040303275150310334684914752691964440910765838306789894915308211", "price": "0.22", "size": "235.1", "side": "SELL", "hash": "28fea2e446698cb8b4221c1f5427593d85474411", "best_bid": "0.19", "best_ask": "0.22"}], "timestamp": "1769384598705", "event_type": "price_change"}}
{"_local_timestamp": "2026-01-25T23:43:24.990162+00:00", "data": {"market": "0x9f8ed8dc9919fdd73e5ad3ad11a55a5170b8b5d1fc719882b96d230163d0477d", "price_changes": [{"asset_id": "70533482715666872132408582987317667368634048243454202194116998329590149632297", "price": "0.78", "size": "153.5", "side": "BUY", "hash": "5724cb6734d52c56c62d02adf2ad6b271bf5e197", "best_bid": "0.78", "best_ask": "0.81"}, {"asset_id": "65634087941787040303275150310334684914752691964440910765838306789894915308211", "price": "0.22", "size": "153.5", "side": "SELL", "hash": "39b93b74fe2fb4841bfc9778d8a1c00b60711f25", "best_bid": "0.19", "best_ask": "0.22"}], "timestamp": "1769384604868", "event_type": "price_change"}}
{"_local_timestamp": "2026-01-25T23:43:24.991105+00:00", "data": {"market": "0x9f8ed8dc9919fdd73e5ad3ad11a55a5170b8b5d1fc719882b96d230163d0477d", "price_changes": [{"asset_id": "70533482715666872132408582987317667368634048243454202194116998329590149632297", "price": "0.78", "size": "71.9", "side": "BUY", "hash": "5ebfa6bd04e115d4814f29c50bbf1ab74577ea70", "best_bid": "0.78", "best_ask": "0.81"}, {"asset_id": "65634087941787040303275150310334684914752691964440910765838306789894915308211", "price": "0.22", "size": "71.9", "side": "SELL", "hash": "94fcd9accfbd9ea8e0ea90dbc038fe7141cf1d6a", "best_bid": "0.19", "best_ask": "0.22"}], "timestamp": "1769384604873", "event_type": "price_change"}}
{"_local_timestamp": "2026-01-25T23:43:25.603926+00:00", "data": {"market": "0x9f8ed8dc9919fdd73e5ad3ad11a55a5170b8b5d1fc719882b96d230163d0477d", "price_changes": [{"asset_id": "70533482715666872132408582987317667368634048243454202194116998329590149632297", "price": "0.78", "size": "153.5", "side": "BUY", "hash": "ba6cd4082515ff39450e311891e1a42a6ccf54ff", "best_bid": "0.78", "best_ask": "0.81"}, {"asset_id": "65634087941787040303275150310334684914752691964440910765838306789894915308211", "price": "0.22", "size": "153.5", "side": "SELL", "hash": "678caf2668272c9828170dfa46d3f8ecb70e56c4", "best_bid": "0.19", "best_ask": "0.22"}], "timestamp": "1769384605490", "event_type": "price_change"}}
{"_local_timestamp": "2026-01-25T23:43:26.045303+00:00", "data": {"market": "0x9f8ed8dc9919fdd73e5ad3ad11a55a5170b8b5d1fc719882b96d230163d0477d", "price_changes": [{"asset_id": "70533482715666872132408582987317667368634048243454202194116998329590149632297", "price": "0.78", "size": "235.1", "side": "BUY", "hash": "dcc856f079be12831d70101ec1318f8186482918", "best_bid": "0.78", "best_ask": "0.81"}, {"asset_id": "65634087941787040303275150310334684914752691964440910765838306789894915308211", "price": "0.22", "size": "235.1", "side": "SELL", "hash": "3022eba2bb5e30223d94c1be1f8fccaf42cc62c5", "best_bid": "0.19", "best_ask": "0.22"}], "timestamp": "1769384605940", "event_type": "price_change"}}
{"_local_timestamp": "2026-01-25T23:43:51.317804+00:00", "data": {"market": "0x9f8ed8dc9919fdd73e5ad3ad11a55a5170b8b5d1fc719882b96d230163d0477d", "price_changes": [{"asset_id": "70533482715666872132408582987317667368634048243454202194116998329590149632297", "price": "0.78", "size": "153.5", "side": "BUY", "hash": "a515496082c924ae5c521e36d3c1cfd6750815c0", "best_bid": "0.78", "best_ask": "0.81"}, {"asset_id": "65634087941787040303275150310334684914752691964440910765838306789894915308211", "price": "0.22", "size": "153.5", "side": "SELL", "hash": "0a4a0e520341f9c214ebdad7732cd81bda7660ed", "best_bid": "0.19", "best_ask": "0.22"}], "timestamp": "1769384631063", "event_type": "price_change"}}
{"_local_timestamp": "2026-01-25T23:43:51.318417+00:00", "data": {"market": "0x9f8ed8dc9919fdd73e5ad3ad11a55a5170b8b5d1fc719882b96d230163d0477d", "price_changes": [{"asset_id": "70533482715666872132408582987317667368634048243454202194116998329590149632297", "price": "0.78", "size": "71.9", "side": "BUY", "hash": "8d7c5ec87b700b5f5cbead4302fe8893d7f35498", "best_bid": "0.78", "best_ask": "0.81"}, {"asset_id": "65634087941787040303275150310334684914752691964440910765838306789894915308211", "price": "0.22", "size": "71.9", "side": "SELL", "hash": "77a4a5e07911d17fe5dfee3315f35fedee447ae5", "best_bid": "0.19", "best_ask": "0.22"}], "timestamp": "1769384631065", "event_type": "price_change"}}
