{"_local_timestamp": "2026-01-25T23:40:35.821303+00:00", "data": [{"market": "0x388459f1cfd0d310154e13f16f49d31fd301e5e3502072c8b09d3a0697b2823f", "asset_id": "2573207755291238620520169357234429566264425244697480836231467818450524491984", "timestamp": "1769384426860", "hash": "b1f8e18d47dce905cfe81983527e977d7d317b71", "bids": [{"price": "0.01", "size": "7.72"}, {"price": "0.02", "size": "4750"}, {"price": "0.03", "size": "916.66"}, {"price": "0.04", "size": "1884.92"}, {"price": "0.05", "size": "200"}, {"price": "0.06", "size": "22.76"}, {"price": "0.07", "size": "527.55"}, {"price": "0.08", "size": "1383"}, {"price": "0.09", "size": "208.36"}], "asks": [{"price": "0.99", "size": "7509.71"}, {"price": "0.98", "size": "5600"}, {"price": "0.97", "size": "9.09"}, {"price": "0.96", "size": "750"}, {"price": "0.95", "size": "530"}, {"price": "0.94", "size": "33"}, {"price": "0.91", "size": "1000"}, {"price": "0.9", "size": "6.3"}, {"price": "0.86", "size": "242.85"}, {"price": "0.85", "size": "550"}, {"price": "0.82", "size": "177.77"}, {"price": "0.81", "size": "1292"}, {"price": "0.77", "size": "221.73"}, {"price": "0.74", "size": "50"}, {"price": "0.73", "size": "146.29"}, {"price": "0.72", "size": "200"}, {"price": "0.68", "size": "75"}, {"price": "0.64", "size": "55.55"}, {"price": "0.63", "size": "3814"}, {"price": "0.62", "size": "375"}, {"price": "0.61", "size": "5"}, {"price": "0.13", "size": "300"}, {"price": "0.12", "size": "752.43"}, {"price": "0.11", "size": "300"}, {"price": "0.1", "size": "9.61"}], "event_type": "book", "last_trade_price": "0.910"}, {"market": "0x388459f1cfd0d310154e13f16f49d31fd301e5e3502072c8b09d3a0697b2823f", "asset_id": "45013571873161160860937233081904434980740309297672543874099543889521510161863", "timestamp": "1769384426860", "hash": "72c790c590c238ee89d8c625eba4b233c05404b5", "bids": [{"price": "0.01", "size": "7509.71"}, {"price": "0.02", "size": "5600"}, {"price": "0.03", "size": "9.09"}, {"price": "0.04", "size": "750"}, {"price": "0.05", "size": "530"}, {"price": "0.06", "size": "33"}, {"price": "0.09", "size": "1000"}, {"price": "0.1", "size": "6.3"}, {"price": "0.14", "size": "242.85"}, {"price": "0.15", "size": "550"}, {"price": "0.18", "size": "177.77"}, {"price": "0.19", "size": "1292"}, {"price": "0.23", "size": "221.73"}, {"price": "0.26", "size": "50"}, {"price": "0.27", "size": "146.29"}, {"price": "0.28", "size": "200"}, {"price": "0.32", "size": "75"}, {"price": "0.36", "size": "55.55"}, {"price": "0.37", "size": "3814"}, {"price": "0.38", "size": "375"}, {"price": "0.39", "size": "5"}, {"price": "0.87", "size": "300"}, {"price": "0.88", "size": "752.43"}, {"price": "0.89", "size": "300"}, {"price": "0.9", "size": "9.61"}], "asks": [{"price": "0.99", "size": "7.72"}, {"price": "0.98", "size": "4750"}, {"price": "0.97", "size": "916.66"}, {"price": "0.96", "size": "1884.92"}, {"price": "0.95", "size": "200"}, {"price": "0.94", "size": "22.76"}, {"price": "0.93", "size": "527.55"}, {"price": "0.92", "size": "1383"}, {"price": "0.91", "size": "208.36"}], "event_type": "book", "last_trade_price": "0.910"}]}
{"_local_timestamp": "2026-01-25T23:40:39.672748+00:00", "data": {"market": "0x388459f1cfd0d310154e13f16f49d31fd301e5e3502072c8b09d3a0697b2823f", "price_changes": [{"asset_id": "45013571873161160860937233081904434980740309297672543874099543889521510161863", "price": "0.28", "size": "1698", "side": "BUY", "hash": "4daefbd517a1c4ef01166874dffb5eba00b8d0c6", "best_bid": "0.9", "best_ask": "0.91"}, {"asset_id": "2573207755291238620520169357234429566264425244697480836231467818450524491984", "price": "0.72", "size": "1698", "side": "SELL", "hash": "dfc13021447aa936e08381c4dfc306030198df7c", "best_bid": "0.09", "best_ask": "0.1"}], "timestamp": "1769384439604", "event_type": "price_change"}}
{"_local_timestamp": "2026-01-25T23:40:40.494940+00:00", "data": {"market": "0x388459f1cfd0d310154e13f16f49d31fd301e5e3502072c8b09d3a0697b2823f", "price_changes": [{"asset_id": "45013571873161160860937233081904434980740309297672543874099543889521510161863", "price": "0.28", "size": "1648", "side": "BUY", "hash": "e41d9a4bd8a6c0d41dbb44c0339106473e8cd586", "best_bid": "0.9", "best_ask": "0.91"}, {"asset_id": "2573207755291238620520169357234429566264425244697480836231467818450524491984", "price": "0.72", "size": "1648", "side": "SELL", "hash": "4ff6aacc7e0689cfafb665f91599103fcd67de74", "best_bid": "0.09", "best_ask": "0.1"}], "timestamp": "1769384440280", "event_type": "price_change"}}
{"_local_timestamp": "2026-01-25T23:40:40.803149+00:00", "data": {"market": "0x388459f1cfd0d310154e13f16f49d31fd301e5e3502072c8b09d3a0697b2823f", "price_changes": [{"asset_id": "45013571873161160860937233081904434980740309297672543874099543889521510161863", "price": "0.26", "size": "100", "side": "BUY", "hash": "3f6dfbf2348fd2c5778682d86ff812cff32c8036", "best_bid": "0.9", "best_ask": "0.91"}, {"asset_id": "2573207755291238620520169357234429566264425244697480836231467818450524491984", "price": "0.74", "size": "100", "side": "SELL", "hash": "975a6d9e7af7da7419d6d68bfa99b75b6880dfd8", "best_bid": "0.09", "best_ask": "0.1"}], "timestamp": "1769384440615", "event_type": "price_change"}}
{"_local_timestamp": "2026-01-25T23:41:46.079300+00:00", "data": {"market": "0x388459f1cfd0d310154e13f16f49d31fd301e5e3502072c8b09d3a0697b2823f", "price_changes": [{"asset_id": "2573207755291238620520169357234429566264425244697480836231467818450524491984", "price": "0.02", "size": "2750", "side": "BUY", "hash": "90155d323f930d8941d37873bc95f00e6231dc4d", "best_bid": "0.09", "best_ask": "0.1"}, {"asset_id": "45013571873161160860937233081904434980740309297672543874099543889521510161863", "price": "0.98", "size": "2750", "side": "SELL", "hash": "f667f48100c626f5be3612b2acb4ee2c3e1bc7a6", "best_bid": "0.9", "best_ask": "0.91"}], "timestamp": "1769384506000", "event_type": "price_change"}}
{"_local_timestamp": "2026-01-25T23:41:46.082222+00:00", "data": {"market": "0x388459f1cfd0d310154e13f16f49d31fd301e5e3502072c8b09d3a0697b2823f", "price_changes": [{"asset_id": "2573207755291238620520169357234429566264425244697480836231467818450524491984", "price": "0.05", "size": "100", "side": "BUY", "hash": "806d5829e15ad5b2baf0fd1b968b1dd9a568bfaa", "best_bid": "0.09", "best_ask": "0.1"}, {"asset_id": "45013571873161160860937233081904434980740309297672543874099543889521510161863", "price": "0.95", "size": "100", "side": "SELL", "hash": "1270566925b86771e118dd4019b06ed1358e023d", "best_bid": "0.9", "best_ask": "0.91"}], "timestamp": "1769384506001", "event_type": "price_change"}}
{"_local_timestamp": "2026-01-25T23:41:46.090578+00:00", "data": {"market": "0x388459f1cfd0d310154e13f16f49d31fd301e5e3502072c8b09d3a0697b2823f", "price_changes": [{"asset_id": "2573207755291238620520169357234429566264425244697480836231467818450524491984", "price": "0.04", "size": "1384.92", "side": "BUY", "hash": "10ce2a24a97d48d9c0d86203f835f8d4e7bf3bb7", "best_bid": "0.09", "best_ask": "0.1"}, {"asset_id": "45013571873161160860937233081904434980740309297672543874099543889521510161863", "price": "0.96", "size": "1384.92", "side": "SELL", "hash": "f050f57c087a0752b53f3ee4e2a6837b1127581e", "best_bid": "0.9", "best_ask": "0.91"}], "timestamp": "1769384506003", "event_type": "price_change"}}
{"_local_timestamp": "2026-01-25T23:41:49.583767+00:00", "data": {"market": "0x388459f1cfd0d310154e13f16f49d31fd301e5e3502072c8b09d3a0697b2823f", "price_changes": [{"asset_id": "2573207755291238620520169357234429566264425244697480836231467818450524491984", "price": "0.02", "size": "4750", "side": "BUY", "hash": "1ac813bded3038ad0ebe8e96aadb8229cc8ae421", "best_bid": "0.09", "best_ask": "0.1"}, {"asset_id": "45013571873161160860937233081904434980740309297672543874099543889521510161863", "price": "0.98", "size": "4750", "side": "SELL", "hash": "07c47b3e23d1c925accff2e124d3e30aa1b1d7db", "best_bid": "0.9", "best_ask": "0.91"}], "timestamp": "1769384509504", "event_type": "price_change"}}
{"_local_timestamp": "2026-01-25T23:41:49.584367+00:00", "data": {"market": "0x388459f1cfd0d310154e13f16f49d31fd301e5e3502072c8b09d3a0697b2823f", "price_changes": [{"asset_id": "2573207755291238620520169357234429566264425244697480836231467818450524491984", "price": "0.04", "size": "1884.92", "side": "BUY", "hash": "8920a1d92d83861f3187459bf5d4f7851efe65d8", "best_bid": "0.09", "best_ask": "0.1"}, {"asset_id": "45013571873161160860937233081904434980740309297672543874099543889521510161863", "price": "0.96", "size": "1884.92", "side": "SELL", "hash": "e111980ce95e09f74a04eb9f70e41c79ec63c26e", "best_bid": "0.9", "best_ask": "0.91"}], "timestamp": "1769384509504", "event_type": "price_change"}}
{"_local_timestamp": "2026-01-25T23:41:49.584978+00:00", "data": {"market": "0x388459f1cfd0d310154e13f16f49d31fd301e5e3502072c8b09d3a0697b2823f", "price_changes": [{"asset_id": "2573207755291238620520169357234429566264425244697480836231467818450524491984", "price": "0.05", "size": "200", "side": "BUY", "hash": "344ec5cdad99adc51c843e799947565002b8ecfe", "best_bid": "0.09", "best_ask": "0.1"}, {"asset_id": "45013571873161160860937233081904434980740309297672543874099543889521510161863", "price": "0.95", "size": "200", "side": "SELL", "hash": "01941df5cca9efbe5e09030303d8c7fc48da20f6", "best_bid": "0.9", "best_ask": "0.91"}], "timestamp": "1769384509505", "event_type": "price_change"}}
{"_local_timestamp": "2026-01-25T23:41:50.967698+00:00", "data": {"market": "0x388459f1cfd0d310154e13f16f49d31fd301e5e3502072c8b09d3a0697b2823f", "price_changes": [{"asset_id": "45013571873161160860937233081904434980740309297672543874099543889521510161863", "price": "0.28", "size": "1548", "side": "BUY", "hash": "3516b0786b86b0bfd755011f6013629ceb30cfe9", "best_bid": "0.9", "best_ask": "0.91"}, {"asset_id": "2573207755291238620520169357234429566264425244697480836231467818450524491984", "price": "0.72", "size": "1548", "side": "SELL", "hash": "e4f55789463efcfae2faf6537a07c18993bbec83", "best_bid": "0.09", "best_ask": "0.1"}], "timestamp": "1769384510772", "event_type": "price_change"}}
{"_local_timestamp": "2026-01-25T23:41:52.839495+00:00", "data": {"market": "0x388459f1cfd0d310154e13f16f49d31fd301e5e3502072c8b09d3a0697b2823f", "price_changes": [{"asset_id": "45013571873161160860937233081904434980740309297672543874099543889521510161863", "price": "0.23", "size": "321.73", "side": "BUY", "hash": "a7036a7e7e8cd73e1c1d05de7772cfcbaa37cabd", "best_bid": "0.9", "best_ask": "0.91"}, {"asset_id": "2573207755291238620520169357234429566264425244697480836231467818450524491984", "price": "0.77", "size": "321.73", "side": "SELL", "hash": "a6e91be1e932445d7c1520ea29cbc80b35184849", "best_bid": "0.09", "best_ask": "0.1"}], "timestamp": "1769384511815", "event_type": "price_change"}}
{"_local_timestamp": "2026-01-25T23:42:24.687439+00:00", "data": {"market": "0x388459f1cfd0d310154e13f16f49d31fd301e5e3502072c8b09d3a0697b2823f", "price_changes": [{"asset_id": "45013571873161160860937233081904434980740309297672543874099543889521510161863", "price": "0.26", "size": "50", "side": "BUY", "hash": "c9e197aa2aa7d344ddf701da432233aac43da5bc", "best_bid": "0.9", "best_ask": "0.91"}, {"asset_id": "2573207755291238620520169357234429566264425244697480836231467818450524491984", "price": "0.74", "size": "50", "side": "SELL", "hash": "ad54a8088cd511bfb08307e2ef41c2dcb5c833e0", "best_bid": "0.09", "best_ask": "0.1"}], "timestamp": "1769384544492", "event_type": "price_change"}}
{"_local_timestamp": "2026-01-25T23:42:25.046330+00:00", "data": {"market": "0x388459f1cfd0d310154e13f16f49d31fd301e5e3502072c8b09d3a0697b2823f", "price_changes": [{"asset_id": "45013571873161160860937233081904434980740309297672543874099543889521510161863", "price": "0.28", "size": "1598", "side": "BUY", "hash": "c2748debaf90a295362cde29c741547467e174c8", "best_bid": "0.9", "best_ask": "0.91"}, {"asset_id": "2573207755291238620520169357234429566264425244697480836231467818450524491984", "price": "0.72", "size": "1598", "side": "SELL", "hash": "8d21d1a40b50b3c2b1ecb4a532a31bb2fbd105d6", "best_bid": "0.09", "best_ask": "0.1"}], "timestamp": "1769384544908", "event_type": "price_change"}}
{"_local_timestamp": "2026-01-25T23:42:45.483664+00:00", "data": {"market": "0x388459f1cfd0d310154e13f16f49d31fd301e5e3502072c8b09d3a0697b2823f", "price_changes": [{"asset_id": "45013571873161160860937233081904434980740309297672543874099543889521510161863", "price": "0.27", "size": "96.29", "side": "BUY", "hash": "04115515ac22fd4b2041e3a31a9dffdb0299d220", "best_bid": "0.9", "best_ask": "0.91"}, {"asset_id": "2573207755291238620520169357234429566264425244697480836231467818450524491984", "price": "0.73", "size": "96.29", "side": "SELL", "hash": "f6ad47967df87c772b28ae8fae0d73cd95ed26b7", "best_bid": "0.09", "best_ask": "0.1"}], "timestamp": "1769384565228", "event_type": "price_change"}}
{"_local_timestamp": "2026-01-25T23:42:45.484583+00:00", "data": {"market": "0x388459f1cfd0d310154e13f16f49d31fd301e5e3502072c8b09d3a0697b2823f", "price_changes": [{"asset_id": "45013571873161160860937233081904434980740309297672543874099543889521510161863", "price": "0.26", "size": "0", "side": "BUY", "hash": "04115515ac22fd4b2041e3a31a9dffdb0299d220", "best_bid": "0.9", "best_ask": "0.91"}, {"asset_id": "2573207755291238620520169357234429566264425244697480836231467818450524491984", "price": "0.74", "size": "0", "side": "SELL", "hash": "f6ad47967df87c772b28ae8fae0d73cd95ed26b7", "best_bid": "0.09", "best_ask": "0.1"}], "timestamp": "1769384565228", "event_type": "price_change"}}
{"_local_timestamp": "2026-01-25T23:42:45.808439+00:00", "data": {"market": "0x388459f1cfd0d310154e13f16f49d31fd301e5e3502072c8b09d3a0697b2823f", "price_changes": [{"asset_id": "45013571873161160860937233081904434980740309297672543874099543889521510161863", "price": "0.28", "size": "1648", "side": "BUY", "hash": "5857993138af7b51f371d6d11705796e6ac4f0b0", "best_bid": "0.9", "best_ask": "0.91"}, {"asset_id": "2573207755291238620520169357234429566264425244697480836231467818450524491984", "price": "0.72", "size": "1648", "side": "SELL", "hash": "79ad54c6cff80c532c9c4831db727ede1a292dd1", "best_bid": "0.09", "best_ask": "0.1"}], "timestamp": "1769384565606", "event_type": "price_change"}}
{"_local_timestamp": "2026-01-25T23:42:45.831405+00:00", "data": {"market": "0x388459f1cfd0d310154e13f16f49d31fd301e5e3502072c8b09d3a0697b2823f", "price_changes": [{"asset_id": "45013571873161160860937233081904434980740309297672543874099543889521510161863", "price": "0.23", "size": "371.73", "side": "BUY", "hash": "a298e8d9b9c571ff3056711de558f8ae4e8a0aaf", "best_bid": "0.9", "best_ask": "0.91"}, {"asset_id": "2573207755291238620520169357234429566264425244697480836231467818450524491984", "price": "0.77", "size": "371.73", "side": "SELL", "hash": "b447b19722dc4e02dd152506816f15b5aa111f48", "best_bid": "0.09", "best_ask": "0.1"}], "timestamp": "1769384565629", "event_type": "price_change"}}
{"_local_timestamp": "2026-01-25T23:42:47.308872+00:00", "data": {"market": "0x388459f1cfd0d310154e13f16f49d31fd301e5e3502072c8b09d3a0697b2823f", "price_changes": [{"asset_id": "45013571873161160860937233081904434980740309297672543874099543889521510161863", "price": "0.28", "size": "150", "side": "BUY", "hash": "a6985464138e86de8037a60c5b1cd6f07823fad3", "best_bid": "0.9", "best_ask": "0.91"}, {"asset_id": "2573207755291238620520169357234429566264425244697480836231467818450524491984", "price": "0.72", "size": "150", "side": "SELL", "hash": "ac219f227ab045b5b279569791f26bf948268afe", "best_bid": "0.09", "best_ask": "0.1"}], "timestamp": "1769384566990", "event_type": "price_change"}}
{"_local_timestamp": "2026-01-25T23:42:50.336743+00:00", "data": {"market": "0x388459f1cfd0d310154e13f16f49d31fd301e5e3502072c8b09d3a0697b2823f", "price_changes": [{"asset_id": "2573207755291238620520169357234429566264425244697480836231467818450524491984", "price": "0.04", "size": "1875", "side": "BUY", "hash": "ca4c2447f374569c56a5f1492678b34008603850", "best_bid": "0.09", "best_ask": "0.1"}, {"asset_id": "45013571873161160860937233081904434980740309297672543874099543889521510161863", "price": "0.96", "size": "1875", "side": "SELL", "hash": "964eb14ed4ae945821e7c928cb6d9faab8ff8150", "best_bid": "0.9", "best_ask": "0.91"}], "timestamp": "1769384570170", "event_type": "price_change"}}
{"_local_timestamp": "2026-01-25T23:42:50.339399+00:00", "data": {"market": "0x388459f1cfd0d310154e13f16f49d31fd301e5e3502072c8b09d3a0697b2823f", "price_changes": [{"asset_id": "2573207755291238620520169357234429566264425244697480836231467818450524491984", "price": "0.06", "size": "14", "side": "BUY", "hash": "ca4c2447f374569c56a5f1492678b34008603850", "best_bid": "0.09", "best_ask": "0.1"}, {"asset_id": "45013571873161160860937233081904434980740309297672543874099543889521510161863", "price": "0.94", "size": "14", "side": "SELL", "hash": "964eb14ed4ae945821e7c928cb6d9faab8ff8150", "best_bid": "0.9", "best_ask": "0.91"}], "timestamp": "1769384570170", "event_type": "price_change"}}
{"_local_timestamp": "2026-01-25T23:42:51.474386+00:00", "data": {"market": "0x388459f1cfd0d310154e13f16f49d31fd301e5e3502072c8b09d3a0697b2823f", "price_changes": [{"asset_id": "2573207755291238620520169357234429566264425244697480836231467818450524491984", "price": "0.04", "size": "1884.92", "side": "BUY", "hash": "873b930e1256fefdb37c5d0f70e23a81a0b5cd1b", "best_bid": "0.09", "best_ask": "0.1"}, {"asset_id": "45013571873161160860937233081904434980740309297672543874099543889521510161863", "price": "0.96", "size": "1884.92", "side": "SELL", "hash": "09657de5362cdca30c60ffef2c27cac9cc9464db", "best_bid": "0.9", "best_ask": "0.91"}], "timestamp": "1769384571315", "event_type": "price_change"}}
{"_local_timestamp": "2026-01-25T23:42:51.475193+00:00", "data": {"market": "0x388459f1cfd0d310154e13f16f49d31fd301e5e3502072c8b09d3a0697b2823f", "price_changes": [{"asset_id": "2573207755291238620520169357234429566264425244697480836231467818450524491984", "price": "0.06", "size": "22.76", "side": "BUY", "hash": "e3d904af7ffe98afe0c46c41608d04090c024233", "best_bid": "0.09", "best_ask": "0.1"}, {"asset_id": "45013571873161160860937233081904434980740309297672543874099543889521510161863", "price": "0.94", "size": "22.76", "side": "SELL", "hash": "bb3dfb1c947bf30d46df5a553ab202cc5ee1337f", "best_bid": "0.9", "best_ask": "0.91"}], "timestamp": "1769384571316", "event_type": "price_change"}}
{"_local_timestamp": "2026-01-25T23:43:39.616550+00:00", "data": {"market": "0x388459f1cfd0d310154e13f16f49d31fd301e5e3502072c8b09d3a0697b2823f", "price_changes": [{"asset_id": "45013571873161160860937233081904434980740309297672543874099543889521510161863", "price": "0.37", "size": "50", "side": "BUY", "hash": "6f1726cc39660010b178b70d511b031f8107f2f6", "best_bid": "0.9", "best_ask": "0.91"}, {"asset_id": "2573207755291238620520169357234429566264425244697480836231467818450524491984", "price": "0.63", "size": "50", "side": "SELL", "hash": "e482566a72fb4851b1f5bd78784e87c0cdba8813", "best_bid": "0.09", "best_ask": "0.1"}], "timestamp": "1769384619542", "event_type": "price_change"}}
{"_local_timestamp": "2026-01-25T23:43:39.773073+00:00", "data": {"market": "0x388459f1cfd0d310154e13f16f49d31fd301e5e3502072c8b09d3a0697b2823f", "price_changes": [{"asset_id": "45013571873161160860937233081904434980740309297672543874099543889521510161863", "price": "0.39", "size": "3586", "side": "BUY", "hash": "cfbe8f2612296949fece91511134cfbf9f52d4b4", "best_bid": "0.9", "best_ask": "0.91"}, {"asset_id": "2573207755291238620520169357234429566264425244697480836231467818450524491984", "price": "0.61", "size": "3586", "side": "SELL", "hash": "a71419601d7ee58c6cc3e47690152f477868c226", "best_bid": "0.09", "best_ask": "0.1"}], "timestamp": "1769384619706", "event_type": "price_change"}}
{"_local_timestamp": "2026-01-25T23:44:04.692197+00:00", "data": {"market": "0x388459f1cfd0d310154e13f16f49d31fd301e5e3502072c8b09d3a0697b2823f", "price_changes": [{"asset_id": "45013571873161160860937233081904434980740309297672543874099543889521510161863", "price": "0.24", "size": "1748", "side": "BUY", "hash": "dd57fb3d1ef6e9938e54e4046185efe44466c945", "best_bid": "0.9", "best_ask": "0.91"}, {"asset_id": "2573207755291238620520169357234429566264425244697480836231467818450524491984", "price": "0.76", "size": "1748", "side": "SELL", "hash": "5b76ea82f4515a5b3400a62846ff956fb557a28c", "best_bid": "0.09", "best_ask": "0.1"}], "timestamp": "1769384644604", "event_type": "price_change"}}
{"_local_timestamp": "2026-01-25T23:44:20.699956+00:00", "data": {"market": "0x388459f1cfd0d310154e13f16f49d31fd301e5e3502072c8b09d3a0697b2823f", "price_changes": [{"asset_id": "45013571873161160860937233081904434980740309297672543874099543889521510161863", "price": "0.23", "size": "271.73", "side": "BUY", "hash": "0b696505083ce21c3ce7aa1ae74e746bbe06679b", "best_bid": "0.9", "best_ask": "0.91"}, {"asset_id": "2573207755291238620520169357234429566264425244697480836231467818450524491984", "price": "0.77", "size": "271.73", "side": "SELL", "hash": "1bbadb0400b1ddc41900e30743ee55d3b3cbf361", "best_bid": "0.09", "best_ask": "0.1"}], "timestamp": "1769384660493", "event_type": "price_change"}}
{"_local_timestamp": "2026-01-25T23:44:21.398751+00:00", "data": {"market": "0x388459f1cfd0d310154e13f16f49d31fd301e5e3502072c8b09d3a0697b2823f", "price_changes": [{"asset_id": "45013571873161160860937233081904434980740309297672543874099543889521510161863", "price": "0.28", "size": "250", "side": "BUY", "hash": "348dff4a89427c2b588eea54191813124ac591bd", "best_bid": "0.9", "best_ask": "0.91"}, {"asset_id": "2573207755291238620520169357234429566264425244697480836231467818450524491984", "price": "0.72", "size": "250", "side": "SELL", "hash": "4f37ea44f820931418b91d5ac4d49af6e23b0c6c", "best_bid": "0.09", "best_ask": "0.1"}], "timestamp": "1769384660896", "event_type": "price_change"}}
