{"_local_timestamp": "2026-01-25T23:40:35.821303+00:00", "data": [{"market": "0x388459f1cfd0d310154e13f16f49d31fd301e5e3502072c8b09d3a0697b2823f", "asset_id": "2573207755291238620520169357234429566264425244697480836231467818450524491984", "timestamp": "1769384426860", "hash": "b1f8e18d47dce905cfe81983527e977d7d317b71", "bids": [{"price": "0.01", "size": "7.72"}, {"price": "0.02", "size": "4750"}, {"price": "0.03", "size": "916.66"}, {"price": "0.04", "size": "1884.92"}, {"price": "0.05", "size": "200"}, {"price": "0.06", "size": "22.76"}, {"price": "0.07", "size": "527.55"}, {"price": "0.08", "size": "1383"}, {"price": "0.09", "size": "208.36"}], "asks": [{"price": "0.99", "size": "7509.71"}, {"price": "0.98", "size": "5600"}, {"price": "0.97", "size": "9.09"}, {"price": "0.96", "size": "750"}, {"price": "0.95", "size": "530"}, {"price": "0.94", "size": "33"}, {"price": "0.91", "size": "1000"}, {"price": "0.9", "size": "6.3"}, {"price": "0.86", "size": "242.85"}, {"price": "0.85", "size": "550"}, {"price": "0.82", "size": "177.77"}, {"price": "0.81", "size": "1292"}, {"price": "0.77", "size": "221.73"}, {"price": "0.74", "size": "50"}, {"price": "0.73", "size": "146.29"}, {"price": "0.72", "size": "200"}, {"price": "0.68", "size": "75"}, {"price": "0.64", "size": "55.55"}, {"price": "0.63", "size": "3814"}, {"price": "0.62", "size": "375"}, {"price": "0.61", "size": "5"}, {"price": "0.13", "size": "300"}, {"price": "0.12", "size": "752.43"}, {"price": "0.11", "size": "300"}, {"price": "0.1", "size": "9.61"}], "event_type": "book", "last_trade_price": "0.910"}, {"market": "0x388459f1cfd0d310154e13f16f49d31fd301e5e3502072c8b09d3a0697b2823f", "asset_id": "45013571873161160860937233081904434980740309297672543874099543889521510161863", "timestamp": "1769384426860", "hash": "72c790c590c238ee89d8c625eba4b233c05404b5", "bids": [{"price": "0.01", "size": "7509.71"}, {"price": "0.02", "size": "5600"}, {"price": "0.03", "size": "9.09"}, {"price": "0.04", "size": "750"}, {"price": "0.05", "size": "530"}, {"price": "0.06", "size": "33"}, {"price": "0.09", "size": "1000"}, {"price": "0.1", "size": "6.3"}, {"price": "0.14", "size": "242.85"}, {"price": "0.15", "size": "550"}, {"price": "0.18", "size": "177.77"}, {"price": "0.19", "size": "1292"}, {"price": "0.23", "size": "221.73"}, {"price": "0.26", "size": "50"}, {"price": "0.27", "size": "146.29"}, {"price": "0.28", "size": "200"}, {"price": "0.32", "size": "75"}, {"price": "0.36", "size": "55.55"}, {"price": "0.37", "size": "3814"}, {"price": "0.38", "size": "375"}, {"price": "0.39", "size": "5"}, {"price": "0.87", "size": "300"}, {"price": "0.88", "size": "752.43"}, {"price": "0.89", "size": "300"}, {"price": "0.9", "size": "9.61"}], "asks": [{"price": "0.99", "size": "7.72"}, {"price": "0.98", "size": "4750"}, {"price": "0.97", "size": "916.66"}, {"price": "0.96", "size": "1884.92"}, {"price": "0.95", "size": "200"}, {"price": "0.94", "size": "22.76"}, {"price": "0.93", "size": "527.55"}, {"price": "0.92", "size": "1383"}, {"price": "0.91", "size": "208.36"}], "event_type": "book", "last_trade_price": "0.910"}]}
{"_local_timestamp": "2026-01-25T23:40:39.672748+00:00", "data": {"market": "0x388459f1cfd0d310154e13f16f49d31fd301e5e3502072c8b09d3a0697b2823f", "price_changes": [{"asset_id": "45013571873161160860937233081904434980740309297672543874099543889521510161863", "price": "0.28", "size": "1698", "side": "BUY", "hash": "4daefbd517a1c4ef01166874dffb5eba00b8d0c6", "best_bid": "0.9", "best_ask": "0.91"}, {"asset_id": "2573207755291238620520169357234429566264425244697480836231467818450524491984", "price": "0.72", "size": "1698", "side": "SELL", "hash": "dfc13021447aa936e08381c4dfc306030198df7c", "best_bid": "0.09", "best_ask": "0.1"}], "timestamp": "1769384439604", "event_type": "price_change"}}
{"_local_timestamp": "2026-01-25T23:40:40.494940+00:00", "data": {"market": "0x388459f1cfd0d310154e13f16f49d31fd301e5e3502072c8b09d3a0697b2823f", "price_changes": [{"asset_id": "45013571873161160860937233081904434980740309297672543874099543889521510161863", "price": "0.28", "size": "1648", "side": "BUY", "hash": "e41d9a4bd8a6c0d41dbb44c0339106473e8cd586", "best_bid": "0.9", "best_ask": "0.91"}, {"asset_id": "2573207755291238620520169357234429566264425244697480836231467818450524491984", "price": "0.72", "size": "1648", "side": "SELL", "hash": "4ff6aacc7e0689cfafb665f91599103fcd67de74", "best_bid": "0.09", "best_ask": "0.1"}], "timestamp": "1769384440280", "event_type": "price_change"}}
{"_local_timestamp": "2026-01-25T23:40:40.803149+00:00", "data": {"market": "0x388459f1cfd0d310154e13f16f49d31fd301e5e3502072c8b09d3a0697b2823f", "price_changes": [{"asset_id": "45013571873161160860937233081904434980740309297672543874099543889521510161863", "price": "0.26", "size": "100", "side": "BUY", "hash": "3f6dfbf2348fd2c5778682d86ff812cff32c8036", "best_bid": "0.9", "best_ask": "0.91"}, {"asset_id": "2573207755291238620520169357234429566264425244697480836231467818450524491984", "price": "0.74", "size": "100", "side": "SELL", "hash": "975a6d9e7af7da7419d6d68bfa99b75b6880dfd8", "best_bid": "0.09", "best_ask": "0.1"}], "timestamp": "1769384440615", "event_type": "price_change"}}
{"_local_timestamp": "2026-01-25T23:41:46.079300+00:00", "data": {"market": "0x388459f1cfd0d310154e13f16f49d31fd301e5e3502072c8b09d3a0697b2823f", "price_changes": [{"asset_id": "2573207755291238620520169357234429566264425244697480836231467818450524491984", "price": "0.02", "size": "2750", "side": "BUY", "hash": "90155d323f930d8941d37873bc95f00e6231dc4d", "best_bid": "0.09", "best_ask": "0.1"}, {"asset_id": "45013571873161160860937233081904434980740309297672543874099543889521510161863", "price": "0.98", "size": "2750", "side": "SELL", "hash": "f667f48100c626f5be3612b2acb4ee2c3e1bc7a6", "best_bid": "0.9", "best_ask": "0.91"}], "timestamp": "1769384506000", "event_type": "price_change"}}
{"_local_timestamp": "2026-01-25T23:41:46.082222+00:00", "data": {"market": "0x388459f1cfd0d310154e13f16f49d31fd301e5e3502072c8b09d3a0697b2823f", "price_changes": [{"asset_id": "2573207755291238620520169357234429566264425244697480836231467818450524491984", "price": "0.05", "size": "100", "side": "BUY", "hash": "806d5829e15ad5b2baf0fd1b968b1dd9a568bfaa", "best_bid": "0.09", "best_ask": "0.1"}, {"asset_id": "45013571873161160860937233081904434980740309297672543874099543889521510161863", "price": "0.95", "size": "100", "side": "SELL", "hash": "1270566925b86771e118dd4019b06ed1358e023d", "best_bid": "0.9", "best_ask": "0.91"}], "timestamp": "1769384506001", "event_type": "price_change"}}
{"_local_timestamp": "2026-01-25T23:41:46.090578+00:00", "data": {"market": "0x388459f1cfd0d310154e13f16f49d31fd301e5e3502072c8b09d3a0697b2823f", "price_changes": [{"asset_id": "2573207755291238620520169357234429566264425244697480836231467818450524491984", "price": "0.04", "size": "1384.92", "side": "BUY", "hash": "10ce2a24a97d48d9c0d86203f835f8d4e7bf3bb7", "best_bid": "0.09", "best_ask": "0.1"}, {"asset_id": "45013571873161160860937233081904434980740309297672543874099543889521510161863", "price": "0.96", "size": "1384.92", "side": "SELL", "hash": "f050f57c087a0752b53f3ee4e2a6837b1127581e", "best_bid": "0.9", "best_ask": "0.91"}], "timestamp": "1769384506003", "event_type": "price_change"}}
{"_local_timestamp": "2026-01-25T23:41:49.583767+00:00", "data": {"market": "0x388459f1cfd0d310154e13f16f49d31fd301e5e3502072c8b09d3a0697b2823f", "price_changes": [{"asset_id": "2573207755291238620520169357234429566264425244697480836231467818450524491984", "price": "0.02", "size": "4750", "side": "BUY", "hash": "1ac813bded3038ad0ebe8e96aadb8229cc8ae421", "best_bid": "0.09", "best_ask": "0.1"}, {"asset_id": "45013571873161160860937233081904434980740309297672543874099543889521510161863", "price": "0.98", "size": "4750", "side": "SELL", "hash": "07c47b3e23d1c925accff2e124d3e30aa1b1d7db", "best_bid": "0.9", "best_ask": "0.91"}], "timestamp": "1769384509504", "event_type": "price_change"}}
{"_local_timestamp": "2026-01-25T23:41:49.584367+00:00", "data": {"market": "0x388459f1cfd0d310154e13f16f49d31fd301e5e3502072c8b09d3a0697b2823f", "price_changes": [{"asset_id": "2573207755291238620520169357234429566264425244697480836231467818450524491984", "price": "0.04", "size": "1884.92", "side": "BUY", "hash": "8920a1d92d83861f3187459bf5d4f7851efe65d8", "best_bid": "0.09", "best_ask": "0.1"}, {"asset_id": "45013571873161160860937233081904434980740309297672543874099543889521510161863", "price": "0.96", "size": "1884.92", "side": "SELL", "hash": "e111980ce95e09f74a04eb9f70e41c79ec63c26e", "best_bid": "0.9", "best_ask": "0.91"}], "timestamp": "1769384509504", "event_type": "price_change"}}
{"_local_timestamp": "2026-01-25T23:41:49.584978+00:00", "data": {"market": "0x388459f1cfd0d310154e13f16f49d31fd301e5e3502072c8b09d3a0697b2823f", "price_changes": [{"asset_id": "2573207755291238620520169357234429566264425244697480836231467818450524491984", "price": "0.05", "size": "200", "side": "BUY", "hash": "344ec5cdad99adc51c843e799947565002b8ecfe", "best_bid": "0.09", "best_ask": "0.1"}, {"asset_id": "45013571873161160860937233081904434980740309297672543874099543889521510161863", "price": "0.95", "size": "200", "side": "SELL", "hash": "01941df5cca9efbe5e09030303d8c7fc48da20f6", "best_bid": "0.9", "best_ask": "0.91"}], "timestamp": "1769384509505", "event_type": "price_change"}}
{"_local_timestamp": "2026-01-25T23:41:50.967698+00:00", "data": {"market": "0x388459f1cfd0d310154e13f16f49d31fd301e5e3502072c8b09d3a0697b2823f", "price_changes": [{"asset_id": "45013571873161160860937233081904434980740309297672543874099543889521510161863", "price": "0.28", "size": "1548", "side": "BUY", "hash": "3516b0786b86b0bfd755011f6013629ceb30cfe9", "best_bid": "0.9", "best_ask": "0.91"}, {"asset_id": "2573207755291238620520169357234429566264425244697480836231467818450524491984", "price": "0.72", "size": "1548", "side": "SELL", "hash": "e4f55789463efcfae2faf6537a07c18993bbec83", "best_bid": "0.09", "best_ask": "0.1"}], "timestamp": "1769384510772", "event_type": "price_change"}}
{"_local_timestamp": "2026-01-25T23:41:52.839495+00:00", "data": {"market": "0x388459f1cfd0d310154e13f16f49d31fd301e5e3502072c8b09d3a0697b2823f", "price_changes": [{"asset_id": "45013571873161160860937233081904434980740309297672543874099543889521510161863", "price": "0.23", "size": "321.73", "side": "BUY", "hash": "a7036a7e7e8cd73e1c1d05de7772cfcbaa37cabd", "best_bid": "0.9", "best_ask": "0.91"}, {"asset_id": "2573207755291238620520169357234429566264425244697480836231467818450524491984", "price": "0.77", "size": "321.73", "side": "SELL", "hash": "a6e91be1e932445d7c1520ea29cbc80b35184849", "best_bid": "0.09", "best_ask": "0.1"}], "timestamp": "1769384511815", "event_type": "price_change"}}
{"_local_timestamp": "2026-01-25T23:42:24.687439+00:00", "data": {"market": "0x388459f1cfd0d310154e13f16f49d31fd301e5e3502072c8b09d3a0697b2823f", "price_changes": [{"asset_id": "45013571873161160860937233081904434980740309297672543874099543889521510161863", "price": "0.26", "size": "50", "side": "BUY", "hash": "c9e197aa2aa7d344ddf701da432233aac43da5bc", "best_bid": "0.9", "best_ask": "0.91"}, {"asset_id": "2573207755291238620520169357234429566264425244697480836231467818450524491984", "price": "0.74", "size": "50", "side": "SELL", "hash": "ad54a8088cd511bfb08307e2ef41c2dcb5c833e0", "best_bid": "0.09", "best_ask": "0.1"}], "timestamp": "1769384544492", "event_type": "price_change"}}
{"_local_timestamp": "2026-01-25T23:42:25.046330+00:00", "data": {"market": "0x388459f1cfd0d310154e13f16f49d31fd301e5e3502072c8b09d3a0697b2823f", "price_changes": [{"asset_id": "45013571873161160860937233081904434980740309297672543874099543889521510161863", "price": "0.28", "size": "1598", "side": "BUY", "hash": "c2748debaf90a295362cde29c741547467e174c8", "best_bid": "0.9", "best_ask": "0.91"}, {"asset_id": "2573207755291238620520169357234429566264425244697480836231467818450524491984", "price": "0.72", "size": "1598", "side": "SELL", "hash": "8d21d1a40b50b3c2b1ecb4a532a31bb2fbd105d6", "best_bid": "0.09", "best_ask": "0.1"}], "timestamp": "1769384544908", "event_type": "price_change"}}
{"_local_timestamp": "2026-01-25T23:42:45.483664+00:00", "data": {"market": "0x388459f1cfd0d310154e13f16f49d31fd301e5e3502072c8b09d3a0697b2823f", "price_changes": [{"asset_id": "45013571873161160860937233081904434980740309297672543874099543889521510161863", "price": "0.27", "size": "96.29", "side": "BUY", "hash": "04115515ac22fd4b2041e3a31a9dffdb0299d220", "best_bid": "0.9", "best_ask": "0.91"}, {"asset_id": "2573207755291238620520169357234429566264425244697480836231467818450524491984", "price": "0.73", "size": "96.29", "side": "SELL", "hash": "f6ad47967df87c772b28ae8fae0d73cd95ed26b7", "best_bid": "0.09", "best_ask": "0.1"}], "timestamp": "1769384565228", "event_type": "price_change"}}
{"_local_timestamp": "2026-01-25T23:42:45.484583+00:00", "data": {"market": "0x388459f1cfd0d310154e13f16f49d31fd301e5e3502072c8b09d3a0697b2823f", "price_changes": [{"asset_id": "45013571873161160860937233081904434980740309297672543874099543889521510161863", "price": "0.26", "size": "0", "side": "BUY", "hash": "04115515ac22fd4b2041e3a31a9dffdb0299d220", "best_bid": "0.9", "best_ask": "0.91"}, {"asset_id": "2573207755291238620520169357234429566264425244697480836231467818450524491984", "price": "0.74", "size": "0", "side": "SELL", "hash": "f6ad47967df87c772b28ae8fae0d73cd95ed26b7", "best_bid": "0.09", "best_ask": "0.1"}], "timestamp": "1769384565228", "event_type": "price_change"}}
{"_local_timestamp": "2026-01-25T23:42:45.808439+00:00", "data": {"market": "0x388459f1cfd0d310154e13f16f49d31fd301e5e3502072c8b09d3a0697b2823f", "price_changes": [{"asset_id": "45013571873161160860937233081904434980740309297672543874099543889521510161863", "price": "0.28", "size": "1648", "side": "BUY", "hash": "5857993138af7b51f371d6d11705796e6ac4f0b0", "best_bid": "0.9", "best_ask": "0.91"}, {"asset_id": "2573207755291238620520169357234429566264425244697480836231467818450524491984", "price": "0.72", "size": "1648", "side": "SELL", "hash": "79ad54c6cff80c532c9c4831db727ede1a292dd1", "best_bid": "0.09", "best_ask": "0.1"}], "timestamp": "1769384565606", "event_type": "price_change"}}
{"_local_timestamp": "2026-01-25T23:42:45.831405+00:00", "data": {"market": "0x388459f1cfd0d310154e13f16f49d31fd301e5e3502072c8b09d3a0697b2823f", "price_changes": [{"asset_id": "45013571873161160860937233081904434980740309297672543874099543889521510161863", "price": "0.23", "size": "371.73", "side": "BUY", "hash": "a298e8d9b9c571ff3056711de558f8ae4e8a0aaf", "best_bid": "0.9", "best_ask": "0.91"}, {"asset_id": "2573207755291238620520169357234429566264425244697480836231467818450524491984", "price": "0.77", "size": "371.73", "side": "SELL", "hash": "b447b19722dc4e02dd152506816f15b5aa111f48", "best_bid": "0.09", "best_ask": "0.1"}], "timestamp": "1769384565629", "event_type": "price_change"}}
{"_local_timestamp": "2026-01-25T23:42:47.308872+00:00", "data": {"market": "0x388459f1cfd0d310154e13f16f49d31fd301e5e3502072c8b09d3a0697b2823f", "price_changes": [{"asset_id": "45013571873161160860937233081904434980740309297672543874099543889521510161863", "price": "0.28", "size": "150", "side": "BUY", "hash": "a6985464138e86de8037a60c5b1cd6f07823fad3", "best_bid": "0.9", "best_ask": "0.91"}, {"asset_id": "2573207755291238620520169357234429566264425244697480836231467818450524491984", "price": "0.72", "size": "150", "side": "SELL", "hash": "ac219f227ab045b5b279569791f26bf948268afe", "best_bid": "0.09", "best_ask": "0.1"}], "timestamp": "1769384566990", "event_type": "price_change"}}
{"_local_timestamp": "2026-01-25T23:42:50.336743+00:00", "data": {"market": "0x388459f1cfd0d310154e13f16f49d31fd301e5e3502072c8b09d3a0697b2823f", "price_changes": [{"asset_id": "2573207755291238620520169357234429566264425244697480836231467818450524491984", "price": "0.04", "size": "1875", "side": "BUY", "hash": "ca4c2447f374569c56a5f1492678b34008603850", "best_bid": "0.09", "best_ask": "0.1"}, {"asset_id": "45013571873161160860937233081904434980740309297672543874099543889521510161863", "price": "0.96", "size": "1875", "side": "SELL", "hash": "964eb14ed4ae945821e7c928cb6d9faab8ff8150", "best_bid": "0.9", "best_ask": "0.91"}], "timestamp": "1769384570170", "event_type": "price_change"}}
{"_local_timestamp": "2026-01-25T23:42:50.339399+00:00", "data": {"market": "0x388459f1cfd0d310154e13f16f49d31fd301e5e3502072c8b09d3a0697b2823f", "price_changes": [{"asset_id": "2573207755291238620520169357234429566264425244697480836231467818450524491984", "price": "0.06", "size": "14", "side": "BUY", "hash": "ca4c2447f374569c56a5f1492678b34008603850", "best_bid": "0.09", "best_ask": "0.1"}, {"asset_id": "45013571873161160860937233081904434980740309297672543874099543889521510161863", "price": "0.94", "size": "14", "side": "SELL", "hash": "964eb14ed4ae945821e7c928cb6d9faab8ff8150", "best_bid": "0.9", "best_ask": "0.91"}], "timestamp": "1769384570170", "event_type": "price_change"}}
{"_local_timestamp": "2026-01-25T23:42:51.474386+00:00", "data": {"market": "0x388459f1cfd0d310154e13f16f49d31fd301e5e3502072c8b09d3a0697b2823f", "price_changes": [{"asset_id": "2573207755291238620520169357234429566264425244697480836231467818450524491984", "price": "0.04", "size": "1884.92", "side": "BUY", "hash": "873b930e1256fefdb37c5d0f70e23a81a0b5cd1b", "best_bid": "0.09", "best_ask": "0.1"}, {"asset_id": "45013571873161160860937233081904434980740309297672543874099543889521510161863", "price": "0.96", "size": "1884.92", "side": "SELL", "hash": "09657de5362cdca30c60ffef2c27cac9cc9464db", "best_bid": "0.9", "best_ask": "0.91"}], "timestamp": "1769384571315", "event_type": "price_change"}}
{"_local_timestamp": "2026-01-25T23:42:51.475193+00:00", "data": {"market": "0x388459f1cfd0d310154e13f16f49d31fd301e5e3502072c8b09d3a0697b2823f", "price_changes": [{"asset_id": "2573207755291238620520169357234429566264425244697480836231467818450524491984", "price": "0.06", "size": "22.76", "side": "BUY", "hash": "e3d904af7ffe98afe0c46c41608d04090c024233", "best_bid": "0.09", "best_ask": "0.1"}, {"asset_id": "45013571873161160860937233081904434980740309297672543874099543889521510161863", "price": "0.94", "size": "22.76", "side": "SELL", "hash": "bb3dfb1c947bf30d46df5a553ab202cc5ee1337f", "best_bid": "0.9", "best_ask": "0.91"}], "timestamp": "1769384571316", "event_type": "price_change"}}
{"_local_timestamp": "2026-01-25T23:43:39.616550+00:00", "data": {"market": "0x388459f1cfd0d310154e13f16f49d31fd301e5e3502072c8b09d3a0697b2823f", "price_changes": [{"asset_id": "45013571873161160860937233081904434980740309297672543874099543889521510161863", "price": "0.37", "size": "50", "side": "BUY", "hash": "6f1726cc39660010b178b70d511b031f8107f2f6", "best_bid": "0.9", "best_ask": "0.91"}, {"asset_id": "2573207755291238620520169357234429566264425244697480836231467818450524491984", "price": "0.63", "size": "50", "side": "SELL", "hash": "e482566a72fb4851b1f5bd78784e87c0cdba8813", "best_bid": "0.09", "best_ask": "0.1"}], "timestamp": "1769384619542", "event_type": "price_change"}}
{"_local_timestamp": "2026-01-25T23:43:39.773073+00:00", "data": {"market": "0x388459f1cfd0d310154e13f16f49d31fd301e5e3502072c8b09d3a0697b2823f", "price_changes": [{"asset_id": "45013571873161160860937233081904434980740309297672543874099543889521510161863", "price": "0.39", "size": "3586", "side": "BUY", "hash": "cfbe8f2612296949fece91511134cfbf9f52d4b4", "best_bid": "0.9", "best_ask": "0.91"}, {"asset_id": "2573207755291238620520169357234429566264425244697480836231467818450524491984", "price": "0.61", "size": "3586", "side": "SELL", "hash": "a71419601d7ee58c6cc3e47690152f477868c226", "best_bid": "0.09", "best_ask": "0.1"}], "timestamp": "1769384619706", "event_type": "price_change"}}
{"_local_timestamp": "2026-01-25T23:44:04.692197+00:00", "data": {"market": "0x388459f1cfd0d310154e13f16f49d31fd301e5e3502072c8b09d3a0697b2823f", "price_changes": [{"asset_id": "45013571873161160860937233081904434980740309297672543874099543889521510161863", "price": "0.24", "size": "1748", "side": "BUY", "hash": "dd57fb3d1ef6e9938e54e4046185efe44466c945", "best_bid": "0.9", "best_ask": "0.91"}, {"asset_id": "2573207755291238620520169357234429566264425244697480836231467818450524491984", "price": "0.76", "size": "1748", "side": "SELL", "hash": "5b76ea82f4515a5b3400a62846ff956fb557a28c", "best_bid": "0.09", "best_ask": "0.1"}], "timestamp": "1769384644604", "event_type": "price_change"}}
{"_local_timestamp": "2026-01-25T23:44:20.699956+00:00", "data": {"market": "0x388459f1cfd0d310154e13f16f49d31fd301e5e3502072c8b09d3a0697b2823f", "price_changes": [{"asset_id": "45013571873161160860937233081904434980740309297672543874099543889521510161863", "price": "0.23", "size": "271.73", "side": "BUY", "hash": "0b696505083ce21c3ce7aa1ae74e746bbe06679b", "best_bid": "0.9", "best_ask": "0.91"}, {"asset_id": "2573207755291238620520169357234429566264425244697480836231467818450524491984", "price": "0.77", "size": "271.73", "side": "SELL", "hash": "1bbadb0400b1ddc41900e30743ee55d3b3cbf361", "best_bid": "0.09", "best_ask": "0.1"}], "timestamp": "1769384660493", "event_type": "price_change"}}
{"_local_timestamp": "2026-01-25T23:44:21.398751+00:00", "data": {"market": "0x388459f1cfd0d310154e13f16f49d31fd301e5e3502072c8b09d3a0697b2823f", "price_changes": [{"asset_id": "45013571873161160860937233081904434980740309297672543874099543889521510161863", "price": "0.28", "size": "250", "side": "BUY", "hash": "348dff4a89427c2b588eea54191813124ac591bd", "best_bid": "0.9", "best_ask": "0.91"}, {"asset_id": "2573207755291238620520169357234429566264425244697480836231467818450524491984", "price": "0.72", "size": "250", "side": "SELL", "hash": "4f37ea44f820931418b91d5ac4d49af6e23b0c6c", "best_bid": "0.09", "best_ask": "0.1"}], "timestamp": "1769384660896", "event_type": "price_change"}}
{"_local_timestamp": "2026-01-25T23:44:32.417111+00:00", "data": {"market": "0x388459f1cfd0d310154e13f16f49d31fd301e5e3502072c8b09d3a0697b2823f", "price_changes": [{"asset_id": "45013571873161160860937233081904434980740309297672543874099543889521510161863", "price": "0.24", "size": "0", "side": "BUY", "hash": "ce72a19cb6cf13efdb735eee86fed69e3eb2cf7a", "best_bid": "0.9", "best_ask": "0.91"}, {"asset_id": "2573207755291238620520169357234429566264425244697480836231467818450524491984", "price": "0.76", "size": "0", "side": "SELL", "hash": "19881dd257b82cecb857b462ebe87b4d515336cc", "best_bid": "0.09", "best_ask": "0.1"}], "timestamp": "1769384672295", "event_type": "price_change"}}
{"_local_timestamp": "2026-01-25T23:44:57.032827+00:00", "data": {"market": "0x388459f1cfd0d310154e13f16f49d31fd301e5e3502072c8b09d3a0697b2823f", "price_changes": [{"asset_id": "2573207755291238620520169357234429566264425244697480836231467818450524491984", "price": "0.07", "size": "427.55", "side": "BUY", "hash": "9b1b54aef2e4295a506ae7b86c41a19eeae8beba", "best_bid": "0.09", "best_ask": "0.1"}, {"asset_id": "45013571873161160860937233081904434980740309297672543874099543889521510161863", "price": "0.93", "size": "427.55", "side": "SELL", "hash": "396a71bd0ae5ed89e30d36a0b4093fbe76df8dc1", "best_bid": "0.9", "best_ask": "0.91"}], "timestamp": "1769384696917", "event_type": "price_change"}}
{"_local_timestamp": "2026-01-25T23:44:57.048765+00:00", "data": {"market": "0x388459f1cfd0d310154e13f16f49d31fd301e5e3502072c8b09d3a0697b2823f", "price_changes": [{"asset_id": "45013571873161160860937233081904434980740309297672543874099543889521510161863", "price": "0.88", "size": "652.43", "side": "BUY", "hash": "a4193e2080cd56666dfd69c7b79040584774426c", "best_bid": "0.9", "best_ask": "0.91"}, {"asset_id": "2573207755291238620520169357234429566264425244697480836231467818450524491984", "price": "0.12", "size": "652.43", "side": "SELL", "hash": "1649a15dac3a0ab084e169f61f9c9fd07abdce8f", "best_bid": "0.09", "best_ask": "0.1"}], "timestamp": "1769384696921", "event_type": "price_change"}}
{"_local_timestamp": "2026-01-25T23:44:57.144582+00:00", "data": {"market": "0x388459f1cfd0d310154e13f16f49d31fd301e5e3502072c8b09d3a0697b2823f", "price_changes": [{"asset_id": "45013571873161160860937233081904434980740309297672543874099543889521510161863", "price": "0.25", "size": "1680", "side": "BUY", "hash": "e32d35937e63f0e1c2cdcf58dd6ea97d708daa05", "best_bid": "0.9", "best_ask": "0.91"}, {"asset_id": "2573207755291238620520169357234429566264425244697480836231467818450524491984", "price": "0.75", "size": "1680", "side": "SELL", "hash": "6703f65e4712c320b4dc9531f798087931e9cb0b", "best_bid": "0.09", "best_ask": "0.1"}], "timestamp": "1769384697039", "event_type": "price_change"}}
{"_local_timestamp": "2026-01-25T23:44:57.533562+00:00", "data": {"market": "0x388459f1cfd0d310154e13f16f49d31fd301e5e3502072c8b09d3a0697b2823f", "price_changes": [{"asset_id": "45013571873161160860937233081904434980740309297672543874099543889521510161863", "price": "0.23", "size": "171.73", "side": "BUY", "hash": "55663dfd2c07fdb49d48573c74060e4ed511ec73", "best_bid": "0.9", "best_ask": "0.91"}, {"asset_id": "2573207755291238620520169357234429566264425244697480836231467818450524491984", "price": "0.77", "size": "171.73", "side": "SELL", "hash": "8f29f3486f62f8253bea987c71c60d6d2b841e63", "best_bid": "0.09", "best_ask": "0.1"}], "timestamp": "1769384697459", "event_type": "price_change"}}
{"_local_timestamp": "2026-01-25T23:44:57.859896+00:00", "data": {"market": "0x388459f1cfd0d310154e13f16f49d31fd301e5e3502072c8b09d3a0697b2823f", "price_changes": [{"asset_id": "45013571873161160860937233081904434980740309297672543874099543889521510161863", "price": "0.24", "size": "100", "side": "BUY", "hash": "585622104fe614575e1ce8acee600f7cbeff05c5", "best_bid": "0.9", "best_ask": "0.91"}, {"asset_id": "2573207755291238620520169357234429566264425244697480836231467818450524491984", "price": "0.76", "size": "100", "side": "SELL", "hash": "fda7f96edbd2ab5f65006226f97c4919ee352bbb", "best_bid": "0.09", "best_ask": "0.1"}], "timestamp": "1769384697742", "event_type": "price_change"}}
{"_local_timestamp": "2026-01-25T23:45:05.360176+00:00", "data": {"market": "0x388459f1cfd0d310154e13f16f49d31fd301e5e3502072c8b09d3a0697b2823f", "price_changes": [{"asset_id": "2573207755291238620520169357234429566264425244697480836231467818450524491984", "price": "0.07", "size": "527.55", "side": "BUY", "hash": "e6a33c7cd446908f1749a7ed0008c8c6e21fae1e", "best_bid": "0.09", "best_ask": "0.1"}, {"asset_id": "45013571873161160860937233081904434980740309297672543874099543889521510161863", "price": "0.93", "size": "527.55", "side": "SELL", "hash": "0085bc3d6e515f113ced89da3a0a736451df6472", "best_bid": "0.9", "best_ask": "0.91"}], "timestamp": "1769384705294", "event_type": "price_change"}}
{"_local_timestamp": "2026-01-25T23:45:10.804678+00:00", "data": {"market": "0x388459f1cfd0d310154e13f16f49d31fd301e5e3502072c8b09d3a0697b2823f", "price_changes": [{"asset_id": "45013571873161160860937233081904434980740309297672543874099543889521510161863", "price": "0.88", "size": "752.43", "side": "BUY", "hash": "c4853ef1d6828ee06e7d69afad08f9a42dc78761", "best_bid": "0.9", "best_ask": "0.91"}, {"asset_id": "2573207755291238620520169357234429566264425244697480836231467818450524491984", "price": "0.12", "size": "752.43", "side": "SELL", "hash": "030bb2b618e899c42aa40b17f78ea97c73366e44", "best_bid": "0.09", "best_ask": "0.1"}], "timestamp": "1769384710736", "event_type": "price_change"}}
{"_local_timestamp": "2026-01-25T23:45:38.927848+00:00", "data": {"market": "0x388459f1cfd0d310154e13f16f49d31fd301e5e3502072c8b09d3a0697b2823f", "price_changes": [{"asset_id": "45013571873161160860937233081904434980740309297672543874099543889521510161863", "price": "0.24", "size": "0", "side": "BUY", "hash": "88d660d22bc14f25c1fcb8c4dfc44804ad1c6197", "best_bid": "0.9", "best_ask": "0.91"}, {"asset_id": "2573207755291238620520169357234429566264425244697480836231467818450524491984", "price": "0.76", "size": "0", "side": "SELL", "hash": "89819564a66050ebeb9d40bc72ccd00115b78c16", "best_bid": "0.09", "best_ask": "0.1"}], "timestamp": "1769384738819", "event_type": "price_change"}}
{"_local_timestamp": "2026-01-25T23:45:39.194656+00:00", "data": {"market": "0x388459f1cfd0d310154e13f16f49d31fd301e5e3502072c8b09d3a0697b2823f", "price_changes": [{"asset_id": "45013571873161160860937233081904434980740309297672543874099543889521510161863", "price": "0.25", "size": "1780", "side": "BUY", "hash": "dd6943a2466da0fb89c52d594441f37a17b8c4ec", "best_bid": "0.9", "best_ask": "0.91"}, {"asset_id": "2573207755291238620520169357234429566264425244697480836231467818450524491984", "price": "0.75", "size": "1780", "side": "SELL", "hash": "af679c2fd274df971b954ac05b157389f210ce6a", "best_bid": "0.09", "best_ask": "0.1"}], "timestamp": "1769384739080", "event_type": "price_change"}}
{"_local_timestamp": "2026-01-25T23:45:53.266726+00:00", "data": {"market": "0x388459f1cfd0d310154e13f16f49d31fd301e5e3502072c8b09d3a0697b2823f", "price_changes": [{"asset_id": "45013571873161160860937233081904434980740309297672543874099543889521510161863", "price": "0.28", "size": "200", "side": "BUY", "hash": "bdc6c25143b8ec778accb366fcc7c870cf8d8e19", "best_bid": "0.9", "best_ask": "0.91"}, {"asset_id": "2573207755291238620520169357234429566264425244697480836231467818450524491984", "price": "0.72", "size": "200", "side": "SELL", "hash": "e7bf0bb135703fec28acf6ae85867365e46c7b25", "best_bid": "0.09", "best_ask": "0.1"}], "timestamp": "1769384753027", "event_type": "price_change"}}
{"_local_timestamp": "2026-01-25T23:45:53.629944+00:00", "data": {"market": "0x388459f1cfd0d310154e13f16f49d31fd301e5e3502072c8b09d3a0697b2823f", "price_changes": [{"asset_id": "45013571873161160860937233081904434980740309297672543874099543889521510161863", "price": "0.24", "size": "50", "side": "BUY", "hash": "d906f7d77de348377fa68fb00ef9a658d8e89938", "best_bid": "0.9", "best_ask": "0.91"}, {"asset_id": "2573207755291238620520169357234429566264425244697480836231467818450524491984", "price": "0.76", "size": "50", "side": "SELL", "hash": "e17b00ac19d2c28549492e5bfb249b91f158e63d", "best_bid": "0.09", "best_ask": "0.1"}], "timestamp": "1769384753510", "event_type": "price_change"}}
{"_local_timestamp": "2026-01-25T23:45:56.842761+00:00", "data": {"market": "0x388459f1cfd0d310154e13f16f49d31fd301e5e3502072c8b09d3a0697b2823f", "price_changes": [{"asset_id": "45013571873161160860937233081904434980740309297672543874099543889521510161863", "price": "0.38", "size": "75", "side": "BUY", "hash": "3b807d0105cbd8bd61aa54534ff87067ce358d14", "best_bid": "0.9", "best_ask": "0.91"}, {"asset_id": "2573207755291238620520169357234429566264425244697480836231467818450524491984", "price": "0.62", "size": "75", "side": "SELL", "hash": "1cea6ad438367a452d0d9bed83a9ef6b947ad984", "best_bid": "0.09", "best_ask": "0.1"}], "timestamp": "1769384756102", "event_type": "price_change"}}
{"_local_timestamp": "2026-01-25T23:46:10.657819+00:00", "data": {"market": "0x388459f1cfd0d310154e13f16f49d31fd301e5e3502072c8b09d3a0697b2823f", "price_changes": [{"asset_id": "45013571873161160860937233081904434980740309297672543874099543889521510161863", "price": "0.25", "size": "100", "side": "BUY", "hash": "9bd014d55f5756f3bc9e9dd3fd31f7e00ad7dd0d", "best_bid": "0.9", "best_ask": "0.91"}, {"asset_id": "2573207755291238620520169357234429566264425244697480836231467818450524491984", "price": "0.75", "size": "100", "side": "SELL", "hash": "f0854dd6854d9d84d4e963b756527c62821207ab", "best_bid": "0.09", "best_ask": "0.1"}], "timestamp": "1769384770463", "event_type": "price_change"}}
{"_local_timestamp": "2026-01-25T23:46:10.921735+00:00", "data": {"market": "0x388459f1cfd0d310154e13f16f49d31fd301e5e3502072c8b09d3a0697b2823f", "price_changes": [{"asset_id": "45013571873161160860937233081904434980740309297672543874099543889521510161863", "price": "0.4", "size": "300", "side": "BUY", "hash": "47be88b454949a25d3fb2edf4c9b1e87f6952059", "best_bid": "0.9", "best_ask": "0.91"}, {"asset_id": "2573207755291238620520169357234429566264425244697480836231467818450524491984", "price": "0.6", "size": "300", "side": "SELL", "hash": "6a99635ddde11cdd40a753c727bb506d1e725c97", "best_bid": "0.09", "best_ask": "0.1"}], "timestamp": "1769384770740", "event_type": "price_change"}}
{"_local_timestamp": "2026-01-25T23:46:17.546789+00:00", "data": {"market": "0x388459f1cfd0d310154e13f16f49d31fd301e5e3502072c8b09d3a0697b2823f", "price_changes": [{"asset_id": "45013571873161160860937233081904434980740309297672543874099543889521510161863", "price": "0.24", "size": "1798", "side": "BUY", "hash": "89244f54bd6fbe6b4e4554592aae515cf0205933", "best_bid": "0.9", "best_ask": "0.91"}, {"asset_id": "2573207755291238620520169357234429566264425244697480836231467818450524491984", "price": "0.76", "size": "1798", "side": "SELL", "hash": "f1b691b5e142bf4b3dbb331ec2a7d657965d3e9d", "best_bid": "0.09", "best_ask": "0.1"}], "timestamp": "1769384777478", "event_type": "price_change"}}
{"_local_timestamp": "2026-01-25T23:46:51.030640+00:00", "data": {"market": "0x388459f1cfd0d310154e13f16f49d31fd301e5e3502072c8b09d3a0697b2823f", "price_changes": [{"asset_id": "45013571873161160860937233081904434980740309297672543874099543889521510161863", "price": "0.38", "size": "0", "side": "BUY", "hash": "771809a55ef2b317e9145b9f4b28a0689ba25f59", "best_bid": "0.9", "best_ask": "0.91"}, {"asset_id": "2573207755291238620520169357234429566264425244697480836231467818450524491984", "price": "0.62", "size": "0", "side": "SELL", "hash": "2fccb38b039046fcc775008e85562a8248a77a64", "best_bid": "0.09", "best_ask": "0.1"}], "timestamp": "1769384810672", "event_type": "price_change"}}
{"_local_timestamp": "2026-01-25T23:46:51.031411+00:00", "data": {"market": "0x388459f1cfd0d310154e13f16f49d31fd301e5e3502072c8b09d3a0697b2823f", "price_changes": [{"asset_id": "45013571873161160860937233081904434980740309297672543874099543889521510161863", "price": "0.28", "size": "100", "side": "BUY", "hash": "771809a55ef2b317e9145b9f4b28a0689ba25f59", "best_bid": "0.9", "best_ask": "0.91"}, {"asset_id": "2573207755291238620520169357234429566264425244697480836231467818450524491984", "price": "0.72", "size": "100", "side": "SELL", "hash": "2fccb38b039046fcc775008e85562a8248a77a64", "best_bid": "0.09", "best_ask": "0.1"}], "timestamp": "1769384810672", "event_type": "price_change"}}
{"_local_timestamp": "2026-01-25T23:46:51.563974+00:00", "data": {"market": "0x388459f1cfd0d310154e13f16f49d31fd301e5e3502072c8b09d3a0697b2823f", "price_changes": [{"asset_id": "45013571873161160860937233081904434980740309297672543874099543889521510161863", "price": "0.24", "size": "1898", "side": "BUY", "hash": "a7979a717c9db5932cadb70151c0c6d118979d82", "best_bid": "0.9", "best_ask": "0.91"}, {"asset_id": "2573207755291238620520169357234429566264425244697480836231467818450524491984", "price": "0.76", "size": "1898", "side": "SELL", "hash": "69115100ceeb206a23a5864d6f5cb09628abfe54", "best_bid": "0.09", "best_ask": "0.1"}], "timestamp": "1769384811198", "event_type": "price_change"}}
{"_local_timestamp": "2026-01-25T23:46:51.607432+00:00", "data": {"market": "0x388459f1cfd0d310154e13f16f49d31fd301e5e3502072c8b09d3a0697b2823f", "price_changes": [{"asset_id": "45013571873161160860937233081904434980740309297672543874099543889521510161863", "price": "0.39", "size": "3661", "side": "BUY", "hash": "0b5beb460b4143c42171ba3a3de8ff24fe4dea1f", "best_bid": "0.9", "best_ask": "0.91"}, {"asset_id": "2573207755291238620520169357234429566264425244697480836231467818450524491984", "price": "0.61", "size": "3661", "side": "SELL", "hash": "b2a76d45a3b4999106436207621d363d0ff7b497", "best_bid": "0.09", "best_ask": "0.1"}], "timestamp": "1769384811259", "event_type": "price_change"}}
{"_local_timestamp": "2026-01-25T23:46:58.999200+00:00", "data": {"market": "0x388459f1cfd0d310154e13f16f49d31fd301e5e3502072c8b09d3a0697b2823f", "price_changes": [{"asset_id": "45013571873161160860937233081904434980740309297672543874099543889521510161863", "price": "0.25", "size": "0", "side": "BUY", "hash": "74145ae29e2e8a56d86ef51fc20833c95439ced9", "best_bid": "0.9", "best_ask": "0.91"}, {"asset_id": "2573207755291238620520169357234429566264425244697480836231467818450524491984", "price": "0.75", "size": "0", "side": "SELL", "hash": "f0f4c7bf6476935f21d51f712d74e98673868ff2", "best_bid": "0.09", "best_ask": "0.1"}], "timestamp": "1769384818848", "event_type": "price_change"}}
{"_local_timestamp": "2026-01-25T23:46:59.354036+00:00", "data": {"market": "0x388459f1cfd0d310154e13f16f49d31fd301e5e3502072c8b09d3a0697b2823f", "price_changes": [{"asset_id": "45013571873161160860937233081904434980740309297672543874099543889521510161863", "price": "0.24", "size": "1998", "side": "BUY", "hash": "af28828070bc1d94718a11c8726ade6e360983ea", "best_bid": "0.9", "best_ask": "0.91"}, {"asset_id": "2573207755291238620520169357234429566264425244697480836231467818450524491984", "price": "0.76", "size": "1998", "side": "SELL", "hash": "9d5b0259285066973b472cae15a87b7711c31914", "best_bid": "0.09", "best_ask": "0.1"}], "timestamp": "1769384819146", "event_type": "price_change"}}
{"_local_timestamp": "2026-01-25T23:47:23.758064+00:00", "data": {"market": "0x388459f1cfd0d310154e13f16f49d31fd301e5e3502072c8b09d3a0697b2823f", "price_changes": [{"asset_id": "45013571873161160860937233081904434980740309297672543874099543889521510161863", "price": "0.37", "size": "0", "side": "BUY", "hash": "d37709985c2047ac727b801e5f56f539884bb6aa", "best_bid": "0.9", "best_ask": "0.91"}, {"asset_id": "2573207755291238620520169357234429566264425244697480836231467818450524491984", "price": "0.63", "size": "0", "side": "SELL", "hash": "1b8010a910798f8171290f8ae655850359ecadb3", "best_bid": "0.09", "best_ask": "0.1"}], "timestamp": "1769384843425", "event_type": "price_change"}}
{"_local_timestamp": "2026-01-25T23:47:23.758896+00:00", "data": {"market": "0x388459f1cfd0d310154e13f16f49d31fd301e5e3502072c8b09d3a0697b2823f", "price_changes": [{"asset_id": "45013571873161160860937233081904434980740309297672543874099543889521510161863", "price": "0.23", "size": "121.73", "side": "BUY", "hash": "d37709985c2047ac727b801e5f56f539884bb6aa", "best_bid": "0.9", "best_ask": "0.91"}, {"asset_id": "2573207755291238620520169357234429566264425244697480836231467818450524491984", "price": "0.77", "size": "121.73", "side": "SELL", "hash": "1b8010a910798f8171290f8ae655850359ecadb3", "best_bid": "0.09", "best_ask": "0.1"}], "timestamp": "1769384843425", "event_type": "price_change"}}
{"_local_timestamp": "2026-01-25T23:47:24.114184+00:00", "data": {"market": "0x388459f1cfd0d310154e13f16f49d31fd301e5e3502072c8b09d3a0697b2823f", "price_changes": [{"asset_id": "45013571873161160860937233081904434980740309297672543874099543889521510161863", "price": "0.25", "size": "50", "side": "BUY", "hash": "543e1f3a13b80356b2a4f535459e5d81ac637f8e", "best_bid": "0.9", "best_ask": "0.91"}, {"asset_id": "2573207755291238620520169357234429566264425244697480836231467818450524491984", "price": "0.75", "size": "50", "side": "SELL", "hash": "30c55852b9df823895e04c77e657890b77ca4ef4", "best_bid": "0.09", "best_ask": "0.1"}], "timestamp": "1769384843845", "event_type": "price_change"}}
{"_local_timestamp": "2026-01-25T23:47:24.121497+00:00", "data": {"market": "0x388459f1cfd0d310154e13f16f49d31fd301e5e3502072c8b09d3a0697b2823f", "price_changes": [{"asset_id": "45013571873161160860937233081904434980740309297672543874099543889521510161863", "price": "0.39", "size": "3711", "side": "BUY", "hash": "42ae01dcd85f75f5b1423f58555af503e15e0619", "best_bid": "0.9", "best_ask": "0.91"}, {"asset_id": "2573207755291238620520169357234429566264425244697480836231467818450524491984", "price": "0.61", "size": "3711", "side": "SELL", "hash": "05800ba88a77abd1add6e3c54989c17f10e8036c", "best_bid": "0.09", "best_ask": "0.1"}], "timestamp": "1769384843866", "event_type": "price_change"}}
{"_local_timestamp": "2026-01-25T23:47:37.576318+00:00", "data": {"market": "0x388459f1cfd0d310154e13f16f49d31fd301e5e3502072c8b09d3a0697b2823f", "price_changes": [{"asset_id": "45013571873161160860937233081904434980740309297672543874099543889521510161863", "price": "0.28", "size": "50", "side": "BUY", "hash": "71b3a94d770eb9eab548518876724808102f79f4", "best_bid": "0.9", "best_ask": "0.91"}, {"asset_id": "2573207755291238620520169357234429566264425244697480836231467818450524491984", "price": "0.72", "size": "50", "side": "SELL", "hash": "ed09e425e290d5c7f44d1f17703e7ac242bb521a", "best_bid": "0.09", "best_ask": "0.1"}], "timestamp": "1769384857298", "event_type": "price_change"}}
{"_local_timestamp": "2026-01-25T23:47:37.885511+00:00", "data": {"market": "0x388459f1cfd0d310154e13f16f49d31fd301e5e3502072c8b09d3a0697b2823f", "price_changes": [{"asset_id": "45013571873161160860937233081904434980740309297672543874099543889521510161863", "price": "0.24", "size": "1948", "side": "BUY", "hash": "99f0a80e22214365cbb872447a8f212b3d147337", "best_bid": "0.9", "best_ask": "0.91"}, {"asset_id": "2573207755291238620520169357234429566264425244697480836231467818450524491984", "price": "0.76", "size": "1948", "side": "SELL", "hash": "44b7d731980b2eded48b912536a7b98cb81141cb", "best_bid": "0.09", "best_ask": "0.1"}], "timestamp": "1769384857537", "event_type": "price_change"}}
{"_local_timestamp": "2026-01-25T23:47:38.103317+00:00", "data": {"market": "0x388459f1cfd0d310154e13f16f49d31fd301e5e3502072c8b09d3a0697b2823f", "price_changes": [{"asset_id": "45013571873161160860937233081904434980740309297672543874099543889521510161863", "price": "0.27", "size": "146.29", "side": "BUY", "hash": "6af903604815795fae3f42bb8e71799d68652f43", "best_bid": "0.9", "best_ask": "0.91"}, {"asset_id": "2573207755291238620520169357234429566264425244697480836231467818450524491984", "price": "0.73", "size": "146.29", "side": "SELL", "hash": "fdbea07641fdf6da2c698e20a7a230fadbcadb53", "best_bid": "0.09", "best_ask": "0.1"}], "timestamp": "1769384857602", "event_type": "price_change"}}
{"_local_timestamp": "2026-01-25T23:47:38.473851+00:00", "data": {"market": "0x388459f1cfd0d310154e13f16f49d31fd301e5e3502072c8b09d3a0697b2823f", "price_changes": [{"asset_id": "45013571873161160860937233081904434980740309297672543874099543889521510161863", "price": "0.25", "size": "100", "side": "BUY", "hash": "ac692f4b5d5fef2fc68603586468e02f12596cdc", "best_bid": "0.9", "best_ask": "0.91"}, {"asset_id": "2573207755291238620520169357234429566264425244697480836231467818450524491984", "price": "0.75", "size": "100", "side": "SELL", "hash": "e78eea097ec9f70a89c158072ee41ebd13784b24", "best_bid": "0.09", "best_ask": "0.1"}], "timestamp": "1769384858053", "event_type": "price_change"}}
{"_local_timestamp": "2026-01-25T23:47:44.646225+00:00", "data": {"market": "0x388459f1cfd0d310154e13f16f49d31fd301e5e3502072c8b09d3a0697b2823f", "price_changes": [{"asset_id": "2573207755291238620520169357234429566264425244697480836231467818450524491984", "price": "0.04", "size": "1875", "side": "BUY", "hash": "0dfdc54be61bf84164cdfcac60fb3c782a8d102e", "best_bid": "0.09", "best_ask": "0.1"}, {"asset_id": "45013571873161160860937233081904434980740309297672543874099543889521510161863", "price": "0.96", "size": "1875", "side": "SELL", "hash": "d9598550be64e0e0bd79036ffc3dff6fb677cf7a", "best_bid": "0.9", "best_ask": "0.91"}], "timestamp": "1769384864575", "event_type": "price_change"}}
{"_local_timestamp": "2026-01-25T23:47:44.646851+00:00", "data": {"market": "0x388459f1cfd0d310154e13f16f49d31fd301e5e3502072c8b09d3a0697b2823f", "price_changes": [{"asset_id": "2573207755291238620520169357234429566264425244697480836231467818450524491984", "price": "0.06", "size": "14", "side": "BUY", "hash": "0dfdc54be61bf84164cdfcac60fb3c782a8d102e", "best_bid": "0.09", "best_ask": "0.1"}, {"asset_id": "45013571873161160860937233081904434980740309297672543874099543889521510161863", "price": "0.94", "size": "14", "side": "SELL", "hash": "d9598550be64e0e0bd79036ffc3dff6fb677cf7a", "best_bid": "0.9", "best_ask": "0.91"}], "timestamp": "1769384864575", "event_type": "price_change"}}
{"_local_timestamp": "2026-01-25T23:47:45.173066+00:00", "data": {"market": "0x388459f1cfd0d310154e13f16f49d31fd301e5e3502072c8b09d3a0697b2823f", "price_changes": [{"asset_id": "2573207755291238620520169357234429566264425244697480836231467818450524491984", "price": "0.04", "size": "1884.92", "side": "BUY", "hash": "ec352dec04c56d3e8ed51a2650dead8e1160ff70", "best_bid": "0.09", "best_ask": "0.1"}, {"asset_id": "45013571873161160860937233081904434980740309297672543874099543889521510161863", "price": "0.96", "size": "1884.92", "side": "SELL", "hash": "ef50aa33e9bfd296a91e8fe33df6ab4f54c7a864", "best_bid": "0.9", "best_ask": "0.91"}], "timestamp": "1769384865105", "event_type": "price_change"}}
{"_local_timestamp": "2026-01-25T23:47:45.173664+00:00", "data": {"market": "0x388459f1cfd0d310154e13f16f49d31fd301e5e3502072c8b09d3a0697b2823f", "price_changes": [{"asset_id": "2573207755291238620520169357234429566264425244697480836231467818450524491984", "price": "0.06", "size": "22.76", "side": "BUY", "hash": "b6282e780d5b00aa3211d826cb15a78659fb2372", "best_bid": "0.09", "best_ask": "0.1"}, {"asset_id": "45013571873161160860937233081904434980740309297672543874099543889521510161863", "price": "0.94", "size": "22.76", "side": "SELL", "hash": "cbe665e9d0ff3e36a5beda9db11c5ba42b28b262", "best_bid": "0.9", "best_ask": "0.91"}], "timestamp": "1769384865106", "event_type": "price_change"}}
{"_local_timestamp": "2026-01-25T23:47:55.653944+00:00", "data": {"market": "0x388459f1cfd0d310154e13f16f49d31fd301e5e3502072c8b09d3a0697b2823f", "price_changes": [{"asset_id": "45013571873161160860937233081904434980740309297672543874099543889521510161863", "price": "0.24", "size": "200", "side": "BUY", "hash": "21deaa4e13c7ec0661f304908ebb5e8f95bb5f90", "best_bid": "0.9", "best_ask": "0.91"}, {"asset_id": "2573207755291238620520169357234429566264425244697480836231467818450524491984", "price": "0.76", "size": "200", "side": "SELL", "hash": "56a5deb540bb4fb7ad767f38c076778abb348a74", "best_bid": "0.09", "best_ask": "0.1"}], "timestamp": "1769384875421", "event_type": "price_change"}}
{"_local_timestamp": "2026-01-25T23:48:48.676374+00:00", "data": {"market": "0x388459f1cfd0d310154e13f16f49d31fd301e5e3502072c8b09d3a0697b2823f", "price_changes": [{"asset_id": "45013571873161160860937233081904434980740309297672543874099543889521510161863", "price": "0.24", "size": "100", "side": "BUY", "hash": "db9de9953d6aa51dbb769ba8ae81a8d4eb3bb986", "best_bid": "0.9", "best_ask": "0.91"}, {"asset_id": "2573207755291238620520169357234429566264425244697480836231467818450524491984", "price": "0.76", "size": "100", "side": "SELL", "hash": "69b8619b0450ae767783fcbb1d135be5a4d06ea9", "best_bid": "0.09", "best_ask": "0.1"}], "timestamp": "1769384928579", "event_type": "price_change"}}
{"_local_timestamp": "2026-01-25T23:48:48.968985+00:00", "data": {"market": "0x388459f1cfd0d310154e13f16f49d31fd301e5e3502072c8b09d3a0697b2823f", "price_changes": [{"asset_id": "45013571873161160860937233081904434980740309297672543874099543889521510161863", "price": "0.23", "size": "221.73", "side": "BUY", "hash": "54e3cadb9d6af5df7f6df24cb51d37d2f4d6a1e1", "best_bid": "0.9", "best_ask": "0.91"}, {"asset_id": "2573207755291238620520169357234429566264425244697480836231467818450524491984", "price": "0.77", "size": "221.73", "side": "SELL", "hash": "48a4838b3fe532c19c60c9cde6c2ee1decd07c32", "best_bid": "0.09", "best_ask": "0.1"}], "timestamp": "1769384928845", "event_type": "price_change"}}
{"_local_timestamp": "2026-01-25T23:49:13.831438+00:00", "data": {"market": "0x388459f1cfd0d310154e13f16f49d31fd301e5e3502072c8b09d3a0697b2823f", "price_changes": [{"asset_id": "45013571873161160860937233081904434980740309297672543874099543889521510161863", "price": "0.25", "size": "1780", "side": "BUY", "hash": "6711a4a3d916eceafd4213ba9dd67b86c1d03906", "best_bid": "0.9", "best_ask": "0.91"}, {"asset_id": "2573207755291238620520169357234429566264425244697480836231467818450524491984", "price": "0.75", "size": "1780", "side": "SELL", "hash": "d8695c5fecace9928fab1476ddea02b3199f149a", "best_bid": "0.09", "best_ask": "0.1"}], "timestamp": "1769384953747", "event_type": "price_change"}}
{"_local_timestamp": "2026-01-25T23:49:25.559034+00:00", "data": {"market": "0x388459f1cfd0d310154e13f16f49d31fd301e5e3502072c8b09d3a0697b2823f", "price_changes": [{"asset_id": "45013571873161160860937233081904434980740309297672543874099543889521510161863", "price": "0.25", "size": "1730", "side": "BUY", "hash": "a5af9ad853ea6833ba1720ce04745b3aec502f67", "best_bid": "0.9", "best_ask": "0.91"}, {"asset_id": "2573207755291238620520169357234429566264425244697480836231467818450524491984", "price": "0.75", "size": "1730", "side": "SELL", "hash": "97147d400016cdae26c17b458208e3ad0d12ccde", "best_bid": "0.09", "best_ask": "0.1"}], "timestamp": "1769384965487", "event_type": "price_change"}}
{"_local_timestamp": "2026-01-25T23:49:25.950657+00:00", "data": {"market": "0x388459f1cfd0d310154e13f16f49d31fd301e5e3502072c8b09d3a0697b2823f", "price_changes": [{"asset_id": "45013571873161160860937233081904434980740309297672543874099543889521510161863", "price": "0.24", "size": "150", "side": "BUY", "hash": "6bbbe97a7941d1915ff699c97808a231cf656fb5", "best_bid": "0.9", "best_ask": "0.91"}, {"asset_id": "2573207755291238620520169357234429566264425244697480836231467818450524491984", "price": "0.76", "size": "150", "side": "SELL", "hash": "85dd0334340ca3302588765eaa856d4f3e01b234", "best_bid": "0.09", "best_ask": "0.1"}], "timestamp": "1769384965776", "event_type": "price_change"}}
{"_local_timestamp": "2026-01-25T23:49:30.442431+00:00", "data": {"market": "0x388459f1cfd0d310154e13f16f49d31fd301e5e3502072c8b09d3a0697b2823f", "price_changes": [{"asset_id": "45013571873161160860937233081904434980740309297672543874099543889521510161863", "price": "0.39", "size": "3636", "side": "BUY", "hash": "84c9cc25e2a315a9210f3287d66dc713829b1979", "best_bid": "0.9", "best_ask": "0.91"}, {"asset_id": "2573207755291238620520169357234429566264425244697480836231467818450524491984", "price": "0.61", "size": "3636", "side": "SELL", "hash": "556a7c1e875ae6857ee129d1b9b35281fb661377", "best_bid": "0.09", "best_ask": "0.1"}], "timestamp": "1769384970072", "event_type": "price_change"}}
{"_local_timestamp": "2026-01-25T23:49:31.024117+00:00", "data": {"market": "0x388459f1cfd0d310154e13f16f49d31fd301e5e3502072c8b09d3a0697b2823f", "price_changes": [{"asset_id": "45013571873161160860937233081904434980740309297672543874099543889521510161863", "price": "0.4", "size": "375", "side": "BUY", "hash": "b04ee767edf3553c2ac4840262dc57a148e58165", "best_bid": "0.9", "best_ask": "0.91"}, {"asset_id": "2573207755291238620520169357234429566264425244697480836231467818450524491984", "price": "0.6", "size": "375", "side": "SELL", "hash": "329565500be0e982b32e89ddb7231122e232450b", "best_bid": "0.09", "best_ask": "0.1"}], "timestamp": "1769384970635", "event_type": "price_change"}}
{"_local_timestamp": "2026-01-25T23:49:41.781905+00:00", "data": {"market": "0x388459f1cfd0d310154e13f16f49d31fd301e5e3502072c8b09d3a0697b2823f", "price_changes": [{"asset_id": "45013571873161160860937233081904434980740309297672543874099543889521510161863", "price": "0.28", "size": "0", "side": "BUY", "hash": "657551f52a0c9aaa5d936cddea27417195f151ec", "best_bid": "0.9", "best_ask": "0.91"}, {"asset_id": "2573207755291238620520169357234429566264425244697480836231467818450524491984", "price": "0.72", "size": "0", "side": "SELL", "hash": "5ad81648b8ad49b58a22b7ff6522e643dc8e110e", "best_bid": "0.09", "best_ask": "0.1"}], "timestamp": "1769384981655", "event_type": "price_change"}}
{"_local_timestamp": "2026-01-25T23:49:41.783054+00:00", "data": {"market": "0x388459f1cfd0d310154e13f16f49d31fd301e5e3502072c8b09d3a0697b2823f", "price_changes": [{"asset_id": "45013571873161160860937233081904434980740309297672543874099543889521510161863", "price": "0.25", "size": "1680", "side": "BUY", "hash": "657551f52a0c9aaa5d936cddea27417195f151ec", "best_bid": "0.9", "best_ask": "0.91"}, {"asset_id": "2573207755291238620520169357234429566264425244697480836231467818450524491984", "price": "0.75", "size": "1680", "side": "SELL", "hash": "5ad81648b8ad49b58a22b7ff6522e643dc8e110e", "best_bid": "0.09", "best_ask": "0.1"}], "timestamp": "1769384981655", "event_type": "price_change"}}
{"_local_timestamp": "2026-01-25T23:49:42.386099+00:00", "data": {"market": "0x388459f1cfd0d310154e13f16f49d31fd301e5e3502072c8b09d3a0697b2823f", "price_changes": [{"asset_id": "45013571873161160860937233081904434980740309297672543874099543889521510161863", "price": "0.27", "size": "196.29", "side": "BUY", "hash": "c966e4dee9b38206a747b1d10309cfef5eb0f804", "best_bid": "0.9", "best_ask": "0.91"}, {"asset_id": "2573207755291238620520169357234429566264425244697480836231467818450524491984", "price": "0.73", "size": "196.29", "side": "SELL", "hash": "2c3e0f5517c424e34cb2c2a9360b6908a148fea4", "best_bid": "0.09", "best_ask": "0.1"}], "timestamp": "1769384982217", "event_type": "price_change"}}
{"_local_timestamp": "2026-01-25T23:49:42.439983+00:00", "data": {"market": "0x388459f1cfd0d310154e13f16f49d31fd301e5e3502072c8b09d3a0697b2823f", "price_changes": [{"asset_id": "45013571873161160860937233081904434980740309297672543874099543889521510161863", "price": "0.24", "size": "200", "side": "BUY", "hash": "95f44d5f8f164c130b7498bf667a89fbb0fce4e6", "best_bid": "0.9", "best_ask": "0.91"}, {"asset_id": "2573207755291238620520169357234429566264425244697480836231467818450524491984", "price": "0.76", "size": "200", "side": "SELL", "hash": "8bf2a2c9fa7c5dd2b60e309d1e6ce5bf97d09536", "best_bid": "0.09", "best_ask": "0.1"}], "timestamp": "1769384982247", "event_type": "price_change"}}
{"_local_timestamp": "2026-01-25T23:50:02.432256+00:00", "data": {"market": "0x388459f1cfd0d310154e13f16f49d31fd301e5e3502072c8b09d3a0697b2823f", "price_changes": [{"asset_id": "45013571873161160860937233081904434980740309297672543874099543889521510161863", "price": "0.19", "size": "450", "side": "BUY", "hash": "32accfd3a5919bf00dcaabc2da1701f6ecabfe4c", "best_bid": "0.9", "best_ask": "0.91"}, {"asset_id": "2573207755291238620520169357234429566264425244697480836231467818450524491984", "price": "0.81", "size": "450", "side": "SELL", "hash": "b1cdf848728e3d48101f19a600a6c2efaad600ae", "best_bid": "0.09", "best_ask": "0.1"}], "timestamp": "1769385002274", "event_type": "price_change"}}
{"_local_timestamp": "2026-01-25T23:50:05.536817+00:00", "data": {"market": "0x388459f1cfd0d310154e13f16f49d31fd301e5e3502072c8b09d3a0697b2823f", "price_changes": [{"asset_id": "45013571873161160860937233081904434980740309297672543874099543889521510161863", "price": "0.23", "size": "121.73", "side": "BUY", "hash": "9dd8f55edee0e85dee7a02fb69dabff9aa65e30c", "best_bid": "0.9", "best_ask": "0.91"}, {"asset_id": "2573207755291238620520169357234429566264425244697480836231467818450524491984", "price": "0.77", "size": "121.73", "side": "SELL", "hash": "ad1d45d119f1af3a32a7159fa58d8657f5ab7ff8", "best_bid": "0.09", "best_ask": "0.1"}], "timestamp": "1769385005456", "event_type": "price_change"}}
{"_local_timestamp": "2026-01-25T23:50:05.792385+00:00", "data": {"market": "0x388459f1cfd0d310154e13f16f49d31fd301e5e3502072c8b09d3a0697b2823f", "price_changes": [{"asset_id": "45013571873161160860937233081904434980740309297672543874099543889521510161863", "price": "0.25", "size": "1780", "side": "BUY", "hash": "437afccf9b5d84a70b375737636563b6c53d0979", "best_bid": "0.9", "best_ask": "0.91"}, {"asset_id": "2573207755291238620520169357234429566264425244697480836231467818450524491984", "price": "0.75", "size": "1780", "side": "SELL", "hash": "820e322f413a4977a803c815f67cbf3094b04889", "best_bid": "0.09", "best_ask": "0.1"}], "timestamp": "1769385005713", "event_type": "price_change"}}
{"_local_timestamp": "2026-01-25T23:50:50.090693+00:00", "data": {"market": "0x388459f1cfd0d310154e13f16f49d31fd301e5e3502072c8b09d3a0697b2823f", "price_changes": [{"asset_id": "2573207755291238620520169357234429566264425244697480836231467818450524491984", "price": "0.02", "size": "2750", "side": "BUY", "hash": "a007314f2e27add050e0839b5a25311689e3b16f", "best_bid": "0.09", "best_ask": "0.1"}, {"asset_id": "45013571873161160860937233081904434980740309297672543874099543889521510161863", "price": "0.98", "size": "2750", "side": "SELL", "hash": "31af68a99f25e88165f43ceef39a45d8f5e456cb", "best_bid": "0.9", "best_ask": "0.91"}], "timestamp": "1769385050000", "event_type": "price_change"}}
{"_local_timestamp": "2026-01-25T23:50:50.095890+00:00", "data": {"market": "0x388459f1cfd0d310154e13f16f49d31fd301e5e3502072c8b09d3a0697b2823f", "price_changes": [{"asset_id": "2573207755291238620520169357234429566264425244697480836231467818450524491984", "price": "0.04", "size": "1384.92", "side": "BUY", "hash": "1f154f6b6b2a914c812eff8c7a29f9ca5f6ed9ab", "best_bid": "0.09", "best_ask": "0.1"}, {"asset_id": "45013571873161160860937233081904434980740309297672543874099543889521510161863", "price": "0.96", "size": "1384.92", "side": "SELL", "hash": "4dcf65d04aad1faeb89d81e55e034eeaa7f54592", "best_bid": "0.9", "best_ask": "0.91"}], "timestamp": "1769385050003", "event_type": "price_change"}}
{"_local_timestamp": "2026-01-25T23:50:50.096526+00:00", "data": {"market": "0x388459f1cfd0d310154e13f16f49d31fd301e5e3502072c8b09d3a0697b2823f", "price_changes": [{"asset_id": "2573207755291238620520169357234429566264425244697480836231467818450524491984", "price": "0.05", "size": "100", "side": "BUY", "hash": "4373c9b36bc92889fb9295941a9278a9c5ebfd8b", "best_bid": "0.09", "best_ask": "0.1"}, {"asset_id": "45013571873161160860937233081904434980740309297672543874099543889521510161863", "price": "0.95", "size": "100", "side": "SELL", "hash": "c4026e29389dc5bd6e8f843d4fb814cf8f35746a", "best_bid": "0.9", "best_ask": "0.91"}], "timestamp": "1769385050004", "event_type": "price_change"}}
{"_local_timestamp": "2026-01-25T23:51:05.531244+00:00", "data": {"market": "0x388459f1cfd0d310154e13f16f49d31fd301e5e3502072c8b09d3a0697b2823f", "price_changes": [{"asset_id": "2573207755291238620520169357234429566264425244697480836231467818450524491984", "price": "0.02", "size": "4750", "side": "BUY", "hash": "4e3e0e81155d9d6ec60b8193e1b09b65e1f55da5", "best_bid": "0.09", "best_ask": "0.1"}, {"asset_id": "45013571873161160860937233081904434980740309297672543874099543889521510161863", "price": "0.98", "size": "4750", "side": "SELL", "hash": "97196eebc679107c0f4ebc3a528a3271514a859e", "best_bid": "0.9", "best_ask": "0.91"}], "timestamp": "1769385065415", "event_type": "price_change"}}
{"_local_timestamp": "2026-01-25T23:51:05.539266+00:00", "data": {"market": "0x388459f1cfd0d310154e13f16f49d31fd301e5e3502072c8b09d3a0697b2823f", "price_changes": [{"asset_id": "2573207755291238620520169357234429566264425244697480836231467818450524491984", "price": "0.04", "size": "1884.92", "side": "BUY", "hash": "4f892dd0a0e189a322b3b902e289d650bc8f4a5b", "best_bid": "0.09", "best_ask": "0.1"}, {"asset_id": "45013571873161160860937233081904434980740309297672543874099543889521510161863", "price": "0.96", "size": "1884.92", "side": "SELL", "hash": "4e885a4f154ebaf1405ea19182bda697850a1890", "best_bid": "0.9", "best_ask": "0.91"}], "timestamp": "1769385065416", "event_type": "price_change"}}
{"_local_timestamp": "2026-01-25T23:51:05.539898+00:00", "data": {"market": "0x388459f1cfd0d310154e13f16f49d31fd301e5e3502072c8b09d3a0697b2823f", "price_changes": [{"asset_id": "2573207755291238620520169357234429566264425244697480836231467818450524491984", "price": "0.05", "size": "200", "side": "BUY", "hash": "04c96bd9c8fdf3df70d6059998476c280a9d69eb", "best_bid": "0.09", "best_ask": "0.1"}, {"asset_id": "45013571873161160860937233081904434980740309297672543874099543889521510161863", "price": "0.95", "size": "200", "side": "SELL", "hash": "923b560ea124789ef1cbbd98b6071d6896a0eb38", "best_bid": "0.9", "best_ask": "0.91"}], "timestamp": "1769385065417", "event_type": "price_change"}}
{"_local_timestamp": "2026-01-25T23:51:05.666961+00:00", "data": {"market": "0x388459f1cfd0d310154e13f16f49d31fd301e5e3502072c8b09d3a0697b2823f", "price_changes": [{"asset_id": "45013571873161160860937233081904434980740309297672543874099543889521510161863", "price": "0.24", "size": "150", "side": "BUY", "hash": "fdb23e1171e97469954677c1ec0b1848adcbc7ca", "best_bid": "0.9", "best_ask": "0.91"}, {"asset_id": "2573207755291238620520169357234429566264425244697480836231467818450524491984", "price": "0.76", "size": "150", "side": "SELL", "hash": "d1ce9607c7e127e533cfca07e6bce43a6a0cc51e", "best_bid": "0.09", "best_ask": "0.1"}], "timestamp": "1769385065446", "event_type": "price_change"}}
{"_local_timestamp": "2026-01-25T23:51:05.882816+00:00", "data": {"market": "0x388459f1cfd0d310154e13f16f49d31fd301e5e3502072c8b09d3a0697b2823f", "price_changes": [{"asset_id": "45013571873161160860937233081904434980740309297672543874099543889521510161863", "price": "0.25", "size": "1830", "side": "BUY", "hash": "2c44bfa2349f33afe5a10d01e9a38c13e58f278f", "best_bid": "0.9", "best_ask": "0.91"}, {"asset_id": "2573207755291238620520169357234429566264425244697480836231467818450524491984", "price": "0.75", "size": "1830", "side": "SELL", "hash": "31e5922454cf2ac5faa17eccda0f9cb99b89f24e", "best_bid": "0.09", "best_ask": "0.1"}], "timestamp": "1769385065766", "event_type": "price_change"}}
