{"_local_timestamp": "2026-01-25T23:33:24.415339+00:00", "data": [{"market": "0x388459f1cfd0d310154e13f16f49d31fd301e5e3502072c8b09d3a0697b2823f", "asset_id": "2573207755291238620520169357234429566264425244697480836231467818450524491984", "timestamp": "1769383965041", "hash": "bb244c2e77d460ed3577548f2b98f364bf02a522", "bids": [{"price": "0.01", "size": "7.72"}, {"price": "0.02", "size": "4750"}, {"price": "0.03", "size": "916.66"}, {"price": "0.04", "size": "1884.92"}, {"price": "0.05", "size": "200"}, {"price": "0.06", "size": "22.76"}, {"price": "0.07", "size": "527.55"}, {"price": "0.08", "size": "1383"}, {"price": "0.09", "size": "208.36"}], "asks": [{"price": "0.99", "size": "7509.71"}, {"price": "0.98", "size": "5600"}, {"price": "0.97", "size": "9.09"}, {"price": "0.96", "size": "750"}, {"price": "0.95", "size": "530"}, {"price": "0.94", "size": "33"}, {"price": "0.91", "size": "1000"}, {"price": "0.9", "size": "6.3"}, {"price": "0.86", "size": "242.85"}, {"price": "0.85", "size": "550"}, {"price": "0.82", "size": "177.77"}, {"price": "0.81", "size": "1292"}, {"price": "0.77", "size": "121.73"}, {"price": "0.76", "size": "200"}, {"price": "0.75", "size": "1780"}, {"price": "0.73", "size": "146.29"}, {"price": "0.71", "size": "50"}, {"price": "0.68", "size": "75"}, {"price": "0.64", "size": "55.55"}, {"price": "0.63", "size": "3814"}, {"price": "0.62", "size": "375"}, {"price": "0.61", "size": "5"}, {"price": "0.13", "size": "300"}, {"price": "0.12", "size": "752.43"}, {"price": "0.11", "size": "300"}, {"price": "0.1", "size": "9.61"}], "event_type": "book", "last_trade_price": "0.910"}, {"market": "0x388459f1cfd0d310154e13f16f49d31fd301e5e3502072c8b09d3a0697b2823f", "asset_id": "45013571873161160860937233081904434980740309297672543874099543889521510161863", "timestamp": "1769383965041", "hash": "3bb824ca9637ecfd4741165269b620787e529e1d", "bids": [{"price": "0.01", "size": "7509.71"}, {"price": "0.02", "size": "5600"}, {"price": "0.03", "size": "9.09"}, {"price": "0.04", "size": "750"}, {"price": "0.05", "size": "530"}, {"price": "0.06", "size": "33"}, {"price": "0.09", "size": "1000"}, {"price": "0.1", "size": "6.3"}, {"price": "0.14", "size": "242.85"}, {"price": "0.15", "size": "550"}, {"price": "0.18", "size": "177.77"}, {"price": "0.19", "size": "1292"}, {"price": "0.23", "size": "121.73"}, {"price": "0.24", "size": "200"}, {"price": "0.25", "size": "1780"}, {"price": "0.27", "size": "146.29"}, {"price": "0.29", "size": "50"}, {"price": "0.32", "size": "75"}, {"price": "0.36", "size": "55.55"}, {"price": "0.37", "size": "3814"}, {"price": "0.38", "size": "375"}, {"price": "0.39", "size": "5"}, {"price": "0.87", "size": "300"}, {"price": "0.88", "size": "752.43"}, {"price": "0.89", "size": "300"}, {"price": "0.9", "size": "9.61"}], "asks": [{"price": "0.99", "size": "7.72"}, {"price": "0.98", "size": "4750"}, {"price": "0.97", "size": "916.66"}, {"price": "0.96", "size": "1884.92"}, {"price": "0.95", "size": "200"}, {"price": "0.94", "size": "22.76"}, {"price": "0.93", "size": "527.55"}, {"price": "0.92", "size": "1383"}, {"price": "0.91", "size": "208.36"}], "event_type": "book", "last_trade_price": "0.910"}]}
{"_local_timestamp": "2026-01-25T23:33:33.317959+00:00", "data": {"market": "0x388459f1cfd0d310154e13f16f49d31fd301e5e3502072c8b09d3a0697b2823f", "price_changes": [{"asset_id": "45013571873161160860937233081904434980740309297672543874099543889521510161863", "price": "0.29", "size": "0", "side": "BUY", "hash": "75f866fc45ec1155b668b63996e7cd792e756987", "best_bid": "0.9", "best_ask": "0.91"}, {"asset_id": "2573207755291238620520169357234429566264425244697480836231467818450524491984", "price": "0.71", "size": "0", "side": "SELL", "hash": "70796a091e989eaad8955ce84edca70e3a620853", "best_bid": "0.09", "best_ask": "0.1"}], "timestamp": "1769384013147", "event_type": "price_change"}}
{"_local_timestamp": "2026-01-25T23:33:33.319845+00:00", "data": {"market": "0x388459f1cfd0d310154e13f16f49d31fd301e5e3502072c8b09d3a0697b2823f", "price_changes": [{"asset_id": "45013571873161160860937233081904434980740309297672543874099543889521510161863", "price": "0.24", "size": "150", "side": "BUY", "hash": "75f866fc45ec1155b668b63996e7cd792e756987", "best_bid": "0.9", "best_ask": "0.91"}, {"asset_id": "2573207755291238620520169357234429566264425244697480836231467818450524491984", "price": "0.76", "size": "150", "side": "SELL", "hash": "70796a091e989eaad8955ce84edca70e3a620853", "best_bid": "0.09", "best_ask": "0.1"}], "timestamp": "1769384013147", "event_type": "price_change"}}
{"_local_timestamp": "2026-01-25T23:33:33.663719+00:00", "data": {"market": "0x388459f1cfd0d310154e13f16f49d31fd301e5e3502072c8b09d3a0697b2823f", "price_changes": [{"asset_id": "45013571873161160860937233081904434980740309297672543874099543889521510161863", "price": "0.27", "size": "196.29", "side": "BUY", "hash": "9721af49a1994ae8093c9fdf7668275e2c5e5e1c", "best_bid": "0.9", "best_ask": "0.91"}, {"asset_id": "2573207755291238620520169357234429566264425244697480836231467818450524491984", "price": "0.73", "size": "196.29", "side": "SELL", "hash": "e0b247ba3b2c9f6684b47dac09d31aeffcce15e3", "best_bid": "0.09", "best_ask": "0.1"}], "timestamp": "1769384013525", "event_type": "price_change"}}
{"_local_timestamp": "2026-01-25T23:33:33.727369+00:00", "data": {"market": "0x388459f1cfd0d310154e13f16f49d31fd301e5e3502072c8b09d3a0697b2823f", "price_changes": [{"asset_id": "45013571873161160860937233081904434980740309297672543874099543889521510161863", "price": "0.25", "size": "1830", "side": "BUY", "hash": "ae677fc2fe07103d4dde2dbf24f60b23cb6d353e", "best_bid": "0.9", "best_ask": "0.91"}, {"asset_id": "2573207755291238620520169357234429566264425244697480836231467818450524491984", "price": "0.75", "size": "1830", "side": "SELL", "hash": "f4d07cd8c2c87f02332a24370c15c8648d7082f3", "best_bid": "0.09", "best_ask": "0.1"}], "timestamp": "1769384013561", "event_type": "price_change"}}
{"_local_timestamp": "2026-01-25T23:33:40.359567+00:00", "data": {"market": "0x388459f1cfd0d310154e13f16f49d31fd301e5e3502072c8b09d3a0697b2823f", "price_changes": [{"asset_id": "45013571873161160860937233081904434980740309297672543874099543889521510161863", "price": "0.24", "size": "100", "side": "BUY", "hash": "0f9408a2932b24e1accb52f6d4c86ab538bd8957", "best_bid": "0.9", "best_ask": "0.91"}, {"asset_id": "2573207755291238620520169357234429566264425244697480836231467818450524491984", "price": "0.76", "size": "100", "side": "SELL", "hash": "4571021f31181282e9ea9b05a3203c5678702701", "best_bid": "0.09", "best_ask": "0.1"}], "timestamp": "1769384020108", "event_type": "price_change"}}
{"_local_timestamp": "2026-01-25T23:33:40.592052+00:00", "data": {"market": "0x388459f1cfd0d310154e13f16f49d31fd301e5e3502072c8b09d3a0697b2823f", "price_changes": [{"asset_id": "45013571873161160860937233081904434980740309297672543874099543889521510161863", "price": "0.25", "size": "1880", "side": "BUY", "hash": "045a79175387e7550bcda4333ec2f5692ae2f691", "best_bid": "0.9", "best_ask": "0.91"}, {"asset_id": "2573207755291238620520169357234429566264425244697480836231467818450524491984", "price": "0.75", "size": "1880", "side": "SELL", "hash": "a0cf90391f38c80bd683ec75989263a22371ff4d", "best_bid": "0.09", "best_ask": "0.1"}], "timestamp": "1769384020518", "event_type": "price_change"}}
{"_local_timestamp": "2026-01-25T23:34:19.961876+00:00", "data": {"market": "0x388459f1cfd0d310154e13f16f49d31fd301e5e3502072c8b09d3a0697b2823f", "price_changes": [{"asset_id": "45013571873161160860937233081904434980740309297672543874099543889521510161863", "price": "0.25", "size": "200", "side": "BUY", "hash": "80c3c1020d63681f709deae3360147fce694c7b8", "best_bid": "0.9", "best_ask": "0.91"}, {"asset_id": "2573207755291238620520169357234429566264425244697480836231467818450524491984", "price": "0.75", "size": "200", "side": "SELL", "hash": "8390cfd42d434e3afcd81f6b149b17d8694a28e8", "best_bid": "0.09", "best_ask": "0.1"}], "timestamp": "1769384059763", "event_type": "price_change"}}
{"_local_timestamp": "2026-01-25T23:34:26.721338+00:00", "data": {"market": "0x388459f1cfd0d310154e13f16f49d31fd301e5e3502072c8b09d3a0697b2823f", "price_changes": [{"asset_id": "2573207755291238620520169357234429566264425244697480836231467818450524491984", "price": "0.04", "size": "1875", "side": "BUY", "hash": "ab75a464d28256066d2d161894c95e3f38645509", "best_bid": "0.09", "best_ask": "0.1"}, {"asset_id": "45013571873161160860937233081904434980740309297672543874099543889521510161863", "price": "0.96", "size": "1875", "side": "SELL", "hash": "df0863252a4514a2f963c515a9d99f9ca8fe6284", "best_bid": "0.9", "best_ask": "0.91"}], "timestamp": "1769384066630", "event_type": "price_change"}}
{"_local_timestamp": "2026-01-25T23:34:26.722011+00:00", "data": {"market": "0x388459f1cfd0d310154e13f16f49d31fd301e5e3502072c8b09d3a0697b2823f", "price_changes": [{"asset_id": "2573207755291238620520169357234429566264425244697480836231467818450524491984", "price": "0.06", "size": "14", "side": "BUY", "hash": "ab75a464d28256066d2d161894c95e3f38645509", "best_bid": "0.09", "best_ask": "0.1"}, {"asset_id": "45013571873161160860937233081904434980740309297672543874099543889521510161863", "price": "0.94", "size": "14", "side": "SELL", "hash": "df0863252a4514a2f963c515a9d99f9ca8fe6284", "best_bid": "0.9", "best_ask": "0.91"}], "timestamp": "1769384066630", "event_type": "price_change"}}
{"_local_timestamp": "2026-01-25T23:34:26.911766+00:00", "data": {"market": "0x388459f1cfd0d310154e13f16f49d31fd301e5e3502072c8b09d3a0697b2823f", "price_changes": [{"asset_id": "2573207755291238620520169357234429566264425244697480836231467818450524491984", "price": "0.04", "size": "1884.92", "side": "BUY", "hash": "c4d7374873ede03a3c7fa73883cc9d396abedfe5", "best_bid": "0.09", "best_ask": "0.1"}, {"asset_id": "45013571873161160860937233081904434980740309297672543874099543889521510161863", "price": "0.96", "size": "1884.92", "side": "SELL", "hash": "e6f3eb1ab421a29155293b7c6874cd9604b13892", "best_bid": "0.9", "best_ask": "0.91"}], "timestamp": "1769384066844", "event_type": "price_change"}}
{"_local_timestamp": "2026-01-25T23:34:26.915619+00:00", "data": {"market": "0x388459f1cfd0d310154e13f16f49d31fd301e5e3502072c8b09d3a0697b2823f", "price_changes": [{"asset_id": "2573207755291238620520169357234429566264425244697480836231467818450524491984", "price": "0.06", "size": "22.76", "side": "BUY", "hash": "08a944ea111545932944b37a9c702db30396788a", "best_bid": "0.09", "best_ask": "0.1"}, {"asset_id": "45013571873161160860937233081904434980740309297672543874099543889521510161863", "price": "0.94", "size": "22.76", "side": "SELL", "hash": "d0100d28baf845aba09f51fb49f3c8e417beb4c8", "best_bid": "0.9", "best_ask": "0.91"}], "timestamp": "1769384066851", "event_type": "price_change"}}
{"_local_timestamp": "2026-01-25T23:34:27.840803+00:00", "data": {"market": "0x388459f1cfd0d310154e13f16f49d31fd301e5e3502072c8b09d3a0697b2823f", "price_changes": [{"asset_id": "45013571873161160860937233081904434980740309297672543874099543889521510161863", "price": "0.24", "size": "0", "side": "BUY", "hash": "b31bc632ca4bfc7b347a54ad1ee6d1ccf0c0cdf3", "best_bid": "0.9", "best_ask": "0.91"}, {"asset_id": "2573207755291238620520169357234429566264425244697480836231467818450524491984", "price": "0.76", "size": "0", "side": "SELL", "hash": "98716451b2696e07768a7bbd7475af4124647130", "best_bid": "0.09", "best_ask": "0.1"}], "timestamp": "1769384067608", "event_type": "price_change"}}
{"_local_timestamp": "2026-01-25T23:34:28.578532+00:00", "data": {"market": "0x388459f1cfd0d310154e13f16f49d31fd301e5e3502072c8b09d3a0697b2823f", "price_changes": [{"asset_id": "45013571873161160860937233081904434980740309297672543874099543889521510161863", "price": "0.25", "size": "300", "side": "BUY", "hash": "c162fdd9c2ae79b928b8da3a76568f1ebb089810", "best_bid": "0.9", "best_ask": "0.91"}, {"asset_id": "2573207755291238620520169357234429566264425244697480836231467818450524491984", "price": "0.75", "size": "300", "side": "SELL", "hash": "e73cafbcd8425a1c936135b8017d79c1d7fa065e", "best_bid": "0.09", "best_ask": "0.1"}], "timestamp": "1769384068165", "event_type": "price_change"}}
{"_local_timestamp": "2026-01-25T23:34:45.813319+00:00", "data": {"market": "0x388459f1cfd0d310154e13f16f49d31fd301e5e3502072c8b09d3a0697b2823f", "price_changes": [{"asset_id": "45013571873161160860937233081904434980740309297672543874099543889521510161863", "price": "0.28", "size": "1498", "side": "BUY", "hash": "0fd9261885b07b153ffabaa72c7f0f07c6ba19a1", "best_bid": "0.9", "best_ask": "0.91"}, {"asset_id": "2573207755291238620520169357234429566264425244697480836231467818450524491984", "price": "0.72", "size": "1498", "side": "SELL", "hash": "083aba84824ec55bd6cb396c9ecd12c71a747041", "best_bid": "0.09", "best_ask": "0.1"}], "timestamp": "1769384085747", "event_type": "price_change"}}
{"_local_timestamp": "2026-01-25T23:35:23.926136+00:00", "data": {"market": "0x388459f1cfd0d310154e13f16f49d31fd301e5e3502072c8b09d3a0697b2823f", "price_changes": [{"asset_id": "45013571873161160860937233081904434980740309297672543874099543889521510161863", "price": "0.27", "size": "146.29", "side": "BUY", "hash": "c8f30e6ad5639312ec5225650dcbf68c3a3d37d7", "best_bid": "0.9", "best_ask": "0.91"}, {"asset_id": "2573207755291238620520169357234429566264425244697480836231467818450524491984", "price": "0.73", "size": "146.29", "side": "SELL", "hash": "f3a686e76a03bf2efdf64e14f0ff9e9d1f35e05e", "best_bid": "0.09", "best_ask": "0.1"}], "timestamp": "1769384123680", "event_type": "price_change"}}
{"_local_timestamp": "2026-01-25T23:35:24.417208+00:00", "data": {"market": "0x388459f1cfd0d310154e13f16f49d31fd301e5e3502072c8b09d3a0697b2823f", "price_changes": [{"asset_id": "45013571873161160860937233081904434980740309297672543874099543889521510161863", "price": "0.28", "size": "1548", "side": "BUY", "hash": "d668870b8f1f61a1fffcbb5c7a4b47af965d7281", "best_bid": "0.9", "best_ask": "0.91"}, {"asset_id": "2573207755291238620520169357234429566264425244697480836231467818450524491984", "price": "0.72", "size": "1548", "side": "SELL", "hash": "469834cf22292099f2f3cec2c76b0b2f1d441cc1", "best_bid": "0.09", "best_ask": "0.1"}], "timestamp": "1769384124073", "event_type": "price_change"}}
{"_local_timestamp": "2026-01-25T23:36:41.082714+00:00", "data": {"market": "0x388459f1cfd0d310154e13f16f49d31fd301e5e3502072c8b09d3a0697b2823f", "price_changes": [{"asset_id": "45013571873161160860937233081904434980740309297672543874099543889521510161863", "price": "0.88", "size": "624.43", "side": "BUY", "hash": "65bb52e925125a6540b08345d98144509318ec79", "best_bid": "0.9", "best_ask": "0.91"}, {"asset_id": "2573207755291238620520169357234429566264425244697480836231467818450524491984", "price": "0.12", "size": "624.43", "side": "SELL", "hash": "93c4307855b9741cfe2a5626915383598e536550", "best_bid": "0.09", "best_ask": "0.1"}], "timestamp": "1769384201000", "event_type": "price_change"}}
{"_local_timestamp": "2026-01-25T23:36:41.083502+00:00", "data": {"market": "0x388459f1cfd0d310154e13f16f49d31fd301e5e3502072c8b09d3a0697b2823f", "price_changes": [{"asset_id": "2573207755291238620520169357234429566264425244697480836231467818450524491984", "price": "0.07", "size": "172", "side": "BUY", "hash": "350d8cf7fb9b7c93c7e0b303e7f0ef9c9c3618ba", "best_bid": "0.09", "best_ask": "0.1"}, {"asset_id": "45013571873161160860937233081904434980740309297672543874099543889521510161863", "price": "0.93", "size": "172", "side": "SELL", "hash": "2c4b290ef65ebc7d09324340d7d5e65b32b2bcfa", "best_bid": "0.9", "best_ask": "0.91"}], "timestamp": "1769384201001", "event_type": "price_change"}}
{"_local_timestamp": "2026-01-25T23:36:55.209221+00:00", "data": {"market": "0x388459f1cfd0d310154e13f16f49d31fd301e5e3502072c8b09d3a0697b2823f", "price_changes": [{"asset_id": "45013571873161160860937233081904434980740309297672543874099543889521510161863", "price": "0.25", "size": "200", "side": "BUY", "hash": "084bc4c38894a3ff335a4808cf29680b92fc6697", "best_bid": "0.9", "best_ask": "0.91"}, {"asset_id": "2573207755291238620520169357234429566264425244697480836231467818450524491984", "price": "0.75", "size": "200", "side": "SELL", "hash": "0c53618e689f0199d2b6a54cbd1f4cafb1325562", "best_bid": "0.09", "best_ask": "0.1"}], "timestamp": "1769384215037", "event_type": "price_change"}}
{"_local_timestamp": "2026-01-25T23:36:56.084642+00:00", "data": {"market": "0x388459f1cfd0d310154e13f16f49d31fd301e5e3502072c8b09d3a0697b2823f", "price_changes": [{"asset_id": "45013571873161160860937233081904434980740309297672543874099543889521510161863", "price": "0.27", "size": "246.29", "side": "BUY", "hash": "5a25aed486a3b62ebfa6b4485902fca734d023f3", "best_bid": "0.9", "best_ask": "0.91"}, {"asset_id": "2573207755291238620520169357234429566264425244697480836231467818450524491984", "price": "0.73", "size": "246.29", "side": "SELL", "hash": "8e33c1a7c391418f65ca8a0d5636c7906d176837", "best_bid": "0.09", "best_ask": "0.1"}], "timestamp": "1769384215690", "event_type": "price_change"}}
{"_local_timestamp": "2026-01-25T23:37:13.160479+00:00", "data": {"market": "0x388459f1cfd0d310154e13f16f49d31fd301e5e3502072c8b09d3a0697b2823f", "price_changes": [{"asset_id": "45013571873161160860937233081904434980740309297672543874099543889521510161863", "price": "0.25", "size": "150", "side": "BUY", "hash": "6271923b31cf9d6533050120a3b07d8fbc8f6210", "best_bid": "0.9", "best_ask": "0.91"}, {"asset_id": "2573207755291238620520169357234429566264425244697480836231467818450524491984", "price": "0.75", "size": "150", "side": "SELL", "hash": "547b7eea36f62019de1318e1cf1b4f76732bbf4f", "best_bid": "0.09", "best_ask": "0.1"}], "timestamp": "1769384233022", "event_type": "price_change"}}
{"_local_timestamp": "2026-01-25T23:37:13.570058+00:00", "data": {"market": "0x388459f1cfd0d310154e13f16f49d31fd301e5e3502072c8b09d3a0697b2823f", "price_changes": [{"asset_id": "45013571873161160860937233081904434980740309297672543874099543889521510161863", "price": "0.28", "size": "1598", "side": "BUY", "hash": "8a1a6a8c669c31525dd8f1ef870bceeeb129fd49", "best_bid": "0.9", "best_ask": "0.91"}, {"asset_id": "2573207755291238620520169357234429566264425244697480836231467818450524491984", "price": "0.72", "size": "1598", "side": "SELL", "hash": "6deb6abcc9b3140acb4705b147f81126870ed301", "best_bid": "0.09", "best_ask": "0.1"}], "timestamp": "1769384233419", "event_type": "price_change"}}
{"_local_timestamp": "2026-01-25T23:37:35.322442+00:00", "data": {"market": "0x388459f1cfd0d310154e13f16f49d31fd301e5e3502072c8b09d3a0697b2823f", "price_changes": [{"asset_id": "45013571873161160860937233081904434980740309297672543874099543889521510161863", "price": "0.28", "size": "100", "side": "BUY", "hash": "3331c5322faef3a7df8e3f9435215c2598e87dc6", "best_bid": "0.9", "best_ask": "0.91"}, {"asset_id": "2573207755291238620520169357234429566264425244697480836231467818450524491984", "price": "0.72", "size": "100", "side": "SELL", "hash": "8c235b3edca378d1ef19689d1bfd02425b464e35", "best_bid": "0.09", "best_ask": "0.1"}], "timestamp": "1769384255124", "event_type": "price_change"}}
{"_local_timestamp": "2026-01-25T23:37:40.139802+00:00", "data": {"market": "0x388459f1cfd0d310154e13f16f49d31fd301e5e3502072c8b09d3a0697b2823f", "price_changes": [{"asset_id": "45013571873161160860937233081904434980740309297672543874099543889521510161863", "price": "0.26", "size": "1614", "side": "BUY", "hash": "cb907efdeffb6514bae8e152e2aa59d8b28cfceb", "best_bid": "0.9", "best_ask": "0.91"}, {"asset_id": "2573207755291238620520169357234429566264425244697480836231467818450524491984", "price": "0.74", "size": "1614", "side": "SELL", "hash": "989a9c6e4f49c5d8df3a36a9bb8b7573353c9afb", "best_bid": "0.09", "best_ask": "0.1"}], "timestamp": "1769384260008", "event_type": "price_change"}}
{"_local_timestamp": "2026-01-25T23:38:03.783007+00:00", "data": {"market": "0x388459f1cfd0d310154e13f16f49d31fd301e5e3502072c8b09d3a0697b2823f", "price_changes": [{"asset_id": "45013571873161160860937233081904434980740309297672543874099543889521510161863", "price": "0.25", "size": "50", "side": "BUY", "hash": "9ca442a173df0c9191b862cc55e978ac3c233c70", "best_bid": "0.9", "best_ask": "0.91"}, {"asset_id": "2573207755291238620520169357234429566264425244697480836231467818450524491984", "price": "0.75", "size": "50", "side": "SELL", "hash": "2b0959c65be09066a055c0afc0b93b0602e2659e", "best_bid": "0.09", "best_ask": "0.1"}], "timestamp": "1769384283683", "event_type": "price_change"}}
{"_local_timestamp": "2026-01-25T23:38:04.029820+00:00", "data": {"market": "0x388459f1cfd0d310154e13f16f49d31fd301e5e3502072c8b09d3a0697b2823f", "price_changes": [{"asset_id": "45013571873161160860937233081904434980740309297672543874099543889521510161863", "price": "0.23", "size": "221.73", "side": "BUY", "hash": "a6642ac168e851748690d79672a4f0b74804805a", "best_bid": "0.9", "best_ask": "0.91"}, {"asset_id": "2573207755291238620520169357234429566264425244697480836231467818450524491984", "price": "0.77", "size": "221.73", "side": "SELL", "hash": "358455088c01d3b25c9040e8d152934138edb416", "best_bid": "0.09", "best_ask": "0.1"}], "timestamp": "1769384283939", "event_type": "price_change"}}
{"_local_timestamp": "2026-01-25T23:38:13.439062+00:00", "data": {"market": "0x388459f1cfd0d310154e13f16f49d31fd301e5e3502072c8b09d3a0697b2823f", "price_changes": [{"asset_id": "2573207755291238620520169357234429566264425244697480836231467818450524491984", "price": "0.04", "size": "1875", "side": "BUY", "hash": "f60c84f5611579e603083bb3c53a7c0eaa69f8bb", "best_bid": "0.09", "best_ask": "0.1"}, {"asset_id": "45013571873161160860937233081904434980740309297672543874099543889521510161863", "price": "0.96", "size": "1875", "side": "SELL", "hash": "da714dd98e188d8890e677bd405e656200f7185e", "best_bid": "0.9", "best_ask": "0.91"}], "timestamp": "1769384293357", "event_type": "price_change"}}
{"_local_timestamp": "2026-01-25T23:38:13.439567+00:00", "data": {"market": "0x388459f1cfd0d310154e13f16f49d31fd301e5e3502072c8b09d3a0697b2823f", "price_changes": [{"asset_id": "2573207755291238620520169357234429566264425244697480836231467818450524491984", "price": "0.06", "size": "14", "side": "BUY", "hash": "f60c84f5611579e603083bb3c53a7c0eaa69f8bb", "best_bid": "0.09", "best_ask": "0.1"}, {"asset_id": "45013571873161160860937233081904434980740309297672543874099543889521510161863", "price": "0.94", "size": "14", "side": "SELL", "hash": "da714dd98e188d8890e677bd405e656200f7185e", "best_bid": "0.9", "best_ask": "0.91"}], "timestamp": "1769384293357", "event_type": "price_change"}}
{"_local_timestamp": "2026-01-25T23:38:13.989306+00:00", "data": {"market": "0x388459f1cfd0d310154e13f16f49d31fd301e5e3502072c8b09d3a0697b2823f", "price_changes": [{"asset_id": "2573207755291238620520169357234429566264425244697480836231467818450524491984", "price": "0.04", "size": "1884.92", "side": "BUY", "hash": "08134202e97686c97611fc4e7c6ba07929df4c06", "best_bid": "0.09", "best_ask": "0.1"}, {"asset_id": "45013571873161160860937233081904434980740309297672543874099543889521510161863", "price": "0.96", "size": "1884.92", "side": "SELL", "hash": "2c0d511cf86af5dfe39b6f0ca7c5ca916224d638", "best_bid": "0.9", "best_ask": "0.91"}], "timestamp": "1769384293917", "event_type": "price_change"}}
{"_local_timestamp": "2026-01-25T23:38:13.989957+00:00", "data": {"market": "0x388459f1cfd0d310154e13f16f49d31fd301e5e3502072c8b09d3a0697b2823f", "price_changes": [{"asset_id": "2573207755291238620520169357234429566264425244697480836231467818450524491984", "price": "0.06", "size": "22.76", "side": "BUY", "hash": "704d4b019ded9b7514267b12090a8a7c3a670581", "best_bid": "0.09", "best_ask": "0.1"}, {"asset_id": "45013571873161160860937233081904434980740309297672543874099543889521510161863", "price": "0.94", "size": "22.76", "side": "SELL", "hash": "f345a354458acb07d884566afdae2e879501ef66", "best_bid": "0.9", "best_ask": "0.91"}], "timestamp": "1769384293918", "event_type": "price_change"}}
{"_local_timestamp": "2026-01-25T23:38:21.245339+00:00", "data": {"market": "0x388459f1cfd0d310154e13f16f49d31fd301e5e3502072c8b09d3a0697b2823f", "price_changes": [{"asset_id": "45013571873161160860937233081904434980740309297672543874099543889521510161863", "price": "0.27", "size": "196.29", "side": "BUY", "hash": "507049498ea3b412fc8d30f76482505fe0604036", "best_bid": "0.9", "best_ask": "0.91"}, {"asset_id": "2573207755291238620520169357234429566264425244697480836231467818450524491984", "price": "0.73", "size": "196.29", "side": "SELL", "hash": "5d258561a4caf006957fe1ba066db4e11fd55f38", "best_bid": "0.09", "best_ask": "0.1"}], "timestamp": "1769384301118", "event_type": "price_change"}}
{"_local_timestamp": "2026-01-25T23:38:21.672213+00:00", "data": {"market": "0x388459f1cfd0d310154e13f16f49d31fd301e5e3502072c8b09d3a0697b2823f", "price_changes": [{"asset_id": "45013571873161160860937233081904434980740309297672543874099543889521510161863", "price": "0.28", "size": "150", "side": "BUY", "hash": "09e0e874ac396872cc02e535d53506568eb25534", "best_bid": "0.9", "best_ask": "0.91"}, {"asset_id": "2573207755291238620520169357234429566264425244697480836231467818450524491984", "price": "0.72", "size": "150", "side": "SELL", "hash": "4e297786ed9bb03cf6673af659a914f67f354089", "best_bid": "0.09", "best_ask": "0.1"}], "timestamp": "1769384301484", "event_type": "price_change"}}
{"_local_timestamp": "2026-01-25T23:38:41.480333+00:00", "data": {"market": "0x388459f1cfd0d310154e13f16f49d31fd301e5e3502072c8b09d3a0697b2823f", "price_changes": [{"asset_id": "45013571873161160860937233081904434980740309297672543874099543889521510161863", "price": "0.28", "size": "100", "side": "BUY", "hash": "ff129901d97d70b92662ac5094f4d7018a9fdc28", "best_bid": "0.9", "best_ask": "0.91"}, {"asset_id": "2573207755291238620520169357234429566264425244697480836231467818450524491984", "price": "0.72", "size": "100", "side": "SELL", "hash": "ecd160db07a69d789b772272db6f1113f27cf566", "best_bid": "0.09", "best_ask": "0.1"}], "timestamp": "1769384321391", "event_type": "price_change"}}
{"_local_timestamp": "2026-01-25T23:38:41.764336+00:00", "data": {"market": "0x388459f1cfd0d310154e13f16f49d31fd301e5e3502072c8b09d3a0697b2823f", "price_changes": [{"asset_id": "45013571873161160860937233081904434980740309297672543874099543889521510161863", "price": "0.26", "size": "1664", "side": "BUY", "hash": "cbe4469644ef131321f2e1c4b9a14bbb3b2a29da", "best_bid": "0.9", "best_ask": "0.91"}, {"asset_id": "2573207755291238620520169357234429566264425244697480836231467818450524491984", "price": "0.74", "size": "1664", "side": "SELL", "hash": "6470ac6648d441ba2f4ce73303cc9d254b8d1520", "best_bid": "0.09", "best_ask": "0.1"}], "timestamp": "1769384321670", "event_type": "price_change"}}
{"_local_timestamp": "2026-01-25T23:38:48.163764+00:00", "data": {"market": "0x388459f1cfd0d310154e13f16f49d31fd301e5e3502072c8b09d3a0697b2823f", "price_changes": [{"asset_id": "2573207755291238620520169357234429566264425244697480836231467818450524491984", "price": "0.07", "size": "527.55", "side": "BUY", "hash": "b88f8022732c4d69d8f7cd4ddd982bb7845aeabe", "best_bid": "0.09", "best_ask": "0.1"}, {"asset_id": "45013571873161160860937233081904434980740309297672543874099543889521510161863", "price": "0.93", "size": "527.55", "side": "SELL", "hash": "ce20f9d08356f4d35de871b9293e7932784553da", "best_bid": "0.9", "best_ask": "0.91"}], "timestamp": "1769384328091", "event_type": "price_change"}}
{"_local_timestamp": "2026-01-25T23:38:48.164199+00:00", "data": {"market": "0x388459f1cfd0d310154e13f16f49d31fd301e5e3502072c8b09d3a0697b2823f", "price_changes": [{"asset_id": "45013571873161160860937233081904434980740309297672543874099543889521510161863", "price": "0.88", "size": "752.43", "side": "BUY", "hash": "7bd529f2f43be003b8cbfaa022c1c8ab3ba5abc1", "best_bid": "0.9", "best_ask": "0.91"}, {"asset_id": "2573207755291238620520169357234429566264425244697480836231467818450524491984", "price": "0.12", "size": "752.43", "side": "SELL", "hash": "9bb68d0c666806a1a3b7380970002c233e2c4da5", "best_bid": "0.09", "best_ask": "0.1"}], "timestamp": "1769384328092", "event_type": "price_change"}}
