{"_local_timestamp": "2026-01-25T23:41:15.728857+00:00", "data": [{"market": "0xd2100e0d91e6b997e6c2b0c4c46d12613ccfa44ddd834efc2012845aa843718b", "asset_id": "28891039533982830451513821956382805935153735655153773459467211307411446402774", "timestamp": "1769384472502", "hash": "fe95a4054be13e0c434a51c388419946db7172cd", "bids": [{"price": "0.01", "size": "465.41"}, {"price": "0.02", "size": "117.18"}, {"price": "0.03", "size": "21.9"}, {"price": "0.04", "size": "50"}, {"price": "0.05", "size": "26.28"}, {"price": "0.06", "size": "15.7"}, {"price": "0.08", "size": "25"}, {"price": "0.09", "size": "6.04"}, {"price": "0.1", "size": "240"}, {"price": "0.11", "size": "6.15"}, {"price": "0.14", "size": "8.35"}, {"price": "0.16", "size": "12.5"}], "asks": [{"price": "0.99", "size": "465.41"}, {"price": "0.98", "size": "117.18"}, {"price": "0.97", "size": "21.9"}, {"price": "0.96", "size": "50"}, {"price": "0.95", "size": "26.28"}, {"price": "0.94", "size": "15.7"}, {"price": "0.92", "size": "25"}, {"price": "0.91", "size": "6.04"}, {"price": "0.9", "size": "240"}, {"price": "0.89", "size": "7.62"}, {"price": "0.86", "size": "7.19"}, {"price": "0.84", "size": "12.5"}], "event_type": "book", "last_trade_price": ""}, {"market": "0xd2100e0d91e6b997e6c2b0c4c46d12613ccfa44ddd834efc2012845aa843718b", "asset_id": "39007255559095482880929764963674109227477798450199182036142529166916699302695", "timestamp": "1769384472502", "hash": "0105fad54737affc5ae769641d761f407ffe9d90", "bids": [{"price": "0.01", "size": "465.41"}, {"price": "0.02", "size": "117.18"}, {"price": "0.03", "size": "21.9"}, {"price": "0.04", "size": "50"}, {"price": "0.05", "size": "26.28"}, {"price": "0.06", "size": "15.7"}, {"price": "0.08", "size": "25"}, {"price": "0.09", "size": "6.04"}, {"price": "0.1", "size": "240"}, {"price": "0.11", "size": "7.62"}, {"price": "0.14", "size": "7.19"}, {"price": "0.16", "size": "12.5"}], "asks": [{"price": "0.99", "size": "465.41"}, {"price": "0.98", "size": "117.18"}, {"price": "0.97", "size": "21.9"}, {"price": "0.96", "size": "50"}, {"price": "0.95", "size": "26.28"}, {"price": "0.94", "size": "15.7"}, {"price": "0.92", "size": "25"}, {"price": "0.91", "size": "6.04"}, {"price": "0.9", "size": "240"}, {"price": "0.89", "size": "6.15"}, {"price": "0.86", "size": "8.35"}, {"price": "0.84", "size": "12.5"}], "event_type": "book", "last_trade_price": ""}]}
{"_local_timestamp": "2026-01-25T23:41:22.903058+00:00", "data": {"market": "0xd2100e0d91e6b997e6c2b0c4c46d12613ccfa44ddd834efc2012845aa843718b", "price_changes": [{"asset_id": "28891039533982830451513821956382805935153735655153773459467211307411446402774", "price": "0.14", "size": "0", "side": "BUY", "hash": "4ba8fcaf3e4ef18443369cd26acd783492fb0e99", "best_bid": "0.16", "best_ask": "0.84"}, {"asset_id": "39007255559095482880929764963674109227477798450199182036142529166916699302695", "price": "0.86", "size": "0", "side": "SELL", "hash": "331f643d94ee2c9a0e00d0c0770be31eaac36d11", "best_bid": "0.16", "best_ask": "0.84"}], "timestamp": "1769384482830", "event_type": "price_change"}}
{"_local_timestamp": "2026-01-25T23:41:23.298835+00:00", "data": {"market": "0xd2100e0d91e6b997e6c2b0c4c46d12613ccfa44ddd834efc2012845aa843718b", "price_changes": [{"asset_id": "28891039533982830451513821956382805935153735655153773459467211307411446402774", "price": "0.11", "size": "16.77", "side": "BUY", "hash": "1b87614d009b077b1ea9795648e80f95cf4a884b", "best_bid": "0.16", "best_ask": "0.84"}, {"asset_id": "39007255559095482880929764963674109227477798450199182036142529166916699302695", "price": "0.89", "size": "16.77", "side": "SELL", "hash": "7d78eeb877e4d900abdd2c571b4cee61f640ebf6", "best_bid": "0.16", "best_ask": "0.84"}], "timestamp": "1769384483221", "event_type": "price_change"}}
{"_local_timestamp": "2026-01-25T23:41:45.885626+00:00", "data": {"market": "0xd2100e0d91e6b997e6c2b0c4c46d12613ccfa44ddd834efc2012845aa843718b", "price_changes": [{"asset_id": "28891039533982830451513821956382805935153735655153773459467211307411446402774", "price": "0.11", "size": "6.15", "side": "BUY", "hash": "f02b19931f0b18378d311e335e1d773b16c4d17a", "best_bid": "0.16", "best_ask": "0.84"}, {"asset_id": "39007255559095482880929764963674109227477798450199182036142529166916699302695", "price": "0.89", "size": "6.15", "side": "SELL", "hash": "d4d8c23f602d54e3fbcd25b20b91d7dc8cdbb9d1", "best_bid": "0.16", "best_ask": "0.84"}], "timestamp": "1769384505806", "event_type": "price_change"}}
{"_local_timestamp": "2026-01-25T23:41:46.237719+00:00", "data": {"market": "0xd2100e0d91e6b997e6c2b0c4c46d12613ccfa44ddd834efc2012845aa843718b", "price_changes": [{"asset_id": "28891039533982830451513821956382805935153735655153773459467211307411446402774", "price": "0.11", "size": "16.77", "side": "BUY", "hash": "18999f7c9bc5e0ca12ed9a710eda8e2e43d3d3d4", "best_bid": "0.16", "best_ask": "0.84"}, {"asset_id": "39007255559095482880929764963674109227477798450199182036142529166916699302695", "price": "0.89", "size": "16.77", "side": "SELL", "hash": "74b15fe7a77b8b8b99950d7b103e1293cf65f1a3", "best_bid": "0.16", "best_ask": "0.84"}], "timestamp": "1769384506167", "event_type": "price_change"}}
{"_local_timestamp": "2026-01-25T23:41:53.302449+00:00", "data": {"market": "0xd2100e0d91e6b997e6c2b0c4c46d12613ccfa44ddd834efc2012845aa843718b", "price_changes": [{"asset_id": "39007255559095482880929764963674109227477798450199182036142529166916699302695", "price": "0.14", "size": "0", "side": "BUY", "hash": "1fe233acbcb01df15e12c3b0286a6319980e9669", "best_bid": "0.16", "best_ask": "0.84"}, {"asset_id": "28891039533982830451513821956382805935153735655153773459467211307411446402774", "price": "0.86", "size": "0", "side": "SELL", "hash": "7f04bb75d708a5246cfb4c6bdac1440372abac78", "best_bid": "0.16", "best_ask": "0.84"}], "timestamp": "1769384513149", "event_type": "price_change"}}
{"_local_timestamp": "2026-01-25T23:41:53.572297+00:00", "data": {"market": "0xd2100e0d91e6b997e6c2b0c4c46d12613ccfa44ddd834efc2012845aa843718b", "price_changes": [{"asset_id": "39007255559095482880929764963674109227477798450199182036142529166916699302695", "price": "0.11", "size": "16.77", "side": "BUY", "hash": "790fe343f76e571688fd08645ebca667baa21be9", "best_bid": "0.16", "best_ask": "0.84"}, {"asset_id": "28891039533982830451513821956382805935153735655153773459467211307411446402774", "price": "0.89", "size": "16.77", "side": "SELL", "hash": "fdd27de2800c59e26178d0d3398074719303e236", "best_bid": "0.16", "best_ask": "0.84"}], "timestamp": "1769384513503", "event_type": "price_change"}}
{"_local_timestamp": "2026-01-25T23:42:04.581166+00:00", "data": {"market": "0xd2100e0d91e6b997e6c2b0c4c46d12613ccfa44ddd834efc2012845aa843718b", "price_changes": [{"asset_id": "28891039533982830451513821956382805935153735655153773459467211307411446402774", "price": "0.11", "size": "6.15", "side": "BUY", "hash": "603ae0205c80686f42d87b605f18993eed43a7f3", "best_bid": "0.16", "best_ask": "0.84"}, {"asset_id": "39007255559095482880929764963674109227477798450199182036142529166916699302695", "price": "0.89", "size": "6.15", "side": "SELL", "hash": "3e6b75d3ef95d8d98a7827062bd49562fa85ab79", "best_bid": "0.16", "best_ask": "0.84"}], "timestamp": "1769384524515", "event_type": "price_change"}}
{"_local_timestamp": "2026-01-25T23:42:04.902798+00:00", "data": {"market": "0xd2100e0d91e6b997e6c2b0c4c46d12613ccfa44ddd834efc2012845aa843718b", "price_changes": [{"asset_id": "28891039533982830451513821956382805935153735655153773459467211307411446402774", "price": "0.12", "size": "9.74", "side": "BUY", "hash": "caac25f83d7a16a2c77d0d35b025532df821be10", "best_bid": "0.16", "best_ask": "0.84"}, {"asset_id": "39007255559095482880929764963674109227477798450199182036142529166916699302695", "price": "0.88", "size": "9.74", "side": "SELL", "hash": "fb8e2e6f89780aca95c3fdaada02eb80314f924a", "best_bid": "0.16", "best_ask": "0.84"}], "timestamp": "1769384524836", "event_type": "price_change"}}
{"_local_timestamp": "2026-01-25T23:42:17.644714+00:00", "data": {"market": "0xd2100e0d91e6b997e6c2b0c4c46d12613ccfa44ddd834efc2012845aa843718b", "price_changes": [{"asset_id": "39007255559095482880929764963674109227477798450199182036142529166916699302695", "price": "0.11", "size": "7.62", "side": "BUY", "hash": "39c27d59ad622e517f34feb7fa3d3d744aeda454", "best_bid": "0.16", "best_ask": "0.84"}, {"asset_id": "28891039533982830451513821956382805935153735655153773459467211307411446402774", "price": "0.89", "size": "7.62", "side": "SELL", "hash": "02ccec030faecfd91e902df028d3fa4c0bea679b", "best_bid": "0.16", "best_ask": "0.84"}], "timestamp": "1769384537557", "event_type": "price_change"}}
{"_local_timestamp": "2026-01-25T23:42:18.116056+00:00", "data": {"market": "0xd2100e0d91e6b997e6c2b0c4c46d12613ccfa44ddd834efc2012845aa843718b", "price_changes": [{"asset_id": "39007255559095482880929764963674109227477798450199182036142529166916699302695", "price": "0.11", "size": "16.77", "side": "BUY", "hash": "a0bda445cce575343807db770887f5c4ed3e2e98", "best_bid": "0.16", "best_ask": "0.84"}, {"asset_id": "28891039533982830451513821956382805935153735655153773459467211307411446402774", "price": "0.89", "size": "16.77", "side": "SELL", "hash": "35ae1f5abbc49f54d175150aea91336748045039", "best_bid": "0.16", "best_ask": "0.84"}], "timestamp": "1769384538011", "event_type": "price_change"}}
{"_local_timestamp": "2026-01-25T23:42:34.708758+00:00", "data": {"market": "0xd2100e0d91e6b997e6c2b0c4c46d12613ccfa44ddd834efc2012845aa843718b", "price_changes": [{"asset_id": "28891039533982830451513821956382805935153735655153773459467211307411446402774", "price": "0.11", "size": "0", "side": "BUY", "hash": "6fc7f6dc69491c12023fb1eaebb783ff79994f67", "best_bid": "0.16", "best_ask": "0.84"}, {"asset_id": "39007255559095482880929764963674109227477798450199182036142529166916699302695", "price": "0.89", "size": "0", "side": "SELL", "hash": "d5fe317be738b63e3a2a589646e4d20490341a77", "best_bid": "0.16", "best_ask": "0.84"}], "timestamp": "1769384554593", "event_type": "price_change"}}
{"_local_timestamp": "2026-01-25T23:42:35.179865+00:00", "data": {"market": "0xd2100e0d91e6b997e6c2b0c4c46d12613ccfa44ddd834efc2012845aa843718b", "price_changes": [{"asset_id": "28891039533982830451513821956382805935153735655153773459467211307411446402774", "price": "0.09", "size": "13.56", "side": "BUY", "hash": "c04e9b3fa3e765a86c2fab582e71c9014bbd8ed4", "best_bid": "0.16", "best_ask": "0.84"}, {"asset_id": "39007255559095482880929764963674109227477798450199182036142529166916699302695", "price": "0.91", "size": "13.56", "side": "SELL", "hash": "9ea344ad1d65274f53752df10335784a1f04bc38", "best_bid": "0.16", "best_ask": "0.84"}], "timestamp": "1769384555063", "event_type": "price_change"}}
{"_local_timestamp": "2026-01-25T23:42:41.002395+00:00", "data": {"market": "0xd2100e0d91e6b997e6c2b0c4c46d12613ccfa44ddd834efc2012845aa843718b", "price_changes": [{"asset_id": "39007255559095482880929764963674109227477798450199182036142529166916699302695", "price": "0.11", "size": "7.62", "side": "BUY", "hash": "c72acd9c97949550029503f1d751e76f2e1c5e37", "best_bid": "0.16", "best_ask": "0.84"}, {"asset_id": "28891039533982830451513821956382805935153735655153773459467211307411446402774", "price": "0.89", "size": "7.62", "side": "SELL", "hash": "6374d741f483fcc9fc90df39a3eb1b020dc70825", "best_bid": "0.16", "best_ask": "0.84"}], "timestamp": "1769384560880", "event_type": "price_change"}}
{"_local_timestamp": "2026-01-25T23:42:41.433077+00:00", "data": {"market": "0xd2100e0d91e6b997e6c2b0c4c46d12613ccfa44ddd834efc2012845aa843718b", "price_changes": [{"asset_id": "39007255559095482880929764963674109227477798450199182036142529166916699302695", "price": "0.11", "size": "16.77", "side": "BUY", "hash": "72d388e0921fecf3f7ff2200021140e2f929c275", "best_bid": "0.16", "best_ask": "0.84"}, {"asset_id": "28891039533982830451513821956382805935153735655153773459467211307411446402774", "price": "0.89", "size": "16.77", "side": "SELL", "hash": "1fd1b4dc2e1baca8d949cf19cb0150851326948b", "best_bid": "0.16", "best_ask": "0.84"}], "timestamp": "1769384561298", "event_type": "price_change"}}
{"_local_timestamp": "2026-01-25T23:43:01.913716+00:00", "data": {"market": "0xd2100e0d91e6b997e6c2b0c4c46d12613ccfa44ddd834efc2012845aa843718b", "price_changes": [{"asset_id": "28891039533982830451513821956382805935153735655153773459467211307411446402774", "price": "0.09", "size": "6.04", "side": "BUY", "hash": "50166baaae6404a71679923a1f21d977a46963f7", "best_bid": "0.16", "best_ask": "0.84"}, {"asset_id": "39007255559095482880929764963674109227477798450199182036142529166916699302695", "price": "0.91", "size": "6.04", "side": "SELL", "hash": "613588f24a17042da7a91349bf7b70df2763edcd", "best_bid": "0.16", "best_ask": "0.84"}], "timestamp": "1769384581819", "event_type": "price_change"}}
{"_local_timestamp": "2026-01-25T23:43:01.914315+00:00", "data": {"market": "0xd2100e0d91e6b997e6c2b0c4c46d12613ccfa44ddd834efc2012845aa843718b", "price_changes": [{"asset_id": "28891039533982830451513821956382805935153735655153773459467211307411446402774", "price": "0.12", "size": "0", "side": "BUY", "hash": "50166baaae6404a71679923a1f21d977a46963f7", "best_bid": "0.16", "best_ask": "0.84"}, {"asset_id": "39007255559095482880929764963674109227477798450199182036142529166916699302695", "price": "0.88", "size": "0", "side": "SELL", "hash": "613588f24a17042da7a91349bf7b70df2763edcd", "best_bid": "0.16", "best_ask": "0.84"}], "timestamp": "1769384581819", "event_type": "price_change"}}
{"_local_timestamp": "2026-01-25T23:43:02.301213+00:00", "data": {"market": "0xd2100e0d91e6b997e6c2b0c4c46d12613ccfa44ddd834efc2012845aa843718b", "price_changes": [{"asset_id": "28891039533982830451513821956382805935153735655153773459467211307411446402774", "price": "0.11", "size": "5.61", "side": "BUY", "hash": "649b450cdfb681be07e546afe575dca37fac19c0", "best_bid": "0.16", "best_ask": "0.84"}, {"asset_id": "39007255559095482880929764963674109227477798450199182036142529166916699302695", "price": "0.89", "size": "5.61", "side": "SELL", "hash": "2d61e54c8337eaf0fc2d1d152cbb39c297c3f9ee", "best_bid": "0.16", "best_ask": "0.84"}], "timestamp": "1769384582188", "event_type": "price_change"}}
{"_local_timestamp": "2026-01-25T23:43:02.301705+00:00", "data": {"market": "0xd2100e0d91e6b997e6c2b0c4c46d12613ccfa44ddd834efc2012845aa843718b", "price_changes": [{"asset_id": "28891039533982830451513821956382805935153735655153773459467211307411446402774", "price": "0.13", "size": "9.44", "side": "BUY", "hash": "c7b7659c24098031a2d56652c015a4cf88abdf03", "best_bid": "0.16", "best_ask": "0.84"}, {"asset_id": "39007255559095482880929764963674109227477798450199182036142529166916699302695", "price": "0.87", "size": "9.44", "side": "SELL", "hash": "e4edc589511dd416316331429d9364fe43f51fb3", "best_bid": "0.16", "best_ask": "0.84"}], "timestamp": "1769384582189", "event_type": "price_change"}}
{"_local_timestamp": "2026-01-25T23:43:07.834367+00:00", "data": {"market": "0xd2100e0d91e6b997e6c2b0c4c46d12613ccfa44ddd834efc2012845aa843718b", "price_changes": [{"asset_id": "39007255559095482880929764963674109227477798450199182036142529166916699302695", "price": "0.11", "size": "7.62", "side": "BUY", "hash": "1d6af23a6a912191dcb79ee71c7f86be41bc1878", "best_bid": "0.16", "best_ask": "0.84"}, {"asset_id": "28891039533982830451513821956382805935153735655153773459467211307411446402774", "price": "0.89", "size": "7.62", "side": "SELL", "hash": "8fe9e2c611dd9e1fad738bd633b4f668e1af385c", "best_bid": "0.16", "best_ask": "0.84"}], "timestamp": "1769384587737", "event_type": "price_change"}}
{"_local_timestamp": "2026-01-25T23:43:08.251262+00:00", "data": {"market": "0xd2100e0d91e6b997e6c2b0c4c46d12613ccfa44ddd834efc2012845aa843718b", "price_changes": [{"asset_id": "39007255559095482880929764963674109227477798450199182036142529166916699302695", "price": "0.12", "size": "8.39", "side": "BUY", "hash": "ca4c8b79e3217b0d4174d24e835433c347c3c2eb", "best_bid": "0.16", "best_ask": "0.84"}, {"asset_id": "28891039533982830451513821956382805935153735655153773459467211307411446402774", "price": "0.88", "size": "8.39", "side": "SELL", "hash": "93c7f109357044fa6b7f0520ba7716cb9e2c5cfd", "best_bid": "0.16", "best_ask": "0.84"}], "timestamp": "1769384588162", "event_type": "price_change"}}
{"_local_timestamp": "2026-01-25T23:43:33.986387+00:00", "data": {"market": "0xd2100e0d91e6b997e6c2b0c4c46d12613ccfa44ddd834efc2012845aa843718b", "price_changes": [{"asset_id": "39007255559095482880929764963674109227477798450199182036142529166916699302695", "price": "0.11", "size": "0", "side": "BUY", "hash": "95c67da426857aefb73bd47e72748735f2677b6c", "best_bid": "0.16", "best_ask": "0.84"}, {"asset_id": "28891039533982830451513821956382805935153735655153773459467211307411446402774", "price": "0.89", "size": "0", "side": "SELL", "hash": "e38124169f72ce59264ad77ccc86dc102d75cfbc", "best_bid": "0.16", "best_ask": "0.84"}], "timestamp": "1769384613866", "event_type": "price_change"}}
{"_local_timestamp": "2026-01-25T23:43:34.300496+00:00", "data": {"market": "0xd2100e0d91e6b997e6c2b0c4c46d12613ccfa44ddd834efc2012845aa843718b", "price_changes": [{"asset_id": "39007255559095482880929764963674109227477798450199182036142529166916699302695", "price": "0.09", "size": "15.36", "side": "BUY", "hash": "47bb11f3d3adb4d0e6b2dd018a6b1610ca0de48d", "best_bid": "0.16", "best_ask": "0.84"}, {"asset_id": "28891039533982830451513821956382805935153735655153773459467211307411446402774", "price": "0.91", "size": "15.36", "side": "SELL", "hash": "1c7e92579054ebe4b5b79e345bcbeb8a5e91f913", "best_bid": "0.16", "best_ask": "0.84"}], "timestamp": "1769384614183", "event_type": "price_change"}}
{"_local_timestamp": "2026-01-25T23:43:50.769116+00:00", "data": {"market": "0xd2100e0d91e6b997e6c2b0c4c46d12613ccfa44ddd834efc2012845aa843718b", "price_changes": [{"asset_id": "28891039533982830451513821956382805935153735655153773459467211307411446402774", "price": "0.13", "size": "0", "side": "BUY", "hash": "7181ea76de4ac4b9e1fa507a7bf7e2258fc28bcf", "best_bid": "0.16", "best_ask": "0.84"}, {"asset_id": "39007255559095482880929764963674109227477798450199182036142529166916699302695", "price": "0.87", "size": "0", "side": "SELL", "hash": "8e46e0c0bc7d3e01e2c3fcc429a8e9a6b78ee125", "best_bid": "0.16", "best_ask": "0.84"}], "timestamp": "1769384630610", "event_type": "price_change"}}
{"_local_timestamp": "2026-01-25T23:43:51.570981+00:00", "data": {"market": "0xd2100e0d91e6b997e6c2b0c4c46d12613ccfa44ddd834efc2012845aa843718b", "price_changes": [{"asset_id": "28891039533982830451513821956382805935153735655153773459467211307411446402774", "price": "0.14", "size": "8.77", "side": "BUY", "hash": "82a83865ee81dc5b2e868c0429351c51a64aab89", "best_bid": "0.16", "best_ask": "0.84"}, {"asset_id": "39007255559095482880929764963674109227477798450199182036142529166916699302695", "price": "0.86", "size": "8.77", "side": "SELL", "hash": "716b05c5e201309e647c945b0d3b57617d2687e0", "best_bid": "0.16", "best_ask": "0.84"}], "timestamp": "1769384631015", "event_type": "price_change"}}
{"_local_timestamp": "2026-01-25T23:44:00.187708+00:00", "data": {"market": "0xd2100e0d91e6b997e6c2b0c4c46d12613ccfa44ddd834efc2012845aa843718b", "price_changes": [{"asset_id": "39007255559095482880929764963674109227477798450199182036142529166916699302695", "price": "0.09", "size": "6.04", "side": "BUY", "hash": "5eff6ced895ab8b2924c75bfbbab3a384ae94005", "best_bid": "0.16", "best_ask": "0.84"}, {"asset_id": "28891039533982830451513821956382805935153735655153773459467211307411446402774", "price": "0.91", "size": "6.04", "side": "SELL", "hash": "660bff0ee92428d2d10900f7534dcacd7bfb4128", "best_bid": "0.16", "best_ask": "0.84"}], "timestamp": "1769384640036", "event_type": "price_change"}}
{"_local_timestamp": "2026-01-25T23:44:00.188269+00:00", "data": {"market": "0xd2100e0d91e6b997e6c2b0c4c46d12613ccfa44ddd834efc2012845aa843718b", "price_changes": [{"asset_id": "39007255559095482880929764963674109227477798450199182036142529166916699302695", "price": "0.12", "size": "0", "side": "BUY", "hash": "5eff6ced895ab8b2924c75bfbbab3a384ae94005", "best_bid": "0.16", "best_ask": "0.84"}, {"asset_id": "28891039533982830451513821956382805935153735655153773459467211307411446402774", "price": "0.88", "size": "0", "side": "SELL", "hash": "660bff0ee92428d2d10900f7534dcacd7bfb4128", "best_bid": "0.16", "best_ask": "0.84"}], "timestamp": "1769384640036", "event_type": "price_change"}}
{"_local_timestamp": "2026-01-25T23:44:00.853869+00:00", "data": {"market": "0xd2100e0d91e6b997e6c2b0c4c46d12613ccfa44ddd834efc2012845aa843718b", "price_changes": [{"asset_id": "39007255559095482880929764963674109227477798450199182036142529166916699302695", "price": "0.11", "size": "7.15", "side": "BUY", "hash": "6f72ad538b8b0c93577d752407c6a50763b2e1c0", "best_bid": "0.16", "best_ask": "0.84"}, {"asset_id": "28891039533982830451513821956382805935153735655153773459467211307411446402774", "price": "0.89", "size": "7.15", "side": "SELL", "hash": "edfb0c186d05db6a68ed2655c4ab5b064189b220", "best_bid": "0.16", "best_ask": "0.84"}], "timestamp": "1769384640708", "event_type": "price_change"}}
{"_local_timestamp": "2026-01-25T23:44:00.861804+00:00", "data": {"market": "0xd2100e0d91e6b997e6c2b0c4c46d12613ccfa44ddd834efc2012845aa843718b", "price_changes": [{"asset_id": "39007255559095482880929764963674109227477798450199182036142529166916699302695", "price": "0.13", "size": "8.13", "side": "BUY", "hash": "b16df343b1759e8d881e0351780df498f79ad6ce", "best_bid": "0.16", "best_ask": "0.84"}, {"asset_id": "28891039533982830451513821956382805935153735655153773459467211307411446402774", "price": "0.87", "size": "8.13", "side": "SELL", "hash": "10bbddd633c80232426296c00ac2614a7de73c34", "best_bid": "0.16", "best_ask": "0.84"}], "timestamp": "1769384640709", "event_type": "price_change"}}
{"_local_timestamp": "2026-01-25T23:44:20.236376+00:00", "data": {"market": "0xd2100e0d91e6b997e6c2b0c4c46d12613ccfa44ddd834efc2012845aa843718b", "price_changes": [{"asset_id": "28891039533982830451513821956382805935153735655153773459467211307411446402774", "price": "0.14", "size": "0", "side": "BUY", "hash": "3894a42ed387ed378947d2ca0b3201cca80966d6", "best_bid": "0.16", "best_ask": "0.84"}, {"asset_id": "39007255559095482880929764963674109227477798450199182036142529166916699302695", "price": "0.86", "size": "0", "side": "SELL", "hash": "43d2f61232f2b9922ab59bf5c014e26952c44059", "best_bid": "0.16", "best_ask": "0.84"}], "timestamp": "1769384659972", "event_type": "price_change"}}
{"_local_timestamp": "2026-01-25T23:44:20.597018+00:00", "data": {"market": "0xd2100e0d91e6b997e6c2b0c4c46d12613ccfa44ddd834efc2012845aa843718b", "price_changes": [{"asset_id": "28891039533982830451513821956382805935153735655153773459467211307411446402774", "price": "0.11", "size": "16.77", "side": "BUY", "hash": "05e534c4d05a52af87ff6735b2dad0332233b8ac", "best_bid": "0.16", "best_ask": "0.84"}, {"asset_id": "39007255559095482880929764963674109227477798450199182036142529166916699302695", "price": "0.89", "size": "16.77", "side": "SELL", "hash": "1b993e3446a8a5ed580d1adf82d4a5293c7c0d63", "best_bid": "0.16", "best_ask": "0.84"}], "timestamp": "1769384660333", "event_type": "price_change"}}
{"_local_timestamp": "2026-01-25T23:44:30.054742+00:00", "data": {"market": "0xd2100e0d91e6b997e6c2b0c4c46d12613ccfa44ddd834efc2012845aa843718b", "price_changes": [{"asset_id": "39007255559095482880929764963674109227477798450199182036142529166916699302695", "price": "0.13", "size": "0", "side": "BUY", "hash": "11531eb1f603f02243fed08765668004afcb389c", "best_bid": "0.16", "best_ask": "0.84"}, {"asset_id": "28891039533982830451513821956382805935153735655153773459467211307411446402774", "price": "0.87", "size": "0", "side": "SELL", "hash": "503e36b57e08629ec7062cd98b48ab06c7ad7278", "best_bid": "0.16", "best_ask": "0.84"}], "timestamp": "1769384669778", "event_type": "price_change"}}
{"_local_timestamp": "2026-01-25T23:44:30.576264+00:00", "data": {"market": "0xd2100e0d91e6b997e6c2b0c4c46d12613ccfa44ddd834efc2012845aa843718b", "price_changes": [{"asset_id": "39007255559095482880929764963674109227477798450199182036142529166916699302695", "price": "0.14", "size": "7.56", "side": "BUY", "hash": "0f190efa064ee9e3a6c506480f9784b33f9d7c5c", "best_bid": "0.16", "best_ask": "0.84"}, {"asset_id": "28891039533982830451513821956382805935153735655153773459467211307411446402774", "price": "0.86", "size": "7.56", "side": "SELL", "hash": "f5e91d1364e6b7d8e9e7a218bbc67e05e47a90c1", "best_bid": "0.16", "best_ask": "0.84"}], "timestamp": "1769384670294", "event_type": "price_change"}}
{"_local_timestamp": "2026-01-25T23:44:48.328139+00:00", "data": {"market": "0xd2100e0d91e6b997e6c2b0c4c46d12613ccfa44ddd834efc2012845aa843718b", "price_changes": [{"asset_id": "28891039533982830451513821956382805935153735655153773459467211307411446402774", "price": "0.11", "size": "5.61", "side": "BUY", "hash": "11c25ccc6d62e1ae9e2d1fff2e7d9367e49c08ab", "best_bid": "0.16", "best_ask": "0.84"}, {"asset_id": "39007255559095482880929764963674109227477798450199182036142529166916699302695", "price": "0.89", "size": "5.61", "side": "SELL", "hash": "365377597e50cb9de2f6884ae395c8831d3e09d9", "best_bid": "0.16", "best_ask": "0.84"}], "timestamp": "1769384688156", "event_type": "price_change"}}
{"_local_timestamp": "2026-01-25T23:44:48.547394+00:00", "data": {"market": "0xd2100e0d91e6b997e6c2b0c4c46d12613ccfa44ddd834efc2012845aa843718b", "price_changes": [{"asset_id": "28891039533982830451513821956382805935153735655153773459467211307411446402774", "price": "0.11", "size": "16.77", "side": "BUY", "hash": "38adab2f357fb730b104620f40fbb9a37e9a4af2", "best_bid": "0.16", "best_ask": "0.84"}, {"asset_id": "39007255559095482880929764963674109227477798450199182036142529166916699302695", "price": "0.89", "size": "16.77", "side": "SELL", "hash": "5053d7668cb0b52aac70bd12223b46ba6f928aa5", "best_bid": "0.16", "best_ask": "0.84"}], "timestamp": "1769384688352", "event_type": "price_change"}}
{"_local_timestamp": "2026-01-25T23:44:57.061698+00:00", "data": {"market": "0xd2100e0d91e6b997e6c2b0c4c46d12613ccfa44ddd834efc2012845aa843718b", "price_changes": [{"asset_id": "39007255559095482880929764963674109227477798450199182036142529166916699302695", "price": "0.14", "size": "0", "side": "BUY", "hash": "12daab3b1d65b4a75322a95044da5e1bbc91889a", "best_bid": "0.16", "best_ask": "0.84"}, {"asset_id": "28891039533982830451513821956382805935153735655153773459467211307411446402774", "price": "0.86", "size": "0", "side": "SELL", "hash": "f94cd51b560e39407700feea3f750ea46874fa2c", "best_bid": "0.16", "best_ask": "0.84"}], "timestamp": "1769384696940", "event_type": "price_change"}}
{"_local_timestamp": "2026-01-25T23:44:57.254995+00:00", "data": {"market": "0xd2100e0d91e6b997e6c2b0c4c46d12613ccfa44ddd834efc2012845aa843718b", "price_changes": [{"asset_id": "39007255559095482880929764963674109227477798450199182036142529166916699302695", "price": "0.14", "size": "7.56", "side": "BUY", "hash": "b12c321beb4cfdfaa6ef5fc3a7a8b4f0895312e3", "best_bid": "0.16", "best_ask": "0.84"}, {"asset_id": "28891039533982830451513821956382805935153735655153773459467211307411446402774", "price": "0.86", "size": "7.56", "side": "SELL", "hash": "9784737958757d946dc5b780fa1f955fc85f8e41", "best_bid": "0.16", "best_ask": "0.84"}], "timestamp": "1769384697187", "event_type": "price_change"}}
{"_local_timestamp": "2026-01-25T23:45:21.186119+00:00", "data": {"market": "0xd2100e0d91e6b997e6c2b0c4c46d12613ccfa44ddd834efc2012845aa843718b", "price_changes": [{"asset_id": "28891039533982830451513821956382805935153735655153773459467211307411446402774", "price": "0.11", "size": "5.61", "side": "BUY", "hash": "e27aadd9dd01327c88f3689b8b083d9647bc1be1", "best_bid": "0.16", "best_ask": "0.84"}, {"asset_id": "39007255559095482880929764963674109227477798450199182036142529166916699302695", "price": "0.89", "size": "5.61", "side": "SELL", "hash": "40f75c6ef5a3551d175c4d6fbbf9f6f58d243865", "best_bid": "0.16", "best_ask": "0.84"}], "timestamp": "1769384721113", "event_type": "price_change"}}
{"_local_timestamp": "2026-01-25T23:45:21.713846+00:00", "data": {"market": "0xd2100e0d91e6b997e6c2b0c4c46d12613ccfa44ddd834efc2012845aa843718b", "price_changes": [{"asset_id": "28891039533982830451513821956382805935153735655153773459467211307411446402774", "price": "0.12", "size": "10.23", "side": "BUY", "hash": "cb244504a2bba5e58738f742dc3f67f81b17d441", "best_bid": "0.16", "best_ask": "0.84"}, {"asset_id": "39007255559095482880929764963674109227477798450199182036142529166916699302695", "price": "0.88", "size": "10.23", "side": "SELL", "hash": "457a5d0af42e5c131979a41e7574e12f78324eff", "best_bid": "0.16", "best_ask": "0.84"}], "timestamp": "1769384721648", "event_type": "price_change"}}
{"_local_timestamp": "2026-01-25T23:45:28.198675+00:00", "data": {"market": "0xd2100e0d91e6b997e6c2b0c4c46d12613ccfa44ddd834efc2012845aa843718b", "price_changes": [{"asset_id": "39007255559095482880929764963674109227477798450199182036142529166916699302695", "price": "0.14", "size": "0", "side": "BUY", "hash": "0db6eaacf5290a1e66cdc93d4595b26d06f90dba", "best_bid": "0.16", "best_ask": "0.84"}, {"asset_id": "28891039533982830451513821956382805935153735655153773459467211307411446402774", "price": "0.86", "size": "0", "side": "SELL", "hash": "ad8cbcd75d8b5b19e14297088d52b87dd896872a", "best_bid": "0.16", "best_ask": "0.84"}], "timestamp": "1769384728124", "event_type": "price_change"}}
{"_local_timestamp": "2026-01-25T23:45:28.730850+00:00", "data": {"market": "0xd2100e0d91e6b997e6c2b0c4c46d12613ccfa44ddd834efc2012845aa843718b", "price_changes": [{"asset_id": "39007255559095482880929764963674109227477798450199182036142529166916699302695", "price": "0.11", "size": "16.77", "side": "BUY", "hash": "2cf4d3dd903906d8b1d73d8b66dddfae48e89eee", "best_bid": "0.16", "best_ask": "0.84"}, {"asset_id": "28891039533982830451513821956382805935153735655153773459467211307411446402774", "price": "0.89", "size": "16.77", "side": "SELL", "hash": "32dca672813b810993b95ba56b134404e5f56538", "best_bid": "0.16", "best_ask": "0.84"}], "timestamp": "1769384728662", "event_type": "price_change"}}
{"_local_timestamp": "2026-01-25T23:45:49.989010+00:00", "data": {"market": "0xd2100e0d91e6b997e6c2b0c4c46d12613ccfa44ddd834efc2012845aa843718b", "price_changes": [{"asset_id": "28891039533982830451513821956382805935153735655153773459467211307411446402774", "price": "0.11", "size": "0", "side": "BUY", "hash": "5e759b46221cf526e31ea7b3503842fd42fbde4c", "best_bid": "0.16", "best_ask": "0.84"}, {"asset_id": "39007255559095482880929764963674109227477798450199182036142529166916699302695", "price": "0.89", "size": "0", "side": "SELL", "hash": "bd41c10089c46722910d59080dfa833f8aeffc2e", "best_bid": "0.16", "best_ask": "0.84"}], "timestamp": "1769384749927", "event_type": "price_change"}}
{"_local_timestamp": "2026-01-25T23:45:50.940977+00:00", "data": {"market": "0xd2100e0d91e6b997e6c2b0c4c46d12613ccfa44ddd834efc2012845aa843718b", "price_changes": [{"asset_id": "28891039533982830451513821956382805935153735655153773459467211307411446402774", "price": "0.09", "size": "12.9", "side": "BUY", "hash": "2555ce88dd077417917f4d25875892384fb00642", "best_bid": "0.16", "best_ask": "0.84"}, {"asset_id": "39007255559095482880929764963674109227477798450199182036142529166916699302695", "price": "0.91", "size": "12.9", "side": "SELL", "hash": "e83c353bd85e4c5cfbc42512d51435cfb0b5dc81", "best_bid": "0.16", "best_ask": "0.84"}], "timestamp": "1769384750878", "event_type": "price_change"}}
{"_local_timestamp": "2026-01-25T23:45:58.343058+00:00", "data": {"market": "0xd2100e0d91e6b997e6c2b0c4c46d12613ccfa44ddd834efc2012845aa843718b", "price_changes": [{"asset_id": "39007255559095482880929764963674109227477798450199182036142529166916699302695", "price": "0.11", "size": "7.15", "side": "BUY", "hash": "a9eafcef6979a2f5d3f76871148a8d548dcd4792", "best_bid": "0.16", "best_ask": "0.84"}, {"asset_id": "28891039533982830451513821956382805935153735655153773459467211307411446402774", "price": "0.89", "size": "7.15", "side": "SELL", "hash": "c6a72e71b0eef2c9e625a438599332adbbcf0fe4", "best_bid": "0.16", "best_ask": "0.84"}], "timestamp": "1769384758267", "event_type": "price_change"}}
{"_local_timestamp": "2026-01-25T23:45:58.914444+00:00", "data": {"market": "0xd2100e0d91e6b997e6c2b0c4c46d12613ccfa44ddd834efc2012845aa843718b", "price_changes": [{"asset_id": "39007255559095482880929764963674109227477798450199182036142529166916699302695", "price": "0.11", "size": "16.77", "side": "BUY", "hash": "61166700c7255f462725e183a3d2dcb9d72b4f41", "best_bid": "0.16", "best_ask": "0.84"}, {"asset_id": "28891039533982830451513821956382805935153735655153773459467211307411446402774", "price": "0.89", "size": "16.77", "side": "SELL", "hash": "ce82d91777792e4fdcb0611ba681062671133de8", "best_bid": "0.16", "best_ask": "0.84"}], "timestamp": "1769384758847", "event_type": "price_change"}}
{"_local_timestamp": "2026-01-25T23:46:14.956418+00:00", "data": {"market": "0xd2100e0d91e6b997e6c2b0c4c46d12613ccfa44ddd834efc2012845aa843718b", "price_changes": [{"asset_id": "28891039533982830451513821956382805935153735655153773459467211307411446402774", "price": "0.09", "size": "6.04", "side": "BUY", "hash": "a2fc623591646424b92d6efec5965695cac72659", "best_bid": "0.16", "best_ask": "0.84"}, {"asset_id": "39007255559095482880929764963674109227477798450199182036142529166916699302695", "price": "0.91", "size": "6.04", "side": "SELL", "hash": "215b19882f9c9fe50d329f2d08559889885f91f4", "best_bid": "0.16", "best_ask": "0.84"}], "timestamp": "1769384774886", "event_type": "price_change"}}
{"_local_timestamp": "2026-01-25T23:46:15.353740+00:00", "data": {"market": "0xd2100e0d91e6b997e6c2b0c4c46d12613ccfa44ddd834efc2012845aa843718b", "price_changes": [{"asset_id": "28891039533982830451513821956382805935153735655153773459467211307411446402774", "price": "0.09", "size": "12.9", "side": "BUY", "hash": "6f20a41c538cb39c8e028f075147e827df28f512", "best_bid": "0.16", "best_ask": "0.84"}, {"asset_id": "39007255559095482880929764963674109227477798450199182036142529166916699302695", "price": "0.91", "size": "12.9", "side": "SELL", "hash": "2008978d35dbf447884d9e5fd57d2c17034e3fb2", "best_bid": "0.16", "best_ask": "0.84"}], "timestamp": "1769384775278", "event_type": "price_change"}}
{"_local_timestamp": "2026-01-25T23:46:21.979103+00:00", "data": {"market": "0xd2100e0d91e6b997e6c2b0c4c46d12613ccfa44ddd834efc2012845aa843718b", "price_changes": [{"asset_id": "39007255559095482880929764963674109227477798450199182036142529166916699302695", "price": "0.11", "size": "7.15", "side": "BUY", "hash": "51c99a60e25d96dd54fea97aad24678041f8fcd4", "best_bid": "0.16", "best_ask": "0.84"}, {"asset_id": "28891039533982830451513821956382805935153735655153773459467211307411446402774", "price": "0.89", "size": "7.15", "side": "SELL", "hash": "08957844d5e55831c9aa572dae07bb6f54008d97", "best_bid": "0.16", "best_ask": "0.84"}], "timestamp": "1769384781912", "event_type": "price_change"}}
{"_local_timestamp": "2026-01-25T23:46:22.467466+00:00", "data": {"market": "0xd2100e0d91e6b997e6c2b0c4c46d12613ccfa44ddd834efc2012845aa843718b", "price_changes": [{"asset_id": "39007255559095482880929764963674109227477798450199182036142529166916699302695", "price": "0.11", "size": "16.77", "side": "BUY", "hash": "ed2f9ae595393ef5328839dfa125365b87d0b013", "best_bid": "0.16", "best_ask": "0.84"}, {"asset_id": "28891039533982830451513821956382805935153735655153773459467211307411446402774", "price": "0.89", "size": "16.77", "side": "SELL", "hash": "f122e69cd9d825724708b142a117ef6f3831f028", "best_bid": "0.16", "best_ask": "0.84"}], "timestamp": "1769384782404", "event_type": "price_change"}}
{"_local_timestamp": "2026-01-25T23:46:51.768463+00:00", "data": {"market": "0xd2100e0d91e6b997e6c2b0c4c46d12613ccfa44ddd834efc2012845aa843718b", "price_changes": [{"asset_id": "28891039533982830451513821956382805935153735655153773459467211307411446402774", "price": "0.09", "size": "6.04", "side": "BUY", "hash": "3c5a5e16bfdd03b5e51fbc76ba4ae26d7f88066a", "best_bid": "0.16", "best_ask": "0.84"}, {"asset_id": "39007255559095482880929764963674109227477798450199182036142529166916699302695", "price": "0.91", "size": "6.04", "side": "SELL", "hash": "bbf12a190c1ee7e380212fa0993d46b73092dbc2", "best_bid": "0.16", "best_ask": "0.84"}], "timestamp": "1769384811550", "event_type": "price_change"}}
{"_local_timestamp": "2026-01-25T23:46:51.769115+00:00", "data": {"market": "0xd2100e0d91e6b997e6c2b0c4c46d12613ccfa44ddd834efc2012845aa843718b", "price_changes": [{"asset_id": "28891039533982830451513821956382805935153735655153773459467211307411446402774", "price": "0.12", "size": "0", "side": "BUY", "hash": "3c5a5e16bfdd03b5e51fbc76ba4ae26d7f88066a", "best_bid": "0.16", "best_ask": "0.84"}, {"asset_id": "39007255559095482880929764963674109227477798450199182036142529166916699302695", "price": "0.88", "size": "0", "side": "SELL", "hash": "bbf12a190c1ee7e380212fa0993d46b73092dbc2", "best_bid": "0.16", "best_ask": "0.84"}], "timestamp": "1769384811550", "event_type": "price_change"}}
{"_local_timestamp": "2026-01-25T23:46:51.830828+00:00", "data": {"market": "0xd2100e0d91e6b997e6c2b0c4c46d12613ccfa44ddd834efc2012845aa843718b", "price_changes": [{"asset_id": "28891039533982830451513821956382805935153735655153773459467211307411446402774", "price": "0.13", "size": "9.66", "side": "BUY", "hash": "9275671509e9f99c5895a3bc653881c0a22d1559", "best_bid": "0.16", "best_ask": "0.84"}, {"asset_id": "39007255559095482880929764963674109227477798450199182036142529166916699302695", "price": "0.87", "size": "9.66", "side": "SELL", "hash": "1ae0f31b19934857933759b1d988ed0877d486cd", "best_bid": "0.16", "best_ask": "0.84"}], "timestamp": "1769384811759", "event_type": "price_change"}}
{"_local_timestamp": "2026-01-25T23:46:51.831482+00:00", "data": {"market": "0xd2100e0d91e6b997e6c2b0c4c46d12613ccfa44ddd834efc2012845aa843718b", "price_changes": [{"asset_id": "28891039533982830451513821956382805935153735655153773459467211307411446402774", "price": "0.09", "size": "12.58", "side": "BUY", "hash": "428b045088367e1bf3ef0bd8ed0871eb61915384", "best_bid": "0.16", "best_ask": "0.84"}, {"asset_id": "39007255559095482880929764963674109227477798450199182036142529166916699302695", "price": "0.91", "size": "12.58", "side": "SELL", "hash": "888762372acaadbb3c5538ed49c08bd1e8056eda", "best_bid": "0.16", "best_ask": "0.84"}], "timestamp": "1769384811760", "event_type": "price_change"}}
{"_local_timestamp": "2026-01-25T23:47:04.261697+00:00", "data": {"market": "0xd2100e0d91e6b997e6c2b0c4c46d12613ccfa44ddd834efc2012845aa843718b", "price_changes": [{"asset_id": "39007255559095482880929764963674109227477798450199182036142529166916699302695", "price": "0.11", "size": "7.15", "side": "BUY", "hash": "c3ae34da08684e7cbef9e4d6095a402cd43c336a", "best_bid": "0.16", "best_ask": "0.84"}, {"asset_id": "28891039533982830451513821956382805935153735655153773459467211307411446402774", "price": "0.89", "size": "7.15", "side": "SELL", "hash": "84f7b39ba16f8afb34df25dcbde24fd04c89c01e", "best_bid": "0.16", "best_ask": "0.84"}], "timestamp": "1769384824181", "event_type": "price_change"}}
{"_local_timestamp": "2026-01-25T23:47:04.468038+00:00", "data": {"market": "0xd2100e0d91e6b997e6c2b0c4c46d12613ccfa44ddd834efc2012845aa843718b", "price_changes": [{"asset_id": "39007255559095482880929764963674109227477798450199182036142529166916699302695", "price": "0.12", "size": "8.82", "side": "BUY", "hash": "fd921e7e793f713a94b801d44d77cb6275142d43", "best_bid": "0.16", "best_ask": "0.84"}, {"asset_id": "28891039533982830451513821956382805935153735655153773459467211307411446402774", "price": "0.88", "size": "8.82", "side": "SELL", "hash": "54da03e5879b17ccf198a614c3e97e5731080897", "best_bid": "0.16", "best_ask": "0.84"}], "timestamp": "1769384824401", "event_type": "price_change"}}
{"_local_timestamp": "2026-01-25T23:47:28.798141+00:00", "data": {"market": "0xd2100e0d91e6b997e6c2b0c4c46d12613ccfa44ddd834efc2012845aa843718b", "price_changes": [{"asset_id": "39007255559095482880929764963674109227477798450199182036142529166916699302695", "price": "0.11", "size": "0", "side": "BUY", "hash": "bc5ef8c37a3b1aabe94d4c5bfb8e59dd139f9e69", "best_bid": "0.16", "best_ask": "0.84"}, {"asset_id": "28891039533982830451513821956382805935153735655153773459467211307411446402774", "price": "0.89", "size": "0", "side": "SELL", "hash": "5c8494c3dca0c14977eddc8ed743e888f354133a", "best_bid": "0.16", "best_ask": "0.84"}], "timestamp": "1769384848732", "event_type": "price_change"}}
{"_local_timestamp": "2026-01-25T23:47:29.185424+00:00", "data": {"market": "0xd2100e0d91e6b997e6c2b0c4c46d12613ccfa44ddd834efc2012845aa843718b", "price_changes": [{"asset_id": "39007255559095482880929764963674109227477798450199182036142529166916699302695", "price": "0.09", "size": "14.78", "side": "BUY", "hash": "5d4801ed67a9c86b547774cde3ec67c7381443e3", "best_bid": "0.16", "best_ask": "0.84"}, {"asset_id": "28891039533982830451513821956382805935153735655153773459467211307411446402774", "price": "0.91", "size": "14.78", "side": "SELL", "hash": "4f76e7e92eb489db52058182f6724017517a2091", "best_bid": "0.16", "best_ask": "0.84"}], "timestamp": "1769384849121", "event_type": "price_change"}}
{"_local_timestamp": "2026-01-25T23:47:54.896391+00:00", "data": {"market": "0xd2100e0d91e6b997e6c2b0c4c46d12613ccfa44ddd834efc2012845aa843718b", "price_changes": [{"asset_id": "39007255559095482880929764963674109227477798450199182036142529166916699302695", "price": "0.09", "size": "6.04", "side": "BUY", "hash": "e076f293fd25eb94849e15bdb4372d50988df26c", "best_bid": "0.16", "best_ask": "0.84"}, {"asset_id": "28891039533982830451513821956382805935153735655153773459467211307411446402774", "price": "0.91", "size": "6.04", "side": "SELL", "hash": "09f138ec2c86cd6c0552e2b0bbc45ba7de60b5ab", "best_bid": "0.16", "best_ask": "0.84"}], "timestamp": "1769384874832", "event_type": "price_change"}}
{"_local_timestamp": "2026-01-25T23:47:55.293641+00:00", "data": {"market": "0xd2100e0d91e6b997e6c2b0c4c46d12613ccfa44ddd834efc2012845aa843718b", "price_changes": [{"asset_id": "39007255559095482880929764963674109227477798450199182036142529166916699302695", "price": "0.09", "size": "14.78", "side": "BUY", "hash": "e23c68ed22a110c2bf4bd723cbbc5249cf519576", "best_bid": "0.16", "best_ask": "0.84"}, {"asset_id": "28891039533982830451513821956382805935153735655153773459467211307411446402774", "price": "0.91", "size": "14.78", "side": "SELL", "hash": "5375a879b861471256e4e79bd645bc1874339561", "best_bid": "0.16", "best_ask": "0.84"}], "timestamp": "1769384875222", "event_type": "price_change"}}
{"_local_timestamp": "2026-01-25T23:48:33.521784+00:00", "data": {"market": "0xd2100e0d91e6b997e6c2b0c4c46d12613ccfa44ddd834efc2012845aa843718b", "price_changes": [{"asset_id": "28891039533982830451513821956382805935153735655153773459467211307411446402774", "price": "0.09", "size": "6.04", "side": "BUY", "hash": "30a6624406b6ac8e3320bf5d205d63c764eb6332", "best_bid": "0.16", "best_ask": "0.84"}, {"asset_id": "39007255559095482880929764963674109227477798450199182036142529166916699302695", "price": "0.91", "size": "6.04", "side": "SELL", "hash": "1c34377958a580fc5ea51879102ea404ba2524d0", "best_bid": "0.16", "best_ask": "0.84"}], "timestamp": "1769384913435", "event_type": "price_change"}}
{"_local_timestamp": "2026-01-25T23:48:33.522722+00:00", "data": {"market": "0xd2100e0d91e6b997e6c2b0c4c46d12613ccfa44ddd834efc2012845aa843718b", "price_changes": [{"asset_id": "28891039533982830451513821956382805935153735655153773459467211307411446402774", "price": "0.13", "size": "0", "side": "BUY", "hash": "30a6624406b6ac8e3320bf5d205d63c764eb6332", "best_bid": "0.16", "best_ask": "0.84"}, {"asset_id": "39007255559095482880929764963674109227477798450199182036142529166916699302695", "price": "0.87", "size": "0", "side": "SELL", "hash": "1c34377958a580fc5ea51879102ea404ba2524d0", "best_bid": "0.16", "best_ask": "0.84"}], "timestamp": "1769384913435", "event_type": "price_change"}}
{"_local_timestamp": "2026-01-25T23:48:33.945160+00:00", "data": {"market": "0xd2100e0d91e6b997e6c2b0c4c46d12613ccfa44ddd834efc2012845aa843718b", "price_changes": [{"asset_id": "28891039533982830451513821956382805935153735655153773459467211307411446402774", "price": "0.14", "size": "7.19", "side": "BUY", "hash": "354551db3876e7953ef01216049f96ad3ec6db98", "best_bid": "0.16", "best_ask": "0.84"}, {"asset_id": "39007255559095482880929764963674109227477798450199182036142529166916699302695", "price": "0.86", "size": "7.19", "side": "SELL", "hash": "517d32d6bf3894125708bb045d577658eff1df5a", "best_bid": "0.16", "best_ask": "0.84"}], "timestamp": "1769384913853", "event_type": "price_change"}}
{"_local_timestamp": "2026-01-25T23:48:33.945747+00:00", "data": {"market": "0xd2100e0d91e6b997e6c2b0c4c46d12613ccfa44ddd834efc2012845aa843718b", "price_changes": [{"asset_id": "28891039533982830451513821956382805935153735655153773459467211307411446402774", "price": "0.11", "size": "7.62", "side": "BUY", "hash": "82259d5a75f074bb19797313547a0fee72cbb19c", "best_bid": "0.16", "best_ask": "0.84"}, {"asset_id": "39007255559095482880929764963674109227477798450199182036142529166916699302695", "price": "0.89", "size": "7.62", "side": "SELL", "hash": "24b054920c761d4f0fd6f4d9706db9a38c548f5b", "best_bid": "0.16", "best_ask": "0.84"}], "timestamp": "1769384913854", "event_type": "price_change"}}
{"_local_timestamp": "2026-01-25T23:48:33.969018+00:00", "data": {"market": "0xd2100e0d91e6b997e6c2b0c4c46d12613ccfa44ddd834efc2012845aa843718b", "price_changes": [{"asset_id": "39007255559095482880929764963674109227477798450199182036142529166916699302695", "price": "0.09", "size": "6.04", "side": "BUY", "hash": "39feb97e603a234107a40396ec28c1ecfa85bfbb", "best_bid": "0.16", "best_ask": "0.84"}, {"asset_id": "28891039533982830451513821956382805935153735655153773459467211307411446402774", "price": "0.91", "size": "6.04", "side": "SELL", "hash": "e18dd4962e0162d230f50360f01a0ebce9da9b50", "best_bid": "0.16", "best_ask": "0.84"}], "timestamp": "1769384913888", "event_type": "price_change"}}
{"_local_timestamp": "2026-01-25T23:48:33.969553+00:00", "data": {"market": "0xd2100e0d91e6b997e6c2b0c4c46d12613ccfa44ddd834efc2012845aa843718b", "price_changes": [{"asset_id": "39007255559095482880929764963674109227477798450199182036142529166916699302695", "price": "0.12", "size": "0", "side": "BUY", "hash": "39feb97e603a234107a40396ec28c1ecfa85bfbb", "best_bid": "0.16", "best_ask": "0.84"}, {"asset_id": "28891039533982830451513821956382805935153735655153773459467211307411446402774", "price": "0.88", "size": "0", "side": "SELL", "hash": "e18dd4962e0162d230f50360f01a0ebce9da9b50", "best_bid": "0.16", "best_ask": "0.84"}], "timestamp": "1769384913888", "event_type": "price_change"}}
{"_local_timestamp": "2026-01-25T23:48:34.441882+00:00", "data": {"market": "0xd2100e0d91e6b997e6c2b0c4c46d12613ccfa44ddd834efc2012845aa843718b", "price_changes": [{"asset_id": "39007255559095482880929764963674109227477798450199182036142529166916699302695", "price": "0.13", "size": "8.55", "side": "BUY", "hash": "7d01596ee40ad3c625b560da9de8d4aa0db9eef1", "best_bid": "0.16", "best_ask": "0.84"}, {"asset_id": "28891039533982830451513821956382805935153735655153773459467211307411446402774", "price": "0.87", "size": "8.55", "side": "SELL", "hash": "ab243dc52cc5509e05a0d5909413ca9a3525e9d1", "best_bid": "0.16", "best_ask": "0.84"}], "timestamp": "1769384914362", "event_type": "price_change"}}
{"_local_timestamp": "2026-01-25T23:48:34.442518+00:00", "data": {"market": "0xd2100e0d91e6b997e6c2b0c4c46d12613ccfa44ddd834efc2012845aa843718b", "price_changes": [{"asset_id": "39007255559095482880929764963674109227477798450199182036142529166916699302695", "price": "0.11", "size": "6.66", "side": "BUY", "hash": "87fbc8f87ef7959738342c691cb40b14efcea4bd", "best_bid": "0.16", "best_ask": "0.84"}, {"asset_id": "28891039533982830451513821956382805935153735655153773459467211307411446402774", "price": "0.89", "size": "6.66", "side": "SELL", "hash": "6d38d6584bc0f457525ce2416f64dcdd52f643cc", "best_bid": "0.16", "best_ask": "0.84"}], "timestamp": "1769384914363", "event_type": "price_change"}}
{"_local_timestamp": "2026-01-25T23:49:09.609011+00:00", "data": {"market": "0xd2100e0d91e6b997e6c2b0c4c46d12613ccfa44ddd834efc2012845aa843718b", "price_changes": [{"asset_id": "39007255559095482880929764963674109227477798450199182036142529166916699302695", "price": "0.13", "size": "0", "side": "BUY", "hash": "ea51b4ffcedaaab93805156a1b63d95ff6d71b0b", "best_bid": "0.16", "best_ask": "0.84"}, {"asset_id": "28891039533982830451513821956382805935153735655153773459467211307411446402774", "price": "0.87", "size": "0", "side": "SELL", "hash": "916f433f16f9048de72d0a25289d4d6aff8f027c", "best_bid": "0.16", "best_ask": "0.84"}], "timestamp": "1769384949541", "event_type": "price_change"}}
{"_local_timestamp": "2026-01-25T23:49:10.053779+00:00", "data": {"market": "0xd2100e0d91e6b997e6c2b0c4c46d12613ccfa44ddd834efc2012845aa843718b", "price_changes": [{"asset_id": "28891039533982830451513821956382805935153735655153773459467211307411446402774", "price": "0.14", "size": "0", "side": "BUY", "hash": "ddc672a52419944b99def3d5a682c0bd12f80403", "best_bid": "0.16", "best_ask": "0.84"}, {"asset_id": "39007255559095482880929764963674109227477798450199182036142529166916699302695", "price": "0.86", "size": "0", "side": "SELL", "hash": "ad311022e64b7b085678af09f655ac72e345e43e", "best_bid": "0.16", "best_ask": "0.84"}], "timestamp": "1769384949978", "event_type": "price_change"}}
{"_local_timestamp": "2026-01-25T23:49:10.432601+00:00", "data": {"market": "0xd2100e0d91e6b997e6c2b0c4c46d12613ccfa44ddd834efc2012845aa843718b", "price_changes": [{"asset_id": "28891039533982830451513821956382805935153735655153773459467211307411446402774", "price": "0.11", "size": "16.77", "side": "BUY", "hash": "29bb565ae27e0c49130b55c5ec4a5348aa096c75", "best_bid": "0.16", "best_ask": "0.84"}, {"asset_id": "39007255559095482880929764963674109227477798450199182036142529166916699302695", "price": "0.89", "size": "16.77", "side": "SELL", "hash": "caacee9d50a9e6f89d6f091bb2ce6dffd66b1f3d", "best_bid": "0.16", "best_ask": "0.84"}], "timestamp": "1769384950362", "event_type": "price_change"}}
{"_local_timestamp": "2026-01-25T23:49:25.877449+00:00", "data": {"market": "0xd2100e0d91e6b997e6c2b0c4c46d12613ccfa44ddd834efc2012845aa843718b", "price_changes": [{"asset_id": "39007255559095482880929764963674109227477798450199182036142529166916699302695", "price": "0.14", "size": "7.95", "side": "BUY", "hash": "0d43f9ddd669a04728623887d76b3e2313e5d8b8", "best_bid": "0.16", "best_ask": "0.84"}, {"asset_id": "28891039533982830451513821956382805935153735655153773459467211307411446402774", "price": "0.86", "size": "7.95", "side": "SELL", "hash": "6b271472dd672e43e4d383c12eac5bf16887c5f5", "best_bid": "0.16", "best_ask": "0.84"}], "timestamp": "1769384965793", "event_type": "price_change"}}
{"_local_timestamp": "2026-01-25T23:49:46.647461+00:00", "data": {"market": "0xd2100e0d91e6b997e6c2b0c4c46d12613ccfa44ddd834efc2012845aa843718b", "price_changes": [{"asset_id": "28891039533982830451513821956382805935153735655153773459467211307411446402774", "price": "0.11", "size": "7.62", "side": "BUY", "hash": "c6cb5c687d91ee73cfd8b1b431adab3ae7f2bca0", "best_bid": "0.16", "best_ask": "0.84"}, {"asset_id": "39007255559095482880929764963674109227477798450199182036142529166916699302695", "price": "0.89", "size": "7.62", "side": "SELL", "hash": "a8ccc6a4f6342c7b9a901b9bdf56cc5cfdb95e13", "best_bid": "0.16", "best_ask": "0.84"}], "timestamp": "1769384986573", "event_type": "price_change"}}
{"_local_timestamp": "2026-01-25T23:49:46.849715+00:00", "data": {"market": "0xd2100e0d91e6b997e6c2b0c4c46d12613ccfa44ddd834efc2012845aa843718b", "price_changes": [{"asset_id": "28891039533982830451513821956382805935153735655153773459467211307411446402774", "price": "0.12", "size": "8.39", "side": "BUY", "hash": "78900741dbb815941afc0233d46d541782ae3614", "best_bid": "0.16", "best_ask": "0.84"}, {"asset_id": "39007255559095482880929764963674109227477798450199182036142529166916699302695", "price": "0.88", "size": "8.39", "side": "SELL", "hash": "109c186e3cc540038fc8be90033947db4a9b5abb", "best_bid": "0.16", "best_ask": "0.84"}], "timestamp": "1769384986780", "event_type": "price_change"}}
{"_local_timestamp": "2026-01-25T23:50:00.537447+00:00", "data": {"market": "0xd2100e0d91e6b997e6c2b0c4c46d12613ccfa44ddd834efc2012845aa843718b", "price_changes": [{"asset_id": "39007255559095482880929764963674109227477798450199182036142529166916699302695", "price": "0.14", "size": "0", "side": "BUY", "hash": "712e65d59c05f32204858f8d20059de5c3ad38ca", "best_bid": "0.16", "best_ask": "0.84"}, {"asset_id": "28891039533982830451513821956382805935153735655153773459467211307411446402774", "price": "0.86", "size": "0", "side": "SELL", "hash": "6be0193361b915ce495e9e368f35b5e982393a0b", "best_bid": "0.16", "best_ask": "0.84"}], "timestamp": "1769385000464", "event_type": "price_change"}}
{"_local_timestamp": "2026-01-25T23:50:00.896972+00:00", "data": {"market": "0xd2100e0d91e6b997e6c2b0c4c46d12613ccfa44ddd834efc2012845aa843718b", "price_changes": [{"asset_id": "39007255559095482880929764963674109227477798450199182036142529166916699302695", "price": "0.11", "size": "16.77", "side": "BUY", "hash": "a99acf6b09edd27983cf604281c4fb1639b4e409", "best_bid": "0.16", "best_ask": "0.84"}, {"asset_id": "28891039533982830451513821956382805935153735655153773459467211307411446402774", "price": "0.89", "size": "16.77", "side": "SELL", "hash": "1de72a0ae689fb169df658a8d505f2eaaa954b1f", "best_bid": "0.16", "best_ask": "0.84"}], "timestamp": "1769385000820", "event_type": "price_change"}}
{"_local_timestamp": "2026-01-25T23:50:34.587131+00:00", "data": {"market": "0xd2100e0d91e6b997e6c2b0c4c46d12613ccfa44ddd834efc2012845aa843718b", "price_changes": [{"asset_id": "28891039533982830451513821956382805935153735655153773459467211307411446402774", "price": "0.12", "size": "0", "side": "BUY", "hash": "2ad87eb7f7dc27eaf486fee652630b2570242feb", "best_bid": "0.16", "best_ask": "0.84"}, {"asset_id": "39007255559095482880929764963674109227477798450199182036142529166916699302695", "price": "0.88", "size": "0", "side": "SELL", "hash": "6f5a55c71e2fb20e961cee8135d0b67db87a349d", "best_bid": "0.16", "best_ask": "0.84"}], "timestamp": "1769385034391", "event_type": "price_change"}}
{"_local_timestamp": "2026-01-25T23:50:35.042934+00:00", "data": {"market": "0xd2100e0d91e6b997e6c2b0c4c46d12613ccfa44ddd834efc2012845aa843718b", "price_changes": [{"asset_id": "28891039533982830451513821956382805935153735655153773459467211307411446402774", "price": "0.13", "size": "7.75", "side": "BUY", "hash": "61fbf42a4843725215325b5995a6b926c0ab2399", "best_bid": "0.16", "best_ask": "0.84"}, {"asset_id": "39007255559095482880929764963674109227477798450199182036142529166916699302695", "price": "0.87", "size": "7.75", "side": "SELL", "hash": "bda6d59a3618e42ceae288b641f9d2dbf7b75ccf", "best_bid": "0.16", "best_ask": "0.84"}], "timestamp": "1769385034843", "event_type": "price_change"}}
{"_local_timestamp": "2026-01-25T23:50:44.245604+00:00", "data": {"market": "0xd2100e0d91e6b997e6c2b0c4c46d12613ccfa44ddd834efc2012845aa843718b", "price_changes": [{"asset_id": "39007255559095482880929764963674109227477798450199182036142529166916699302695", "price": "0.11", "size": "6.66", "side": "BUY", "hash": "f31efacbb47b7d2d8cfd11c0e02bc5a93ab30ddb", "best_bid": "0.16", "best_ask": "0.84"}, {"asset_id": "28891039533982830451513821956382805935153735655153773459467211307411446402774", "price": "0.89", "size": "6.66", "side": "SELL", "hash": "5f77cbc01d206025734cf3a19b5f32311dd6cfe8", "best_bid": "0.16", "best_ask": "0.84"}], "timestamp": "1769385044135", "event_type": "price_change"}}
{"_local_timestamp": "2026-01-25T23:50:44.556416+00:00", "data": {"market": "0xd2100e0d91e6b997e6c2b0c4c46d12613ccfa44ddd834efc2012845aa843718b", "price_changes": [{"asset_id": "39007255559095482880929764963674109227477798450199182036142529166916699302695", "price": "0.12", "size": "9.27", "side": "BUY", "hash": "b3fb49ee69bd134f8409fad7be29fd4a97a928e2", "best_bid": "0.16", "best_ask": "0.84"}, {"asset_id": "28891039533982830451513821956382805935153735655153773459467211307411446402774", "price": "0.88", "size": "9.27", "side": "SELL", "hash": "38fdce57e468bdce08af0ac4257aa5c3506a4ff6", "best_bid": "0.16", "best_ask": "0.84"}], "timestamp": "1769385044470", "event_type": "price_change"}}
{"_local_timestamp": "2026-01-25T23:51:09.984028+00:00", "data": {"market": "0xd2100e0d91e6b997e6c2b0c4c46d12613ccfa44ddd834efc2012845aa843718b", "price_changes": [{"asset_id": "28891039533982830451513821956382805935153735655153773459467211307411446402774", "price": "0.13", "size": "0", "side": "BUY", "hash": "35481760d9e96f91021d586989c486837bfaf6b8", "best_bid": "0.16", "best_ask": "0.84"}, {"asset_id": "39007255559095482880929764963674109227477798450199182036142529166916699302695", "price": "0.87", "size": "0", "side": "SELL", "hash": "8308682de68199caf592cc88e507d10f4ab5b266", "best_bid": "0.16", "best_ask": "0.84"}], "timestamp": "1769385069912", "event_type": "price_change"}}
{"_local_timestamp": "2026-01-25T23:51:10.442863+00:00", "data": {"market": "0xd2100e0d91e6b997e6c2b0c4c46d12613ccfa44ddd834efc2012845aa843718b", "price_changes": [{"asset_id": "28891039533982830451513821956382805935153735655153773459467211307411446402774", "price": "0.14", "size": "7.19", "side": "BUY", "hash": "47f977bed3528e46fdc345bfd190b64f1f7dd813", "best_bid": "0.16", "best_ask": "0.84"}, {"asset_id": "39007255559095482880929764963674109227477798450199182036142529166916699302695", "price": "0.86", "size": "7.19", "side": "SELL", "hash": "273aa149941dd861a3f4a90b1ebb290c68e8a8c6", "best_bid": "0.16", "best_ask": "0.84"}], "timestamp": "1769385070371", "event_type": "price_change"}}
{"_local_timestamp": "2026-01-25T23:51:23.521807+00:00", "data": {"market": "0xd2100e0d91e6b997e6c2b0c4c46d12613ccfa44ddd834efc2012845aa843718b", "price_changes": [{"asset_id": "39007255559095482880929764963674109227477798450199182036142529166916699302695", "price": "0.12", "size": "0", "side": "BUY", "hash": "0340988996cca3e34d7b4c91e28d6739610ac132", "best_bid": "0.16", "best_ask": "0.84"}, {"asset_id": "28891039533982830451513821956382805935153735655153773459467211307411446402774", "price": "0.88", "size": "0", "side": "SELL", "hash": "5c182346da5c05c03a84cdaf65aa29de88582756", "best_bid": "0.16", "best_ask": "0.84"}], "timestamp": "1769385083452", "event_type": "price_change"}}
{"_local_timestamp": "2026-01-25T23:51:23.918745+00:00", "data": {"market": "0xd2100e0d91e6b997e6c2b0c4c46d12613ccfa44ddd834efc2012845aa843718b", "price_changes": [{"asset_id": "39007255559095482880929764963674109227477798450199182036142529166916699302695", "price": "0.13", "size": "8.56", "side": "BUY", "hash": "bafa3ba8518304af589098c5dc3d62ac5a16199c", "best_bid": "0.16", "best_ask": "0.84"}, {"asset_id": "28891039533982830451513821956382805935153735655153773459467211307411446402774", "price": "0.87", "size": "8.56", "side": "SELL", "hash": "c4ac4c7165d518fc819b85e0722db67d246d1fa6", "best_bid": "0.16", "best_ask": "0.84"}], "timestamp": "1769385083851", "event_type": "price_change"}}
