{"_local_timestamp": "2026-01-25T23:34:09.030216+00:00", "data": [{"market": "0xd2100e0d91e6b997e6c2b0c4c46d12613ccfa44ddd834efc2012845aa843718b", "asset_id": "28891039533982830451513821956382805935153735655153773459467211307411446402774", "timestamp": "1769384040846", "hash": "d7a48df32473bda2fe04fd00376e0c935a7616ce", "bids": [{"price": "0.01", "size": "465.41"}, {"price": "0.02", "size": "117.18"}, {"price": "0.03", "size": "21.9"}, {"price": "0.04", "size": "50"}, {"price": "0.05", "size": "26.28"}, {"price": "0.06", "size": "15.7"}, {"price": "0.08", "size": "25"}, {"price": "0.09", "size": "6.04"}, {"price": "0.1", "size": "240"}, {"price": "0.11", "size": "6.15"}, {"price": "0.13", "size": "8.99"}, {"price": "0.16", "size": "12.5"}], "asks": [{"price": "0.99", "size": "465.41"}, {"price": "0.98", "size": "117.18"}, {"price": "0.97", "size": "21.9"}, {"price": "0.96", "size": "50"}, {"price": "0.95", "size": "26.28"}, {"price": "0.94", "size": "15.7"}, {"price": "0.92", "size": "25"}, {"price": "0.91", "size": "6.04"}, {"price": "0.9", "size": "240"}, {"price": "0.89", "size": "5.61"}, {"price": "0.87", "size": "9.45"}, {"price": "0.84", "size": "12.5"}], "event_type": "book", "last_trade_price": ""}, {"market": "0xd2100e0d91e6b997e6c2b0c4c46d12613ccfa44ddd834efc2012845aa843718b", "asset_id": "39007255559095482880929764963674109227477798450199182036142529166916699302695", "timestamp": "1769384040846", "hash": "1dd0cac62a3f9e1a816c1cbfa1a4408849a982fd", "bids": [{"price": "0.01", "size": "465.41"}, {"price": "0.02", "size": "117.18"}, {"price": "0.03", "size": "21.9"}, {"price": "0.04", "size": "50"}, {"price": "0.05", "size": "26.28"}, {"price": "0.06", "size": "15.7"}, {"price": "0.08", "size": "25"}, {"price": "0.09", "size": "6.04"}, {"price": "0.1", "size": "240"}, {"price": "0.11", "size": "5.61"}, {"price": "0.13", "size": "9.45"}, {"price": "0.16", "size": "12.5"}], "asks": [{"price": "0.99", "size": "465.41"}, {"price": "0.98", "size": "117.18"}, {"price": "0.97", "size": "21.9"}, {"price": "0.96", "size": "50"}, {"price": "0.95", "size": "26.28"}, {"price": "0.94", "size": "15.7"}, {"price": "0.92", "size": "25"}, {"price": "0.91", "size": "6.04"}, {"price": "0.9", "size": "240"}, {"price": "0.89", "size": "6.15"}, {"price": "0.87", "size": "8.99"}, {"price": "0.84", "size": "12.5"}], "event_type": "book", "last_trade_price": ""}]}
{"_local_timestamp": "2026-01-25T23:34:09.108423+00:00", "data": {"market": "0xd2100e0d91e6b997e6c2b0c4c46d12613ccfa44ddd834efc2012845aa843718b", "price_changes": [{"asset_id": "28891039533982830451513821956382805935153735655153773459467211307411446402774", "price": "0.13", "size": "0", "side": "BUY", "hash": "67e162a8b99cae295d3638d3a4acaf0bb230cdf6", "best_bid": "0.16", "best_ask": "0.84"}, {"asset_id": "39007255559095482880929764963674109227477798450199182036142529166916699302695", "price": "0.87", "size": "0", "side": "SELL", "hash": "be4453dfee8b67820539d8b3a9f9812016b790a4", "best_bid": "0.16", "best_ask": "0.84"}], "timestamp": "1769384049011", "event_type": "price_change"}}
{"_local_timestamp": "2026-01-25T23:34:09.332438+00:00", "data": {"market": "0xd2100e0d91e6b997e6c2b0c4c46d12613ccfa44ddd834efc2012845aa843718b", "price_changes": [{"asset_id": "28891039533982830451513821956382805935153735655153773459467211307411446402774", "price": "0.14", "size": "8.35", "side": "BUY", "hash": "b91c9ab4f06530c19cd8c9dc8c1a792e0f83bf44", "best_bid": "0.16", "best_ask": "0.84"}, {"asset_id": "39007255559095482880929764963674109227477798450199182036142529166916699302695", "price": "0.86", "size": "8.35", "side": "SELL", "hash": "3d8d134c0a8f939b069af580e0af8f372883c438", "best_bid": "0.16", "best_ask": "0.84"}], "timestamp": "1769384049237", "event_type": "price_change"}}
{"_local_timestamp": "2026-01-25T23:35:25.994568+00:00", "data": {"market": "0xd2100e0d91e6b997e6c2b0c4c46d12613ccfa44ddd834efc2012845aa843718b", "price_changes": [{"asset_id": "39007255559095482880929764963674109227477798450199182036142529166916699302695", "price": "0.13", "size": "0", "side": "BUY", "hash": "91a1fac508d8ac562ba6fe7650e4109095d55700", "best_bid": "0.16", "best_ask": "0.84"}, {"asset_id": "28891039533982830451513821956382805935153735655153773459467211307411446402774", "price": "0.87", "size": "0", "side": "SELL", "hash": "a2b7dd73883f869801395679bb79f5b0daaa9c85", "best_bid": "0.16", "best_ask": "0.84"}], "timestamp": "1769384125927", "event_type": "price_change"}}
{"_local_timestamp": "2026-01-25T23:35:26.305361+00:00", "data": {"market": "0xd2100e0d91e6b997e6c2b0c4c46d12613ccfa44ddd834efc2012845aa843718b", "price_changes": [{"asset_id": "39007255559095482880929764963674109227477798450199182036142529166916699302695", "price": "0.14", "size": "8.77", "side": "BUY", "hash": "04480f2d40e57a0f0e13ea24f7f48249648779db", "best_bid": "0.16", "best_ask": "0.84"}, {"asset_id": "28891039533982830451513821956382805935153735655153773459467211307411446402774", "price": "0.86", "size": "8.77", "side": "SELL", "hash": "ac09c5908bed262a653fd90742e32ce56eb03298", "best_bid": "0.16", "best_ask": "0.84"}], "timestamp": "1769384126242", "event_type": "price_change"}}
{"_local_timestamp": "2026-01-25T23:35:27.376231+00:00", "data": {"market": "0xd2100e0d91e6b997e6c2b0c4c46d12613ccfa44ddd834efc2012845aa843718b", "price_changes": [{"asset_id": "28891039533982830451513821956382805935153735655153773459467211307411446402774", "price": "0.14", "size": "0", "side": "BUY", "hash": "da6f441bed160ee4af8f46202ef7066f1fc373c4", "best_bid": "0.16", "best_ask": "0.84"}, {"asset_id": "39007255559095482880929764963674109227477798450199182036142529166916699302695", "price": "0.86", "size": "0", "side": "SELL", "hash": "5db6d9ce35d431d2899d2dda3d702a665b1707dd", "best_bid": "0.16", "best_ask": "0.84"}], "timestamp": "1769384127251", "event_type": "price_change"}}
{"_local_timestamp": "2026-01-25T23:35:27.702859+00:00", "data": {"market": "0xd2100e0d91e6b997e6c2b0c4c46d12613ccfa44ddd834efc2012845aa843718b", "price_changes": [{"asset_id": "28891039533982830451513821956382805935153735655153773459467211307411446402774", "price": "0.11", "size": "16.77", "side": "BUY", "hash": "0174568d61bb2f778f32b795abc30567f3fbdefb", "best_bid": "0.16", "best_ask": "0.84"}, {"asset_id": "39007255559095482880929764963674109227477798450199182036142529166916699302695", "price": "0.89", "size": "16.77", "side": "SELL", "hash": "518bc89f5a6b118525400d8f2b12028984d0876c", "best_bid": "0.16", "best_ask": "0.84"}], "timestamp": "1769384127639", "event_type": "price_change"}}
