{"_local_timestamp": "2026-01-25T23:41:15.728857+00:00", "data": [{"market": "0xd2100e0d91e6b997e6c2b0c4c46d12613ccfa44ddd834efc2012845aa843718b", "asset_id": "28891039533982830451513821956382805935153735655153773459467211307411446402774", "timestamp": "1769384472502", "hash": "fe95a4054be13e0c434a51c388419946db7172cd", "bids": [{"price": "0.01", "size": "465.41"}, {"price": "0.02", "size": "117.18"}, {"price": "0.03", "size": "21.9"}, {"price": "0.04", "size": "50"}, {"price": "0.05", "size": "26.28"}, {"price": "0.06", "size": "15.7"}, {"price": "0.08", "size": "25"}, {"price": "0.09", "size": "6.04"}, {"price": "0.1", "size": "240"}, {"price": "0.11", "size": "6.15"}, {"price": "0.14", "size": "8.35"}, {"price": "0.16", "size": "12.5"}], "asks": [{"price": "0.99", "size": "465.41"}, {"price": "0.98", "size": "117.18"}, {"price": "0.97", "size": "21.9"}, {"price": "0.96", "size": "50"}, {"price": "0.95", "size": "26.28"}, {"price": "0.94", "size": "15.7"}, {"price": "0.92", "size": "25"}, {"price": "0.91", "size": "6.04"}, {"price": "0.9", "size": "240"}, {"price": "0.89", "size": "7.62"}, {"price": "0.86", "size": "7.19"}, {"price": "0.84", "size": "12.5"}], "event_type": "book", "last_trade_price": ""}, {"market": "0xd2100e0d91e6b997e6c2b0c4c46d12613ccfa44ddd834efc2012845aa843718b", "asset_id": "39007255559095482880929764963674109227477798450199182036142529166916699302695", "timestamp": "1769384472502", "hash": "0105fad54737affc5ae769641d761f407ffe9d90", "bids": [{"price": "0.01", "size": "465.41"}, {"price": "0.02", "size": "117.18"}, {"price": "0.03", "size": "21.9"}, {"price": "0.04", "size": "50"}, {"price": "0.05", "size": "26.28"}, {"price": "0.06", "size": "15.7"}, {"price": "0.08", "size": "25"}, {"price": "0.09", "size": "6.04"}, {"price": "0.1", "size": "240"}, {"price": "0.11", "size": "7.62"}, {"price": "0.14", "size": "7.19"}, {"price": "0.16", "size": "12.5"}], "asks": [{"price": "0.99", "size": "465.41"}, {"price": "0.98", "size": "117.18"}, {"price": "0.97", "size": "21.9"}, {"price": "0.96", "size": "50"}, {"price": "0.95", "size": "26.28"}, {"price": "0.94", "size": "15.7"}, {"price": "0.92", "size": "25"}, {"price": "0.91", "size": "6.04"}, {"price": "0.9", "size": "240"}, {"price": "0.89", "size": "6.15"}, {"price": "0.86", "size": "8.35"}, {"price": "0.84", "size": "12.5"}], "event_type": "book", "last_trade_price": ""}]}
{"_local_timestamp": "2026-01-25T23:41:22.903058+00:00", "data": {"market": "0xd2100e0d91e6b997e6c2b0c4c46d12613ccfa44ddd834efc2012845aa843718b", "price_changes": [{"asset_id": "28891039533982830451513821956382805935153735655153773459467211307411446402774", "price": "0.14", "size": "0", "side": "BUY", "hash": "4ba8fcaf3e4ef18443369cd26acd783492fb0e99", "best_bid": "0.16", "best_ask": "0.84"}, {"asset_id": "39007255559095482880929764963674109227477798450199182036142529166916699302695", "price": "0.86", "size": "0", "side": "SELL", "hash": "331f643d94ee2c9a0e00d0c0770be31eaac36d11", "best_bid": "0.16", "best_ask": "0.84"}], "timestamp": "1769384482830", "event_type": "price_change"}}
{"_local_timestamp": "2026-01-25T23:41:23.298835+00:00", "data": {"market": "0xd2100e0d91e6b997e6c2b0c4c46d12613ccfa44ddd834efc2012845aa843718b", "price_changes": [{"asset_id": "28891039533982830451513821956382805935153735655153773459467211307411446402774", "price": "0.11", "size": "16.77", "side": "BUY", "hash": "1b87614d009b077b1ea9795648e80f95cf4a884b", "best_bid": "0.16", "best_ask": "0.84"}, {"asset_id": "39007255559095482880929764963674109227477798450199182036142529166916699302695", "price": "0.89", "size": "16.77", "side": "SELL", "hash": "7d78eeb877e4d900abdd2c571b4cee61f640ebf6", "best_bid": "0.16", "best_ask": "0.84"}], "timestamp": "1769384483221", "event_type": "price_change"}}
{"_local_timestamp": "2026-01-25T23:41:45.885626+00:00", "data": {"market": "0xd2100e0d91e6b997e6c2b0c4c46d12613ccfa44ddd834efc2012845aa843718b", "price_changes": [{"asset_id": "28891039533982830451513821956382805935153735655153773459467211307411446402774", "price": "0.11", "size": "6.15", "side": "BUY", "hash": "f02b19931f0b18378d311e335e1d773b16c4d17a", "best_bid": "0.16", "best_ask": "0.84"}, {"asset_id": "39007255559095482880929764963674109227477798450199182036142529166916699302695", "price": "0.89", "size": "6.15", "side": "SELL", "hash": "d4d8c23f602d54e3fbcd25b20b91d7dc8cdbb9d1", "best_bid": "0.16", "best_ask": "0.84"}], "timestamp": "1769384505806", "event_type": "price_change"}}
{"_local_timestamp": "2026-01-25T23:41:46.237719+00:00", "data": {"market": "0xd2100e0d91e6b997e6c2b0c4c46d12613ccfa44ddd834efc2012845aa843718b", "price_changes": [{"asset_id": "28891039533982830451513821956382805935153735655153773459467211307411446402774", "price": "0.11", "size": "16.77", "side": "BUY", "hash": "18999f7c9bc5e0ca12ed9a710eda8e2e43d3d3d4", "best_bid": "0.16", "best_ask": "0.84"}, {"asset_id": "39007255559095482880929764963674109227477798450199182036142529166916699302695", "price": "0.89", "size": "16.77", "side": "SELL", "hash": "74b15fe7a77b8b8b99950d7b103e1293cf65f1a3", "best_bid": "0.16", "best_ask": "0.84"}], "timestamp": "1769384506167", "event_type": "price_change"}}
{"_local_timestamp": "2026-01-25T23:41:53.302449+00:00", "data": {"market": "0xd2100e0d91e6b997e6c2b0c4c46d12613ccfa44ddd834efc2012845aa843718b", "price_changes": [{"asset_id": "39007255559095482880929764963674109227477798450199182036142529166916699302695", "price": "0.14", "size": "0", "side": "BUY", "hash": "1fe233acbcb01df15e12c3b0286a6319980e9669", "best_bid": "0.16", "best_ask": "0.84"}, {"asset_id": "28891039533982830451513821956382805935153735655153773459467211307411446402774", "price": "0.86", "size": "0", "side": "SELL", "hash": "7f04bb75d708a5246cfb4c6bdac1440372abac78", "best_bid": "0.16", "best_ask": "0.84"}], "timestamp": "1769384513149", "event_type": "price_change"}}
{"_local_timestamp": "2026-01-25T23:41:53.572297+00:00", "data": {"market": "0xd2100e0d91e6b997e6c2b0c4c46d12613ccfa44ddd834efc2012845aa843718b", "price_changes": [{"asset_id": "39007255559095482880929764963674109227477798450199182036142529166916699302695", "price": "0.11", "size": "16.77", "side": "BUY", "hash": "790fe343f76e571688fd08645ebca667baa21be9", "best_bid": "0.16", "best_ask": "0.84"}, {"asset_id": "28891039533982830451513821956382805935153735655153773459467211307411446402774", "price": "0.89", "size": "16.77", "side": "SELL", "hash": "fdd27de2800c59e26178d0d3398074719303e236", "best_bid": "0.16", "best_ask": "0.84"}], "timestamp": "1769384513503", "event_type": "price_change"}}
{"_local_timestamp": "2026-01-25T23:42:04.581166+00:00", "data": {"market": "0xd2100e0d91e6b997e6c2b0c4c46d12613ccfa44ddd834efc2012845aa843718b", "price_changes": [{"asset_id": "28891039533982830451513821956382805935153735655153773459467211307411446402774", "price": "0.11", "size": "6.15", "side": "BUY", "hash": "603ae0205c80686f42d87b605f18993eed43a7f3", "best_bid": "0.16", "best_ask": "0.84"}, {"asset_id": "39007255559095482880929764963674109227477798450199182036142529166916699302695", "price": "0.89", "size": "6.15", "side": "SELL", "hash": "3e6b75d3ef95d8d98a7827062bd49562fa85ab79", "best_bid": "0.16", "best_ask": "0.84"}], "timestamp": "1769384524515", "event_type": "price_change"}}
{"_local_timestamp": "2026-01-25T23:42:04.902798+00:00", "data": {"market": "0xd2100e0d91e6b997e6c2b0c4c46d12613ccfa44ddd834efc2012845aa843718b", "price_changes": [{"asset_id": "28891039533982830451513821956382805935153735655153773459467211307411446402774", "price": "0.12", "size": "9.74", "side": "BUY", "hash": "caac25f83d7a16a2c77d0d35b025532df821be10", "best_bid": "0.16", "best_ask": "0.84"}, {"asset_id": "39007255559095482880929764963674109227477798450199182036142529166916699302695", "price": "0.88", "size": "9.74", "side": "SELL", "hash": "fb8e2e6f89780aca95c3fdaada02eb80314f924a", "best_bid": "0.16", "best_ask": "0.84"}], "timestamp": "1769384524836", "event_type": "price_change"}}
{"_local_timestamp": "2026-01-25T23:42:17.644714+00:00", "data": {"market": "0xd2100e0d91e6b997e6c2b0c4c46d12613ccfa44ddd834efc2012845aa843718b", "price_changes": [{"asset_id": "39007255559095482880929764963674109227477798450199182036142529166916699302695", "price": "0.11", "size": "7.62", "side": "BUY", "hash": "39c27d59ad622e517f34feb7fa3d3d744aeda454", "best_bid": "0.16", "best_ask": "0.84"}, {"asset_id": "28891039533982830451513821956382805935153735655153773459467211307411446402774", "price": "0.89", "size": "7.62", "side": "SELL", "hash": "02ccec030faecfd91e902df028d3fa4c0bea679b", "best_bid": "0.16", "best_ask": "0.84"}], "timestamp": "1769384537557", "event_type": "price_change"}}
{"_local_timestamp": "2026-01-25T23:42:18.116056+00:00", "data": {"market": "0xd2100e0d91e6b997e6c2b0c4c46d12613ccfa44ddd834efc2012845aa843718b", "price_changes": [{"asset_id": "39007255559095482880929764963674109227477798450199182036142529166916699302695", "price": "0.11", "size": "16.77", "side": "BUY", "hash": "a0bda445cce575343807db770887f5c4ed3e2e98", "best_bid": "0.16", "best_ask": "0.84"}, {"asset_id": "28891039533982830451513821956382805935153735655153773459467211307411446402774", "price": "0.89", "size": "16.77", "side": "SELL", "hash": "35ae1f5abbc49f54d175150aea91336748045039", "best_bid": "0.16", "best_ask": "0.84"}], "timestamp": "1769384538011", "event_type": "price_change"}}
{"_local_timestamp": "2026-01-25T23:42:34.708758+00:00", "data": {"market": "0xd2100e0d91e6b997e6c2b0c4c46d12613ccfa44ddd834efc2012845aa843718b", "price_changes": [{"asset_id": "28891039533982830451513821956382805935153735655153773459467211307411446402774", "price": "0.11", "size": "0", "side": "BUY", "hash": "6fc7f6dc69491c12023fb1eaebb783ff79994f67", "best_bid": "0.16", "best_ask": "0.84"}, {"asset_id": "39007255559095482880929764963674109227477798450199182036142529166916699302695", "price": "0.89", "size": "0", "side": "SELL", "hash": "d5fe317be738b63e3a2a589646e4d20490341a77", "best_bid": "0.16", "best_ask": "0.84"}], "timestamp": "1769384554593", "event_type": "price_change"}}
{"_local_timestamp": "2026-01-25T23:42:35.179865+00:00", "data": {"market": "0xd2100e0d91e6b997e6c2b0c4c46d12613ccfa44ddd834efc2012845aa843718b", "price_changes": [{"asset_id": "28891039533982830451513821956382805935153735655153773459467211307411446402774", "price": "0.09", "size": "13.56", "side": "BUY", "hash": "c04e9b3fa3e765a86c2fab582e71c9014bbd8ed4", "best_bid": "0.16", "best_ask": "0.84"}, {"asset_id": "39007255559095482880929764963674109227477798450199182036142529166916699302695", "price": "0.91", "size": "13.56", "side": "SELL", "hash": "9ea344ad1d65274f53752df10335784a1f04bc38", "best_bid": "0.16", "best_ask": "0.84"}], "timestamp": "1769384555063", "event_type": "price_change"}}
{"_local_timestamp": "2026-01-25T23:42:41.002395+00:00", "data": {"market": "0xd2100e0d91e6b997e6c2b0c4c46d12613ccfa44ddd834efc2012845aa843718b", "price_changes": [{"asset_id": "39007255559095482880929764963674109227477798450199182036142529166916699302695", "price": "0.11", "size": "7.62", "side": "BUY", "hash": "c72acd9c97949550029503f1d751e76f2e1c5e37", "best_bid": "0.16", "best_ask": "0.84"}, {"asset_id": "28891039533982830451513821956382805935153735655153773459467211307411446402774", "price": "0.89", "size": "7.62", "side": "SELL", "hash": "6374d741f483fcc9fc90df39a3eb1b020dc70825", "best_bid": "0.16", "best_ask": "0.84"}], "timestamp": "1769384560880", "event_type": "price_change"}}
{"_local_timestamp": "2026-01-25T23:42:41.433077+00:00", "data": {"market": "0xd2100e0d91e6b997e6c2b0c4c46d12613ccfa44ddd834efc2012845aa843718b", "price_changes": [{"asset_id": "39007255559095482880929764963674109227477798450199182036142529166916699302695", "price": "0.11", "size": "16.77", "side": "BUY", "hash": "72d388e0921fecf3f7ff2200021140e2f929c275", "best_bid": "0.16", "best_ask": "0.84"}, {"asset_id": "28891039533982830451513821956382805935153735655153773459467211307411446402774", "price": "0.89", "size": "16.77", "side": "SELL", "hash": "1fd1b4dc2e1baca8d949cf19cb0150851326948b", "best_bid": "0.16", "best_ask": "0.84"}], "timestamp": "1769384561298", "event_type": "price_change"}}
{"_local_timestamp": "2026-01-25T23:43:01.913716+00:00", "data": {"market": "0xd2100e0d91e6b997e6c2b0c4c46d12613ccfa44ddd834efc2012845aa843718b", "price_changes": [{"asset_id": "28891039533982830451513821956382805935153735655153773459467211307411446402774", "price": "0.09", "size": "6.04", "side": "BUY", "hash": "50166baaae6404a71679923a1f21d977a46963f7", "best_bid": "0.16", "best_ask": "0.84"}, {"asset_id": "39007255559095482880929764963674109227477798450199182036142529166916699302695", "price": "0.91", "size": "6.04", "side": "SELL", "hash": "613588f24a17042da7a91349bf7b70df2763edcd", "best_bid": "0.16", "best_ask": "0.84"}], "timestamp": "1769384581819", "event_type": "price_change"}}
{"_local_timestamp": "2026-01-25T23:43:01.914315+00:00", "data": {"market": "0xd2100e0d91e6b997e6c2b0c4c46d12613ccfa44ddd834efc2012845aa843718b", "price_changes": [{"asset_id": "28891039533982830451513821956382805935153735655153773459467211307411446402774", "price": "0.12", "size": "0", "side": "BUY", "hash": "50166baaae6404a71679923a1f21d977a46963f7", "best_bid": "0.16", "best_ask": "0.84"}, {"asset_id": "39007255559095482880929764963674109227477798450199182036142529166916699302695", "price": "0.88", "size": "0", "side": "SELL", "hash": "613588f24a17042da7a91349bf7b70df2763edcd", "best_bid": "0.16", "best_ask": "0.84"}], "timestamp": "1769384581819", "event_type": "price_change"}}
{"_local_timestamp": "2026-01-25T23:43:02.301213+00:00", "data": {"market": "0xd2100e0d91e6b997e6c2b0c4c46d12613ccfa44ddd834efc2012845aa843718b", "price_changes": [{"asset_id": "28891039533982830451513821956382805935153735655153773459467211307411446402774", "price": "0.11", "size": "5.61", "side": "BUY", "hash": "649b450cdfb681be07e546afe575dca37fac19c0", "best_bid": "0.16", "best_ask": "0.84"}, {"asset_id": "39007255559095482880929764963674109227477798450199182036142529166916699302695", "price": "0.89", "size": "5.61", "side": "SELL", "hash": "2d61e54c8337eaf0fc2d1d152cbb39c297c3f9ee", "best_bid": "0.16", "best_ask": "0.84"}], "timestamp": "1769384582188", "event_type": "price_change"}}
{"_local_timestamp": "2026-01-25T23:43:02.301705+00:00", "data": {"market": "0xd2100e0d91e6b997e6c2b0c4c46d12613ccfa44ddd834efc2012845aa843718b", "price_changes": [{"asset_id": "28891039533982830451513821956382805935153735655153773459467211307411446402774", "price": "0.13", "size": "9.44", "side": "BUY", "hash": "c7b7659c24098031a2d56652c015a4cf88abdf03", "best_bid": "0.16", "best_ask": "0.84"}, {"asset_id": "39007255559095482880929764963674109227477798450199182036142529166916699302695", "price": "0.87", "size": "9.44", "side": "SELL", "hash": "e4edc589511dd416316331429d9364fe43f51fb3", "best_bid": "0.16", "best_ask": "0.84"}], "timestamp": "1769384582189", "event_type": "price_change"}}
{"_local_timestamp": "2026-01-25T23:43:07.834367+00:00", "data": {"market": "0xd2100e0d91e6b997e6c2b0c4c46d12613ccfa44ddd834efc2012845aa843718b", "price_changes": [{"asset_id": "39007255559095482880929764963674109227477798450199182036142529166916699302695", "price": "0.11", "size": "7.62", "side": "BUY", "hash": "1d6af23a6a912191dcb79ee71c7f86be41bc1878", "best_bid": "0.16", "best_ask": "0.84"}, {"asset_id": "28891039533982830451513821956382805935153735655153773459467211307411446402774", "price": "0.89", "size": "7.62", "side": "SELL", "hash": "8fe9e2c611dd9e1fad738bd633b4f668e1af385c", "best_bid": "0.16", "best_ask": "0.84"}], "timestamp": "1769384587737", "event_type": "price_change"}}
{"_local_timestamp": "2026-01-25T23:43:08.251262+00:00", "data": {"market": "0xd2100e0d91e6b997e6c2b0c4c46d12613ccfa44ddd834efc2012845aa843718b", "price_changes": [{"asset_id": "39007255559095482880929764963674109227477798450199182036142529166916699302695", "price": "0.12", "size": "8.39", "side": "BUY", "hash": "ca4c8b79e3217b0d4174d24e835433c347c3c2eb", "best_bid": "0.16", "best_ask": "0.84"}, {"asset_id": "28891039533982830451513821956382805935153735655153773459467211307411446402774", "price": "0.88", "size": "8.39", "side": "SELL", "hash": "93c7f109357044fa6b7f0520ba7716cb9e2c5cfd", "best_bid": "0.16", "best_ask": "0.84"}], "timestamp": "1769384588162", "event_type": "price_change"}}
{"_local_timestamp": "2026-01-25T23:43:33.986387+00:00", "data": {"market": "0xd2100e0d91e6b997e6c2b0c4c46d12613ccfa44ddd834efc2012845aa843718b", "price_changes": [{"asset_id": "39007255559095482880929764963674109227477798450199182036142529166916699302695", "price": "0.11", "size": "0", "side": "BUY", "hash": "95c67da426857aefb73bd47e72748735f2677b6c", "best_bid": "0.16", "best_ask": "0.84"}, {"asset_id": "28891039533982830451513821956382805935153735655153773459467211307411446402774", "price": "0.89", "size": "0", "side": "SELL", "hash": "e38124169f72ce59264ad77ccc86dc102d75cfbc", "best_bid": "0.16", "best_ask": "0.84"}], "timestamp": "1769384613866", "event_type": "price_change"}}
{"_local_timestamp": "2026-01-25T23:43:34.300496+00:00", "data": {"market": "0xd2100e0d91e6b997e6c2b0c4c46d12613ccfa44ddd834efc2012845aa843718b", "price_changes": [{"asset_id": "39007255559095482880929764963674109227477798450199182036142529166916699302695", "price": "0.09", "size": "15.36", "side": "BUY", "hash": "47bb11f3d3adb4d0e6b2dd018a6b1610ca0de48d", "best_bid": "0.16", "best_ask": "0.84"}, {"asset_id": "28891039533982830451513821956382805935153735655153773459467211307411446402774", "price": "0.91", "size": "15.36", "side": "SELL", "hash": "1c7e92579054ebe4b5b79e345bcbeb8a5e91f913", "best_bid": "0.16", "best_ask": "0.84"}], "timestamp": "1769384614183", "event_type": "price_change"}}
{"_local_timestamp": "2026-01-25T23:43:50.769116+00:00", "data": {"market": "0xd2100e0d91e6b997e6c2b0c4c46d12613ccfa44ddd834efc2012845aa843718b", "price_changes": [{"asset_id": "28891039533982830451513821956382805935153735655153773459467211307411446402774", "price": "0.13", "size": "0", "side": "BUY", "hash": "7181ea76de4ac4b9e1fa507a7bf7e2258fc28bcf", "best_bid": "0.16", "best_ask": "0.84"}, {"asset_id": "39007255559095482880929764963674109227477798450199182036142529166916699302695", "price": "0.87", "size": "0", "side": "SELL", "hash": "8e46e0c0bc7d3e01e2c3fcc429a8e9a6b78ee125", "best_bid": "0.16", "best_ask": "0.84"}], "timestamp": "1769384630610", "event_type": "price_change"}}
{"_local_timestamp": "2026-01-25T23:43:51.570981+00:00", "data": {"market": "0xd2100e0d91e6b997e6c2b0c4c46d12613ccfa44ddd834efc2012845aa843718b", "price_changes": [{"asset_id": "28891039533982830451513821956382805935153735655153773459467211307411446402774", "price": "0.14", "size": "8.77", "side": "BUY", "hash": "82a83865ee81dc5b2e868c0429351c51a64aab89", "best_bid": "0.16", "best_ask": "0.84"}, {"asset_id": "39007255559095482880929764963674109227477798450199182036142529166916699302695", "price": "0.86", "size": "8.77", "side": "SELL", "hash": "716b05c5e201309e647c945b0d3b57617d2687e0", "best_bid": "0.16", "best_ask": "0.84"}], "timestamp": "1769384631015", "event_type": "price_change"}}
{"_local_timestamp": "2026-01-25T23:44:00.187708+00:00", "data": {"market": "0xd2100e0d91e6b997e6c2b0c4c46d12613ccfa44ddd834efc2012845aa843718b", "price_changes": [{"asset_id": "39007255559095482880929764963674109227477798450199182036142529166916699302695", "price": "0.09", "size": "6.04", "side": "BUY", "hash": "5eff6ced895ab8b2924c75bfbbab3a384ae94005", "best_bid": "0.16", "best_ask": "0.84"}, {"asset_id": "28891039533982830451513821956382805935153735655153773459467211307411446402774", "price": "0.91", "size": "6.04", "side": "SELL", "hash": "660bff0ee92428d2d10900f7534dcacd7bfb4128", "best_bid": "0.16", "best_ask": "0.84"}], "timestamp": "1769384640036", "event_type": "price_change"}}
{"_local_timestamp": "2026-01-25T23:44:00.188269+00:00", "data": {"market": "0xd2100e0d91e6b997e6c2b0c4c46d12613ccfa44ddd834efc2012845aa843718b", "price_changes": [{"asset_id": "39007255559095482880929764963674109227477798450199182036142529166916699302695", "price": "0.12", "size": "0", "side": "BUY", "hash": "5eff6ced895ab8b2924c75bfbbab3a384ae94005", "best_bid": "0.16", "best_ask": "0.84"}, {"asset_id": "28891039533982830451513821956382805935153735655153773459467211307411446402774", "price": "0.88", "size": "0", "side": "SELL", "hash": "660bff0ee92428d2d10900f7534dcacd7bfb4128", "best_bid": "0.16", "best_ask": "0.84"}], "timestamp": "1769384640036", "event_type": "price_change"}}
{"_local_timestamp": "2026-01-25T23:44:00.853869+00:00", "data": {"market": "0xd2100e0d91e6b997e6c2b0c4c46d12613ccfa44ddd834efc2012845aa843718b", "price_changes": [{"asset_id": "39007255559095482880929764963674109227477798450199182036142529166916699302695", "price": "0.11", "size": "7.15", "side": "BUY", "hash": "6f72ad538b8b0c93577d752407c6a50763b2e1c0", "best_bid": "0.16", "best_ask": "0.84"}, {"asset_id": "28891039533982830451513821956382805935153735655153773459467211307411446402774", "price": "0.89", "size": "7.15", "side": "SELL", "hash": "edfb0c186d05db6a68ed2655c4ab5b064189b220", "best_bid": "0.16", "best_ask": "0.84"}], "timestamp": "1769384640708", "event_type": "price_change"}}
{"_local_timestamp": "2026-01-25T23:44:00.861804+00:00", "data": {"market": "0xd2100e0d91e6b997e6c2b0c4c46d12613ccfa44ddd834efc2012845aa843718b", "price_changes": [{"asset_id": "39007255559095482880929764963674109227477798450199182036142529166916699302695", "price": "0.13", "size": "8.13", "side": "BUY", "hash": "b16df343b1759e8d881e0351780df498f79ad6ce", "best_bid": "0.16", "best_ask": "0.84"}, {"asset_id": "28891039533982830451513821956382805935153735655153773459467211307411446402774", "price": "0.87", "size": "8.13", "side": "SELL", "hash": "10bbddd633c80232426296c00ac2614a7de73c34", "best_bid": "0.16", "best_ask": "0.84"}], "timestamp": "1769384640709", "event_type": "price_change"}}
{"_local_timestamp": "2026-01-25T23:44:20.236376+00:00", "data": {"market": "0xd2100e0d91e6b997e6c2b0c4c46d12613ccfa44ddd834efc2012845aa843718b", "price_changes": [{"asset_id": "28891039533982830451513821956382805935153735655153773459467211307411446402774", "price": "0.14", "size": "0", "side": "BUY", "hash": "3894a42ed387ed378947d2ca0b3201cca80966d6", "best_bid": "0.16", "best_ask": "0.84"}, {"asset_id": "39007255559095482880929764963674109227477798450199182036142529166916699302695", "price": "0.86", "size": "0", "side": "SELL", "hash": "43d2f61232f2b9922ab59bf5c014e26952c44059", "best_bid": "0.16", "best_ask": "0.84"}], "timestamp": "1769384659972", "event_type": "price_change"}}
{"_local_timestamp": "2026-01-25T23:44:20.597018+00:00", "data": {"market": "0xd2100e0d91e6b997e6c2b0c4c46d12613ccfa44ddd834efc2012845aa843718b", "price_changes": [{"asset_id": "28891039533982830451513821956382805935153735655153773459467211307411446402774", "price": "0.11", "size": "16.77", "side": "BUY", "hash": "05e534c4d05a52af87ff6735b2dad0332233b8ac", "best_bid": "0.16", "best_ask": "0.84"}, {"asset_id": "39007255559095482880929764963674109227477798450199182036142529166916699302695", "price": "0.89", "size": "16.77", "side": "SELL", "hash": "1b993e3446a8a5ed580d1adf82d4a5293c7c0d63", "best_bid": "0.16", "best_ask": "0.84"}], "timestamp": "1769384660333", "event_type": "price_change"}}
{"_local_timestamp": "2026-01-25T23:44:30.054742+00:00", "data": {"market": "0xd2100e0d91e6b997e6c2b0c4c46d12613ccfa44ddd834efc2012845aa843718b", "price_changes": [{"asset_id": "39007255559095482880929764963674109227477798450199182036142529166916699302695", "price": "0.13", "size": "0", "side": "BUY", "hash": "11531eb1f603f02243fed08765668004afcb389c", "best_bid": "0.16", "best_ask": "0.84"}, {"asset_id": "28891039533982830451513821956382805935153735655153773459467211307411446402774", "price": "0.87", "size": "0", "side": "SELL", "hash": "503e36b57e08629ec7062cd98b48ab06c7ad7278", "best_bid": "0.16", "best_ask": "0.84"}], "timestamp": "1769384669778", "event_type": "price_change"}}
{"_local_timestamp": "2026-01-25T23:44:30.576264+00:00", "data": {"market": "0xd2100e0d91e6b997e6c2b0c4c46d12613ccfa44ddd834efc2012845aa843718b", "price_changes": [{"asset_id": "39007255559095482880929764963674109227477798450199182036142529166916699302695", "price": "0.14", "size": "7.56", "side": "BUY", "hash": "0f190efa064ee9e3a6c506480f9784b33f9d7c5c", "best_bid": "0.16", "best_ask": "0.84"}, {"asset_id": "28891039533982830451513821956382805935153735655153773459467211307411446402774", "price": "0.86", "size": "7.56", "side": "SELL", "hash": "f5e91d1364e6b7d8e9e7a218bbc67e05e47a90c1", "best_bid": "0.16", "best_ask": "0.84"}], "timestamp": "1769384670294", "event_type": "price_change"}}
{"_local_timestamp": "2026-01-25T23:44:48.328139+00:00", "data": {"market": "0xd2100e0d91e6b997e6c2b0c4c46d12613ccfa44ddd834efc2012845aa843718b", "price_changes": [{"asset_id": "28891039533982830451513821956382805935153735655153773459467211307411446402774", "price": "0.11", "size": "5.61", "side": "BUY", "hash": "11c25ccc6d62e1ae9e2d1fff2e7d9367e49c08ab", "best_bid": "0.16", "best_ask": "0.84"}, {"asset_id": "39007255559095482880929764963674109227477798450199182036142529166916699302695", "price": "0.89", "size": "5.61", "side": "SELL", "hash": "365377597e50cb9de2f6884ae395c8831d3e09d9", "best_bid": "0.16", "best_ask": "0.84"}], "timestamp": "1769384688156", "event_type": "price_change"}}
{"_local_timestamp": "2026-01-25T23:44:48.547394+00:00", "data": {"market": "0xd2100e0d91e6b997e6c2b0c4c46d12613ccfa44ddd834efc2012845aa843718b", "price_changes": [{"asset_id": "28891039533982830451513821956382805935153735655153773459467211307411446402774", "price": "0.11", "size": "16.77", "side": "BUY", "hash": "38adab2f357fb730b104620f40fbb9a37e9a4af2", "best_bid": "0.16", "best_ask": "0.84"}, {"asset_id": "39007255559095482880929764963674109227477798450199182036142529166916699302695", "price": "0.89", "size": "16.77", "side": "SELL", "hash": "5053d7668cb0b52aac70bd12223b46ba6f928aa5", "best_bid": "0.16", "best_ask": "0.84"}], "timestamp": "1769384688352", "event_type": "price_change"}}
{"_local_timestamp": "2026-01-25T23:44:57.061698+00:00", "data": {"market": "0xd2100e0d91e6b997e6c2b0c4c46d12613ccfa44ddd834efc2012845aa843718b", "price_changes": [{"asset_id": "39007255559095482880929764963674109227477798450199182036142529166916699302695", "price": "0.14", "size": "0", "side": "BUY", "hash": "12daab3b1d65b4a75322a95044da5e1bbc91889a", "best_bid": "0.16", "best_ask": "0.84"}, {"asset_id": "28891039533982830451513821956382805935153735655153773459467211307411446402774", "price": "0.86", "size": "0", "side": "SELL", "hash": "f94cd51b560e39407700feea3f750ea46874fa2c", "best_bid": "0.16", "best_ask": "0.84"}], "timestamp": "1769384696940", "event_type": "price_change"}}
{"_local_timestamp": "2026-01-25T23:44:57.254995+00:00", "data": {"market": "0xd2100e0d91e6b997e6c2b0c4c46d12613ccfa44ddd834efc2012845aa843718b", "price_changes": [{"asset_id": "39007255559095482880929764963674109227477798450199182036142529166916699302695", "price": "0.14", "size": "7.56", "side": "BUY", "hash": "b12c321beb4cfdfaa6ef5fc3a7a8b4f0895312e3", "best_bid": "0.16", "best_ask": "0.84"}, {"asset_id": "28891039533982830451513821956382805935153735655153773459467211307411446402774", "price": "0.86", "size": "7.56", "side": "SELL", "hash": "9784737958757d946dc5b780fa1f955fc85f8e41", "best_bid": "0.16", "best_ask": "0.84"}], "timestamp": "1769384697187", "event_type": "price_change"}}
{"_local_timestamp": "2026-01-25T23:45:21.186119+00:00", "data": {"market": "0xd2100e0d91e6b997e6c2b0c4c46d12613ccfa44ddd834efc2012845aa843718b", "price_changes": [{"asset_id": "28891039533982830451513821956382805935153735655153773459467211307411446402774", "price": "0.11", "size": "5.61", "side": "BUY", "hash": "e27aadd9dd01327c88f3689b8b083d9647bc1be1", "best_bid": "0.16", "best_ask": "0.84"}, {"asset_id": "39007255559095482880929764963674109227477798450199182036142529166916699302695", "price": "0.89", "size": "5.61", "side": "SELL", "hash": "40f75c6ef5a3551d175c4d6fbbf9f6f58d243865", "best_bid": "0.16", "best_ask": "0.84"}], "timestamp": "1769384721113", "event_type": "price_change"}}
{"_local_timestamp": "2026-01-25T23:45:21.713846+00:00", "data": {"market": "0xd2100e0d91e6b997e6c2b0c4c46d12613ccfa44ddd834efc2012845aa843718b", "price_changes": [{"asset_id": "28891039533982830451513821956382805935153735655153773459467211307411446402774", "price": "0.12", "size": "10.23", "side": "BUY", "hash": "cb244504a2bba5e58738f742dc3f67f81b17d441", "best_bid": "0.16", "best_ask": "0.84"}, {"asset_id": "39007255559095482880929764963674109227477798450199182036142529166916699302695", "price": "0.88", "size": "10.23", "side": "SELL", "hash": "457a5d0af42e5c131979a41e7574e12f78324eff", "best_bid": "0.16", "best_ask": "0.84"}], "timestamp": "1769384721648", "event_type": "price_change"}}
{"_local_timestamp": "2026-01-25T23:45:28.198675+00:00", "data": {"market": "0xd2100e0d91e6b997e6c2b0c4c46d12613ccfa44ddd834efc2012845aa843718b", "price_changes": [{"asset_id": "39007255559095482880929764963674109227477798450199182036142529166916699302695", "price": "0.14", "size": "0", "side": "BUY", "hash": "0db6eaacf5290a1e66cdc93d4595b26d06f90dba", "best_bid": "0.16", "best_ask": "0.84"}, {"asset_id": "28891039533982830451513821956382805935153735655153773459467211307411446402774", "price": "0.86", "size": "0", "side": "SELL", "hash": "ad8cbcd75d8b5b19e14297088d52b87dd896872a", "best_bid": "0.16", "best_ask": "0.84"}], "timestamp": "1769384728124", "event_type": "price_change"}}
{"_local_timestamp": "2026-01-25T23:45:28.730850+00:00", "data": {"market": "0xd2100e0d91e6b997e6c2b0c4c46d12613ccfa44ddd834efc2012845aa843718b", "price_changes": [{"asset_id": "39007255559095482880929764963674109227477798450199182036142529166916699302695", "price": "0.11", "size": "16.77", "side": "BUY", "hash": "2cf4d3dd903906d8b1d73d8b66dddfae48e89eee", "best_bid": "0.16", "best_ask": "0.84"}, {"asset_id": "28891039533982830451513821956382805935153735655153773459467211307411446402774", "price": "0.89", "size": "16.77", "side": "SELL", "hash": "32dca672813b810993b95ba56b134404e5f56538", "best_bid": "0.16", "best_ask": "0.84"}], "timestamp": "1769384728662", "event_type": "price_change"}}
{"_local_timestamp": "2026-01-25T23:45:49.989010+00:00", "data": {"market": "0xd2100e0d91e6b997e6c2b0c4c46d12613ccfa44ddd834efc2012845aa843718b", "price_changes": [{"asset_id": "28891039533982830451513821956382805935153735655153773459467211307411446402774", "price": "0.11", "size": "0", "side": "BUY", "hash": "5e759b46221cf526e31ea7b3503842fd42fbde4c", "best_bid": "0.16", "best_ask": "0.84"}, {"asset_id": "39007255559095482880929764963674109227477798450199182036142529166916699302695", "price": "0.89", "size": "0", "side": "SELL", "hash": "bd41c10089c46722910d59080dfa833f8aeffc2e", "best_bid": "0.16", "best_ask": "0.84"}], "timestamp": "1769384749927", "event_type": "price_change"}}
{"_local_timestamp": "2026-01-25T23:45:50.940977+00:00", "data": {"market": "0xd2100e0d91e6b997e6c2b0c4c46d12613ccfa44ddd834efc2012845aa843718b", "price_changes": [{"asset_id": "28891039533982830451513821956382805935153735655153773459467211307411446402774", "price": "0.09", "size": "12.9", "side": "BUY", "hash": "2555ce88dd077417917f4d25875892384fb00642", "best_bid": "0.16", "best_ask": "0.84"}, {"asset_id": "39007255559095482880929764963674109227477798450199182036142529166916699302695", "price": "0.91", "size": "12.9", "side": "SELL", "hash": "e83c353bd85e4c5cfbc42512d51435cfb0b5dc81", "best_bid": "0.16", "best_ask": "0.84"}], "timestamp": "1769384750878", "event_type": "price_change"}}
{"_local_timestamp": "2026-01-25T23:45:58.343058+00:00", "data": {"market": "0xd2100e0d91e6b997e6c2b0c4c46d12613ccfa44ddd834efc2012845aa843718b", "price_changes": [{"asset_id": "39007255559095482880929764963674109227477798450199182036142529166916699302695", "price": "0.11", "size": "7.15", "side": "BUY", "hash": "a9eafcef6979a2f5d3f76871148a8d548dcd4792", "best_bid": "0.16", "best_ask": "0.84"}, {"asset_id": "28891039533982830451513821956382805935153735655153773459467211307411446402774", "price": "0.89", "size": "7.15", "side": "SELL", "hash": "c6a72e71b0eef2c9e625a438599332adbbcf0fe4", "best_bid": "0.16", "best_ask": "0.84"}], "timestamp": "1769384758267", "event_type": "price_change"}}
{"_local_timestamp": "2026-01-25T23:45:58.914444+00:00", "data": {"market": "0xd2100e0d91e6b997e6c2b0c4c46d12613ccfa44ddd834efc2012845aa843718b", "price_changes": [{"asset_id": "39007255559095482880929764963674109227477798450199182036142529166916699302695", "price": "0.11", "size": "16.77", "side": "BUY", "hash": "61166700c7255f462725e183a3d2dcb9d72b4f41", "best_bid": "0.16", "best_ask": "0.84"}, {"asset_id": "28891039533982830451513821956382805935153735655153773459467211307411446402774", "price": "0.89", "size": "16.77", "side": "SELL", "hash": "ce82d91777792e4fdcb0611ba681062671133de8", "best_bid": "0.16", "best_ask": "0.84"}], "timestamp": "1769384758847", "event_type": "price_change"}}
