{"_local_timestamp": "2026-01-25T23:33:24.594212+00:00", "data": [{"market": "0x8fd16de4afbe66a37099e5ce75bb662590b4cef942c5c18bfa657eb3cdc6904a", "asset_id": "60424454424458100885899098279481429378530707040343938827122388210931527471813", "timestamp": "1769383894801", "hash": "ce33fec6e4f98080e1cba126e148d70576c361ea", "bids": [{"price": "0.001", "size": "4824.45"}, {"price": "0.002", "size": "1250"}, {"price": "0.003", "size": "1172.87"}, {"price": "0.006", "size": "83"}, {"price": "0.007", "size": "10.53"}, {"price": "0.01", "size": "5300"}, {"price": "0.02", "size": "2000"}, {"price": "0.021", "size": "100"}, {"price": "0.022", "size": "10.7"}, {"price": "0.05", "size": "330"}, {"price": "0.051", "size": "39"}, {"price": "0.078", "size": "300"}, {"price": "0.079", "size": "8.35"}, {"price": "0.123", "size": "553.33"}, {"price": "0.16", "size": "250"}, {"price": "0.162", "size": "6"}, {"price": "0.21", "size": "200"}, {"price": "0.211", "size": "9"}, {"price": "0.511", "size": "20"}, {"price": "0.52", "size": "50"}, {"price": "0.521", "size": "130"}, {"price": "0.532", "size": "109.99"}, {"price": "0.601", "size": "20"}, {"price": "0.603", "size": "45"}, {"price": "0.604", "size": "8.08"}], "asks": [{"price": "0.999", "size": "1702.52"}, {"price": "0.998", "size": "113.46"}, {"price": "0.997", "size": "408.92"}, {"price": "0.996", "size": "114.99"}, {"price": "0.98", "size": "500"}, {"price": "0.979", "size": "100"}, {"price": "0.978", "size": "11.88"}, {"price": "0.969", "size": "68.99"}, {"price": "0.968", "size": "34"}, {"price": "0.967", "size": "6.16"}, {"price": "0.96", "size": "141.33"}], "event_type": "book", "last_trade_price": "0.046"}, {"market": "0x8fd16de4afbe66a37099e5ce75bb662590b4cef942c5c18bfa657eb3cdc6904a", "asset_id": "70588770125864958805622362684940561430042506256738665908525452877564320602185", "timestamp": "1769383894801", "hash": "213fe616bd4d43b3f4efe5da57b9a6adb081547c", "bids": [{"price": "0.001", "size": "1702.52"}, {"price": "0.002", "size": "113.46"}, {"price": "0.003", "size": "408.92"}, {"price": "0.004", "size": "114.99"}, {"price": "0.02", "size": "500"}, {"price": "0.021", "size": "100"}, {"price": "0.022", "size": "11.88"}, {"price": "0.031", "size": "68.99"}, {"price": "0.032", "size": "34"}, {"price": "0.033", "size": "6.16"}, {"price": "0.04", "size": "141.33"}], "asks": [{"price": "0.999", "size": "4824.45"}, {"price": "0.998", "size": "1250"}, {"price": "0.997", "size": "1172.87"}, {"price": "0.994", "size": "83"}, {"price": "0.993", "size": "10.53"}, {"price": "0.99", "size": "5300"}, {"price": "0.98", "size": "2000"}, {"price": "0.979", "size": "100"}, {"price": "0.978", "size": "10.7"}, {"price": "0.95", "size": "330"}, {"price": "0.949", "size": "39"}, {"price": "0.922", "size": "300"}, {"price": "0.921", "size": "8.35"}, {"price": "0.877", "size": "553.33"}, {"price": "0.84", "size": "250"}, {"price": "0.838", "size": "6"}, {"price": "0.79", "size": "200"}, {"price": "0.789", "size": "9"}, {"price": "0.489", "size": "20"}, {"price": "0.48", "size": "50"}, {"price": "0.479", "size": "130"}, {"price": "0.468", "size": "109.99"}, {"price": "0.399", "size": "20"}, {"price": "0.397", "size": "45"}, {"price": "0.396", "size": "8.08"}], "event_type": "book", "last_trade_price": "0.046"}]}
{"_local_timestamp": "2026-01-25T23:34:41.502747+00:00", "data": {"market": "0x8fd16de4afbe66a37099e5ce75bb662590b4cef942c5c18bfa657eb3cdc6904a", "price_changes": [{"asset_id": "60424454424458100885899098279481429378530707040343938827122388210931527471813", "price": "0.603", "size": "0", "side": "BUY", "hash": "03561d2b01921ca45e6cf958c2651d2abb7ee1d4", "best_bid": "0.604", "best_ask": "0.96"}, {"asset_id": "70588770125864958805622362684940561430042506256738665908525452877564320602185", "price": "0.397", "size": "0", "side": "SELL", "hash": "498f10f4ec98f4c52da223af3f5d3c6fa6de662c", "best_bid": "0.04", "best_ask": "0.396"}], "timestamp": "1769384081418", "event_type": "price_change"}}
{"_local_timestamp": "2026-01-25T23:35:13.533256+00:00", "data": {"market": "0x8fd16de4afbe66a37099e5ce75bb662590b4cef942c5c18bfa657eb3cdc6904a", "price_changes": [{"asset_id": "60424454424458100885899098279481429378530707040343938827122388210931527471813", "price": "0.605", "size": "45", "side": "BUY", "hash": "455526559bd84269a23415467b0f9b51e5a734be", "best_bid": "0.605", "best_ask": "0.96"}, {"asset_id": "70588770125864958805622362684940561430042506256738665908525452877564320602185", "price": "0.395", "size": "45", "side": "SELL", "hash": "758f82fb79b660497a6e900f94e1571f830057d2", "best_bid": "0.04", "best_ask": "0.395"}], "timestamp": "1769384113405", "event_type": "price_change"}}
{"_local_timestamp": "2026-01-25T23:36:15.001200+00:00", "data": {"market": "0x8fd16de4afbe66a37099e5ce75bb662590b4cef942c5c18bfa657eb3cdc6904a", "price_changes": [{"asset_id": "70588770125864958805622362684940561430042506256738665908525452877564320602185", "price": "0.396", "size": "0", "side": "SELL", "hash": "593e553ad6cb53e3089252ef8c6d2928e11b38ef", "best_bid": "0.04", "best_ask": "0.395"}, {"asset_id": "60424454424458100885899098279481429378530707040343938827122388210931527471813", "price": "0.604", "size": "0", "side": "BUY", "hash": "a0f914d26c61e2b8843b7d7b8262dfe8ac5533c9", "best_bid": "0.605", "best_ask": "0.96"}], "timestamp": "1769384174934", "event_type": "price_change"}}
{"_local_timestamp": "2026-01-25T23:36:16.140059+00:00", "data": {"market": "0x8fd16de4afbe66a37099e5ce75bb662590b4cef942c5c18bfa657eb3cdc6904a", "price_changes": [{"asset_id": "70588770125864958805622362684940561430042506256738665908525452877564320602185", "price": "0.394", "size": "8.08", "side": "SELL", "hash": "8ba4e60c5e15f7cceb5b53fedaefdf7163b8c22c", "best_bid": "0.04", "best_ask": "0.394"}, {"asset_id": "60424454424458100885899098279481429378530707040343938827122388210931527471813", "price": "0.606", "size": "8.08", "side": "BUY", "hash": "4f1d2f4e846b3cabed15ab3513aa71869bfb7103", "best_bid": "0.606", "best_ask": "0.96"}], "timestamp": "1769384176056", "event_type": "price_change"}}
