{"_local_timestamp": "2026-01-25T23:34:09.030216+00:00", "data": [{"market": "0xd2100e0d91e6b997e6c2b0c4c46d12613ccfa44ddd834efc2012845aa843718b", "asset_id": "28891039533982830451513821956382805935153735655153773459467211307411446402774", "timestamp": "1769384040846", "hash": "d7a48df32473bda2fe04fd00376e0c935a7616ce", "bids": [{"price": "0.01", "size": "465.41"}, {"price": "0.02", "size": "117.18"}, {"price": "0.03", "size": "21.9"}, {"price": "0.04", "size": "50"}, {"price": "0.05", "size": "26.28"}, {"price": "0.06", "size": "15.7"}, {"price": "0.08", "size": "25"}, {"price": "0.09", "size": "6.04"}, {"price": "0.1", "size": "240"}, {"price": "0.11", "size": "6.15"}, {"price": "0.13", "size": "8.99"}, {"price": "0.16", "size": "12.5"}], "asks": [{"price": "0.99", "size": "465.41"}, {"price": "0.98", "size": "117.18"}, {"price": "0.97", "size": "21.9"}, {"price": "0.96", "size": "50"}, {"price": "0.95", "size": "26.28"}, {"price": "0.94", "size": "15.7"}, {"price": "0.92", "size": "25"}, {"price": "0.91", "size": "6.04"}, {"price": "0.9", "size": "240"}, {"price": "0.89", "size": "5.61"}, {"price": "0.87", "size": "9.45"}, {"price": "0.84", "size": "12.5"}], "event_type": "book", "last_trade_price": ""}, {"market": "0xd2100e0d91e6b997e6c2b0c4c46d12613ccfa44ddd834efc2012845aa843718b", "asset_id": "39007255559095482880929764963674109227477798450199182036142529166916699302695", "timestamp": "1769384040846", "hash": "1dd0cac62a3f9e1a816c1cbfa1a4408849a982fd", "bids": [{"price": "0.01", "size": "465.41"}, {"price": "0.02", "size": "117.18"}, {"price": "0.03", "size": "21.9"}, {"price": "0.04", "size": "50"}, {"price": "0.05", "size": "26.28"}, {"price": "0.06", "size": "15.7"}, {"price": "0.08", "size": "25"}, {"price": "0.09", "size": "6.04"}, {"price": "0.1", "size": "240"}, {"price": "0.11", "size": "5.61"}, {"price": "0.13", "size": "9.45"}, {"price": "0.16", "size": "12.5"}], "asks": [{"price": "0.99", "size": "465.41"}, {"price": "0.98", "size": "117.18"}, {"price": "0.97", "size": "21.9"}, {"price": "0.96", "size": "50"}, {"price": "0.95", "size": "26.28"}, {"price": "0.94", "size": "15.7"}, {"price": "0.92", "size": "25"}, {"price": "0.91", "size": "6.04"}, {"price": "0.9", "size": "240"}, {"price": "0.89", "size": "6.15"}, {"price": "0.87", "size": "8.99"}, {"price": "0.84", "size": "12.5"}], "event_type": "book", "last_trade_price": ""}]}
{"_local_timestamp": "2026-01-25T23:34:09.108423+00:00", "data": {"market": "0xd2100e0d91e6b997e6c2b0c4c46d12613ccfa44ddd834efc2012845aa843718b", "price_changes": [{"asset_id": "28891039533982830451513821956382805935153735655153773459467211307411446402774", "price": "0.13", "size": "0", "side": "BUY", "hash": "67e162a8b99cae295d3638d3a4acaf0bb230cdf6", "best_bid": "0.16", "best_ask": "0.84"}, {"asset_id": "39007255559095482880929764963674109227477798450199182036142529166916699302695", "price": "0.87", "size": "0", "side": "SELL", "hash": "be4453dfee8b67820539d8b3a9f9812016b790a4", "best_bid": "0.16", "best_ask": "0.84"}], "timestamp": "1769384049011", "event_type": "price_change"}}
{"_local_timestamp": "2026-01-25T23:34:09.332438+00:00", "data": {"market": "0xd2100e0d91e6b997e6c2b0c4c46d12613ccfa44ddd834efc2012845aa843718b", "price_changes": [{"asset_id": "28891039533982830451513821956382805935153735655153773459467211307411446402774", "price": "0.14", "size": "8.35", "side": "BUY", "hash": "b91c9ab4f06530c19cd8c9dc8c1a792e0f83bf44", "best_bid": "0.16", "best_ask": "0.84"}, {"asset_id": "39007255559095482880929764963674109227477798450199182036142529166916699302695", "price": "0.86", "size": "8.35", "side": "SELL", "hash": "3d8d134c0a8f939b069af580e0af8f372883c438", "best_bid": "0.16", "best_ask": "0.84"}], "timestamp": "1769384049237", "event_type": "price_change"}}
{"_local_timestamp": "2026-01-25T23:35:25.994568+00:00", "data": {"market": "0xd2100e0d91e6b997e6c2b0c4c46d12613ccfa44ddd834efc2012845aa843718b", "price_changes": [{"asset_id": "39007255559095482880929764963674109227477798450199182036142529166916699302695", "price": "0.13", "size": "0", "side": "BUY", "hash": "91a1fac508d8ac562ba6fe7650e4109095d55700", "best_bid": "0.16", "best_ask": "0.84"}, {"asset_id": "28891039533982830451513821956382805935153735655153773459467211307411446402774", "price": "0.87", "size": "0", "side": "SELL", "hash": "a2b7dd73883f869801395679bb79f5b0daaa9c85", "best_bid": "0.16", "best_ask": "0.84"}], "timestamp": "1769384125927", "event_type": "price_change"}}
{"_local_timestamp": "2026-01-25T23:35:26.305361+00:00", "data": {"market": "0xd2100e0d91e6b997e6c2b0c4c46d12613ccfa44ddd834efc2012845aa843718b", "price_changes": [{"asset_id": "39007255559095482880929764963674109227477798450199182036142529166916699302695", "price": "0.14", "size": "8.77", "side": "BUY", "hash": "04480f2d40e57a0f0e13ea24f7f48249648779db", "best_bid": "0.16", "best_ask": "0.84"}, {"asset_id": "28891039533982830451513821956382805935153735655153773459467211307411446402774", "price": "0.86", "size": "8.77", "side": "SELL", "hash": "ac09c5908bed262a653fd90742e32ce56eb03298", "best_bid": "0.16", "best_ask": "0.84"}], "timestamp": "1769384126242", "event_type": "price_change"}}
{"_local_timestamp": "2026-01-25T23:35:27.376231+00:00", "data": {"market": "0xd2100e0d91e6b997e6c2b0c4c46d12613ccfa44ddd834efc2012845aa843718b", "price_changes": [{"asset_id": "28891039533982830451513821956382805935153735655153773459467211307411446402774", "price": "0.14", "size": "0", "side": "BUY", "hash": "da6f441bed160ee4af8f46202ef7066f1fc373c4", "best_bid": "0.16", "best_ask": "0.84"}, {"asset_id": "39007255559095482880929764963674109227477798450199182036142529166916699302695", "price": "0.86", "size": "0", "side": "SELL", "hash": "5db6d9ce35d431d2899d2dda3d702a665b1707dd", "best_bid": "0.16", "best_ask": "0.84"}], "timestamp": "1769384127251", "event_type": "price_change"}}
{"_local_timestamp": "2026-01-25T23:35:27.702859+00:00", "data": {"market": "0xd2100e0d91e6b997e6c2b0c4c46d12613ccfa44ddd834efc2012845aa843718b", "price_changes": [{"asset_id": "28891039533982830451513821956382805935153735655153773459467211307411446402774", "price": "0.11", "size": "16.77", "side": "BUY", "hash": "0174568d61bb2f778f32b795abc30567f3fbdefb", "best_bid": "0.16", "best_ask": "0.84"}, {"asset_id": "39007255559095482880929764963674109227477798450199182036142529166916699302695", "price": "0.89", "size": "16.77", "side": "SELL", "hash": "518bc89f5a6b118525400d8f2b12028984d0876c", "best_bid": "0.16", "best_ask": "0.84"}], "timestamp": "1769384127639", "event_type": "price_change"}}
{"_local_timestamp": "2026-01-25T23:36:59.439474+00:00", "data": {"market": "0xd2100e0d91e6b997e6c2b0c4c46d12613ccfa44ddd834efc2012845aa843718b", "price_changes": [{"asset_id": "39007255559095482880929764963674109227477798450199182036142529166916699302695", "price": "0.14", "size": "0", "side": "BUY", "hash": "994dea95c7fdecee5ab963af8dfa71b9b6d163ce", "best_bid": "0.16", "best_ask": "0.84"}, {"asset_id": "28891039533982830451513821956382805935153735655153773459467211307411446402774", "price": "0.86", "size": "0", "side": "SELL", "hash": "69ddd36a1da6c943e96d4e81c661f7e7e6caf9c9", "best_bid": "0.16", "best_ask": "0.84"}], "timestamp": "1769384219271", "event_type": "price_change"}}
{"_local_timestamp": "2026-01-25T23:36:59.440100+00:00", "data": {"market": "0xd2100e0d91e6b997e6c2b0c4c46d12613ccfa44ddd834efc2012845aa843718b", "price_changes": [{"asset_id": "28891039533982830451513821956382805935153735655153773459467211307411446402774", "price": "0.11", "size": "6.15", "side": "BUY", "hash": "dd86b637b073c5aeed3ac1336924615bf3a5f47e", "best_bid": "0.16", "best_ask": "0.84"}, {"asset_id": "39007255559095482880929764963674109227477798450199182036142529166916699302695", "price": "0.89", "size": "6.15", "side": "SELL", "hash": "b261528b84e398a4cf6328bffede44005a140a56", "best_bid": "0.16", "best_ask": "0.84"}], "timestamp": "1769384219272", "event_type": "price_change"}}
{"_local_timestamp": "2026-01-25T23:37:01.416236+00:00", "data": {"market": "0xd2100e0d91e6b997e6c2b0c4c46d12613ccfa44ddd834efc2012845aa843718b", "price_changes": [{"asset_id": "28891039533982830451513821956382805935153735655153773459467211307411446402774", "price": "0.12", "size": "9.74", "side": "BUY", "hash": "b59899b784bc15eb34542be64a395afd6cd94345", "best_bid": "0.16", "best_ask": "0.84"}, {"asset_id": "39007255559095482880929764963674109227477798450199182036142529166916699302695", "price": "0.88", "size": "9.74", "side": "SELL", "hash": "9ad5088bbd124488bc1640448448ba4d12630c2c", "best_bid": "0.16", "best_ask": "0.84"}], "timestamp": "1769384221233", "event_type": "price_change"}}
{"_local_timestamp": "2026-01-25T23:37:01.422019+00:00", "data": {"market": "0xd2100e0d91e6b997e6c2b0c4c46d12613ccfa44ddd834efc2012845aa843718b", "price_changes": [{"asset_id": "39007255559095482880929764963674109227477798450199182036142529166916699302695", "price": "0.11", "size": "16.77", "side": "BUY", "hash": "876317fb51b53476d646954758116f30336a2c3f", "best_bid": "0.16", "best_ask": "0.84"}, {"asset_id": "28891039533982830451513821956382805935153735655153773459467211307411446402774", "price": "0.89", "size": "16.77", "side": "SELL", "hash": "bdddc8d37315bee38fc29b86198609744bfd56f8", "best_bid": "0.16", "best_ask": "0.84"}], "timestamp": "1769384221234", "event_type": "price_change"}}
{"_local_timestamp": "2026-01-25T23:37:32.383733+00:00", "data": {"market": "0xd2100e0d91e6b997e6c2b0c4c46d12613ccfa44ddd834efc2012845aa843718b", "price_changes": [{"asset_id": "39007255559095482880929764963674109227477798450199182036142529166916699302695", "price": "0.11", "size": "5.61", "side": "BUY", "hash": "8321ae29e29845552eb65297925020e647ed6430", "best_bid": "0.16", "best_ask": "0.84"}, {"asset_id": "28891039533982830451513821956382805935153735655153773459467211307411446402774", "price": "0.89", "size": "5.61", "side": "SELL", "hash": "318cdd632db4e55bd777d5dbf2ace0ef67d4a310", "best_bid": "0.16", "best_ask": "0.84"}], "timestamp": "1769384252298", "event_type": "price_change"}}
{"_local_timestamp": "2026-01-25T23:37:32.788826+00:00", "data": {"market": "0xd2100e0d91e6b997e6c2b0c4c46d12613ccfa44ddd834efc2012845aa843718b", "price_changes": [{"asset_id": "28891039533982830451513821956382805935153735655153773459467211307411446402774", "price": "0.12", "size": "0", "side": "BUY", "hash": "1d5060237654dd94c59fdc14cfdef3376d85d43a", "best_bid": "0.16", "best_ask": "0.84"}, {"asset_id": "39007255559095482880929764963674109227477798450199182036142529166916699302695", "price": "0.88", "size": "0", "side": "SELL", "hash": "0ab6ce543c513ff50258831e229a4ae597ce400b", "best_bid": "0.16", "best_ask": "0.84"}], "timestamp": "1769384252718", "event_type": "price_change"}}
{"_local_timestamp": "2026-01-25T23:37:33.195517+00:00", "data": {"market": "0xd2100e0d91e6b997e6c2b0c4c46d12613ccfa44ddd834efc2012845aa843718b", "price_changes": [{"asset_id": "28891039533982830451513821956382805935153735655153773459467211307411446402774", "price": "0.13", "size": "8.99", "side": "BUY", "hash": "f43f982a3f863bf589986bb94e1bc22091b777a8", "best_bid": "0.16", "best_ask": "0.84"}, {"asset_id": "39007255559095482880929764963674109227477798450199182036142529166916699302695", "price": "0.87", "size": "8.99", "side": "SELL", "hash": "84e3f54c1c34791932b056c3189260d19dc7d983", "best_bid": "0.16", "best_ask": "0.84"}], "timestamp": "1769384253051", "event_type": "price_change"}}
{"_local_timestamp": "2026-01-25T23:37:33.790458+00:00", "data": {"market": "0xd2100e0d91e6b997e6c2b0c4c46d12613ccfa44ddd834efc2012845aa843718b", "price_changes": [{"asset_id": "39007255559095482880929764963674109227477798450199182036142529166916699302695", "price": "0.12", "size": "10.23", "side": "BUY", "hash": "3496cb03ded672b9f8f75aa6015ab58a1e6cc689", "best_bid": "0.16", "best_ask": "0.84"}, {"asset_id": "28891039533982830451513821956382805935153735655153773459467211307411446402774", "price": "0.88", "size": "10.23", "side": "SELL", "hash": "2a3a37d6ec313f3d58f9f207628aecf140cdb54f", "best_bid": "0.16", "best_ask": "0.84"}], "timestamp": "1769384253710", "event_type": "price_change"}}
{"_local_timestamp": "2026-01-25T23:38:16.555518+00:00", "data": {"market": "0xd2100e0d91e6b997e6c2b0c4c46d12613ccfa44ddd834efc2012845aa843718b", "price_changes": [{"asset_id": "39007255559095482880929764963674109227477798450199182036142529166916699302695", "price": "0.12", "size": "0", "side": "BUY", "hash": "6be681b236ed6a12b07ea047c8105c4885cd1164", "best_bid": "0.16", "best_ask": "0.84"}, {"asset_id": "28891039533982830451513821956382805935153735655153773459467211307411446402774", "price": "0.88", "size": "0", "side": "SELL", "hash": "079ff7dc3d3d6351da3a67723530218805a8a8c6", "best_bid": "0.16", "best_ask": "0.84"}], "timestamp": "1769384296489", "event_type": "price_change"}}
{"_local_timestamp": "2026-01-25T23:38:16.556426+00:00", "data": {"market": "0xd2100e0d91e6b997e6c2b0c4c46d12613ccfa44ddd834efc2012845aa843718b", "price_changes": [{"asset_id": "28891039533982830451513821956382805935153735655153773459467211307411446402774", "price": "0.13", "size": "0", "side": "BUY", "hash": "1619364f7c0e39197c3d12ad18a5cef3bf4dc44f", "best_bid": "0.16", "best_ask": "0.84"}, {"asset_id": "39007255559095482880929764963674109227477798450199182036142529166916699302695", "price": "0.87", "size": "0", "side": "SELL", "hash": "c01f549a953ccd010f75100cfc92e7c150b213ee", "best_bid": "0.16", "best_ask": "0.84"}], "timestamp": "1769384296489", "event_type": "price_change"}}
{"_local_timestamp": "2026-01-25T23:38:16.893287+00:00", "data": {"market": "0xd2100e0d91e6b997e6c2b0c4c46d12613ccfa44ddd834efc2012845aa843718b", "price_changes": [{"asset_id": "39007255559095482880929764963674109227477798450199182036142529166916699302695", "price": "0.11", "size": "16.77", "side": "BUY", "hash": "d52a43954c73ded5b92401eb094597ff31c67cf5", "best_bid": "0.16", "best_ask": "0.84"}, {"asset_id": "28891039533982830451513821956382805935153735655153773459467211307411446402774", "price": "0.89", "size": "16.77", "side": "SELL", "hash": "1ceb07a06da771f67df8a841bced694894f6eaf9", "best_bid": "0.16", "best_ask": "0.84"}], "timestamp": "1769384296826", "event_type": "price_change"}}
{"_local_timestamp": "2026-01-25T23:38:16.893753+00:00", "data": {"market": "0xd2100e0d91e6b997e6c2b0c4c46d12613ccfa44ddd834efc2012845aa843718b", "price_changes": [{"asset_id": "28891039533982830451513821956382805935153735655153773459467211307411446402774", "price": "0.14", "size": "8.35", "side": "BUY", "hash": "b52b6e5058b1b1346abfab2ab59b9d9803076e72", "best_bid": "0.16", "best_ask": "0.84"}, {"asset_id": "39007255559095482880929764963674109227477798450199182036142529166916699302695", "price": "0.86", "size": "8.35", "side": "SELL", "hash": "cdf34a6c15c01d1ba895898c84cba3eda1c2cad8", "best_bid": "0.16", "best_ask": "0.84"}], "timestamp": "1769384296827", "event_type": "price_change"}}
{"_local_timestamp": "2026-01-25T23:38:31.798722+00:00", "data": {"market": "0xd2100e0d91e6b997e6c2b0c4c46d12613ccfa44ddd834efc2012845aa843718b", "price_changes": [{"asset_id": "39007255559095482880929764963674109227477798450199182036142529166916699302695", "price": "0.11", "size": "0", "side": "BUY", "hash": "fe67fab6bf01d43e34275bc0d2bdde7296883f4c", "best_bid": "0.16", "best_ask": "0.84"}, {"asset_id": "28891039533982830451513821956382805935153735655153773459467211307411446402774", "price": "0.89", "size": "0", "side": "SELL", "hash": "9663f60b324d31a20121384a3a34d0e0bf1f4bc2", "best_bid": "0.16", "best_ask": "0.84"}], "timestamp": "1769384311728", "event_type": "price_change"}}
{"_local_timestamp": "2026-01-25T23:38:32.255456+00:00", "data": {"market": "0xd2100e0d91e6b997e6c2b0c4c46d12613ccfa44ddd834efc2012845aa843718b", "price_changes": [{"asset_id": "39007255559095482880929764963674109227477798450199182036142529166916699302695", "price": "0.09", "size": "12.58", "side": "BUY", "hash": "dd2ca28ff7551236b1813bb1425817b090c29bd9", "best_bid": "0.16", "best_ask": "0.84"}, {"asset_id": "28891039533982830451513821956382805935153735655153773459467211307411446402774", "price": "0.91", "size": "12.58", "side": "SELL", "hash": "862d7a99e627d5e1129206224d9404541d0c4c87", "best_bid": "0.16", "best_ask": "0.84"}], "timestamp": "1769384312189", "event_type": "price_change"}}
{"_local_timestamp": "2026-01-25T23:38:32.264577+00:00", "data": {"market": "0xd2100e0d91e6b997e6c2b0c4c46d12613ccfa44ddd834efc2012845aa843718b", "price_changes": [{"asset_id": "39007255559095482880929764963674109227477798450199182036142529166916699302695", "price": "0.13", "size": "9.66", "side": "BUY", "hash": "3ec1ce484c888e65d8dd8a966d061bf12978696b", "best_bid": "0.16", "best_ask": "0.84"}, {"asset_id": "28891039533982830451513821956382805935153735655153773459467211307411446402774", "price": "0.87", "size": "9.66", "side": "SELL", "hash": "131f9c470c8a06ef77091eba6da398f5d05478b5", "best_bid": "0.16", "best_ask": "0.84"}], "timestamp": "1769384312194", "event_type": "price_change"}}
{"_local_timestamp": "2026-01-25T23:38:32.718952+00:00", "data": {"market": "0xd2100e0d91e6b997e6c2b0c4c46d12613ccfa44ddd834efc2012845aa843718b", "price_changes": [{"asset_id": "28891039533982830451513821956382805935153735655153773459467211307411446402774", "price": "0.14", "size": "0", "side": "BUY", "hash": "afb2d198553e714aa4bb08b02ffa1d0c86dfbc86", "best_bid": "0.16", "best_ask": "0.84"}, {"asset_id": "39007255559095482880929764963674109227477798450199182036142529166916699302695", "price": "0.86", "size": "0", "side": "SELL", "hash": "9288a019e27817d959c863d3ac56bf24f0865534", "best_bid": "0.16", "best_ask": "0.84"}], "timestamp": "1769384312647", "event_type": "price_change"}}
{"_local_timestamp": "2026-01-25T23:38:33.128084+00:00", "data": {"market": "0xd2100e0d91e6b997e6c2b0c4c46d12613ccfa44ddd834efc2012845aa843718b", "price_changes": [{"asset_id": "28891039533982830451513821956382805935153735655153773459467211307411446402774", "price": "0.14", "size": "8.35", "side": "BUY", "hash": "fcffa9d1b267ec5888688cdfddb5b9e9cc745edc", "best_bid": "0.16", "best_ask": "0.84"}, {"asset_id": "39007255559095482880929764963674109227477798450199182036142529166916699302695", "price": "0.86", "size": "8.35", "side": "SELL", "hash": "a7dc3a5b921d8eaa9102bd278c3d621145ad2e02", "best_bid": "0.16", "best_ask": "0.84"}], "timestamp": "1769384313063", "event_type": "price_change"}}
{"_local_timestamp": "2026-01-25T23:38:49.032423+00:00", "data": {"market": "0xd2100e0d91e6b997e6c2b0c4c46d12613ccfa44ddd834efc2012845aa843718b", "price_changes": [{"asset_id": "28891039533982830451513821956382805935153735655153773459467211307411446402774", "price": "0.14", "size": "0", "side": "BUY", "hash": "2dfa2d19fc9d8f500a1f320b2c985b9d4a1be910", "best_bid": "0.16", "best_ask": "0.84"}, {"asset_id": "39007255559095482880929764963674109227477798450199182036142529166916699302695", "price": "0.86", "size": "0", "side": "SELL", "hash": "2292452c0ce8a3d36ed5d2ed8a3975fadf229551", "best_bid": "0.16", "best_ask": "0.84"}], "timestamp": "1769384328969", "event_type": "price_change"}}
{"_local_timestamp": "2026-01-25T23:38:49.615929+00:00", "data": {"market": "0xd2100e0d91e6b997e6c2b0c4c46d12613ccfa44ddd834efc2012845aa843718b", "price_changes": [{"asset_id": "28891039533982830451513821956382805935153735655153773459467211307411446402774", "price": "0.14", "size": "8.35", "side": "BUY", "hash": "65e8cc84144e507dad14663b38bf739f881985c1", "best_bid": "0.16", "best_ask": "0.84"}, {"asset_id": "39007255559095482880929764963674109227477798450199182036142529166916699302695", "price": "0.86", "size": "8.35", "side": "SELL", "hash": "0eada07049c8dff0bb117bf706dbe24c444a8173", "best_bid": "0.16", "best_ask": "0.84"}], "timestamp": "1769384329515", "event_type": "price_change"}}
{"_local_timestamp": "2026-01-25T23:39:07.690341+00:00", "data": {"market": "0xd2100e0d91e6b997e6c2b0c4c46d12613ccfa44ddd834efc2012845aa843718b", "price_changes": [{"asset_id": "28891039533982830451513821956382805935153735655153773459467211307411446402774", "price": "0.14", "size": "0", "side": "BUY", "hash": "0153bf8b42c448e15a7b1f5501f37e7435de555b", "best_bid": "0.16", "best_ask": "0.84"}, {"asset_id": "39007255559095482880929764963674109227477798450199182036142529166916699302695", "price": "0.86", "size": "0", "side": "SELL", "hash": "351bdb988d06878765002b95de0d8df4fa9909e1", "best_bid": "0.16", "best_ask": "0.84"}], "timestamp": "1769384347611", "event_type": "price_change"}}
{"_local_timestamp": "2026-01-25T23:39:08.109540+00:00", "data": {"market": "0xd2100e0d91e6b997e6c2b0c4c46d12613ccfa44ddd834efc2012845aa843718b", "price_changes": [{"asset_id": "28891039533982830451513821956382805935153735655153773459467211307411446402774", "price": "0.14", "size": "8.35", "side": "BUY", "hash": "1356e993b4309f7f8f60020fc93712aacef939f7", "best_bid": "0.16", "best_ask": "0.84"}, {"asset_id": "39007255559095482880929764963674109227477798450199182036142529166916699302695", "price": "0.86", "size": "8.35", "side": "SELL", "hash": "c99d5c19b37e2e080637d7b7adcdfa09d949907b", "best_bid": "0.16", "best_ask": "0.84"}], "timestamp": "1769384348040", "event_type": "price_change"}}
{"_local_timestamp": "2026-01-25T23:39:23.803924+00:00", "data": {"market": "0xd2100e0d91e6b997e6c2b0c4c46d12613ccfa44ddd834efc2012845aa843718b", "price_changes": [{"asset_id": "39007255559095482880929764963674109227477798450199182036142529166916699302695", "price": "0.09", "size": "6.04", "side": "BUY", "hash": "fea453eedf661dbf520be9ca0708224268cd4751", "best_bid": "0.16", "best_ask": "0.84"}, {"asset_id": "28891039533982830451513821956382805935153735655153773459467211307411446402774", "price": "0.91", "size": "6.04", "side": "SELL", "hash": "cd6f6c6f1651dea2418eec1b05c2490db3229829", "best_bid": "0.16", "best_ask": "0.84"}], "timestamp": "1769384363729", "event_type": "price_change"}}
{"_local_timestamp": "2026-01-25T23:39:23.805065+00:00", "data": {"market": "0xd2100e0d91e6b997e6c2b0c4c46d12613ccfa44ddd834efc2012845aa843718b", "price_changes": [{"asset_id": "39007255559095482880929764963674109227477798450199182036142529166916699302695", "price": "0.13", "size": "0", "side": "BUY", "hash": "fea453eedf661dbf520be9ca0708224268cd4751", "best_bid": "0.16", "best_ask": "0.84"}, {"asset_id": "28891039533982830451513821956382805935153735655153773459467211307411446402774", "price": "0.87", "size": "0", "side": "SELL", "hash": "cd6f6c6f1651dea2418eec1b05c2490db3229829", "best_bid": "0.16", "best_ask": "0.84"}], "timestamp": "1769384363729", "event_type": "price_change"}}
{"_local_timestamp": "2026-01-25T23:39:24.139329+00:00", "data": {"market": "0xd2100e0d91e6b997e6c2b0c4c46d12613ccfa44ddd834efc2012845aa843718b", "price_changes": [{"asset_id": "39007255559095482880929764963674109227477798450199182036142529166916699302695", "price": "0.14", "size": "7.19", "side": "BUY", "hash": "914e4e314963a5365bbfceee4dd49c64fdfad085", "best_bid": "0.16", "best_ask": "0.84"}, {"asset_id": "28891039533982830451513821956382805935153735655153773459467211307411446402774", "price": "0.86", "size": "7.19", "side": "SELL", "hash": "ad5b3e5714e87b53937778e28d12d731dff1e982", "best_bid": "0.16", "best_ask": "0.84"}], "timestamp": "1769384364064", "event_type": "price_change"}}
{"_local_timestamp": "2026-01-25T23:39:24.140331+00:00", "data": {"market": "0xd2100e0d91e6b997e6c2b0c4c46d12613ccfa44ddd834efc2012845aa843718b", "price_changes": [{"asset_id": "39007255559095482880929764963674109227477798450199182036142529166916699302695", "price": "0.11", "size": "7.62", "side": "BUY", "hash": "4660b4b2c04d00e2c5332a4757de9a7267f4f49d", "best_bid": "0.16", "best_ask": "0.84"}, {"asset_id": "28891039533982830451513821956382805935153735655153773459467211307411446402774", "price": "0.89", "size": "7.62", "side": "SELL", "hash": "580b9735dfdfb13bb3da575077da9bbdbaa8ff06", "best_bid": "0.16", "best_ask": "0.84"}], "timestamp": "1769384364066", "event_type": "price_change"}}
