{"_local_timestamp": "2026-01-25T23:41:15.728857+00:00", "data": [{"market": "0xd2100e0d91e6b997e6c2b0c4c46d12613ccfa44ddd834efc2012845aa843718b", "asset_id": "28891039533982830451513821956382805935153735655153773459467211307411446402774", "timestamp": "1769384472502", "hash": "fe95a4054be13e0c434a51c388419946db7172cd", "bids": [{"price": "0.01", "size": "465.41"}, {"price": "0.02", "size": "117.18"}, {"price": "0.03", "size": "21.9"}, {"price": "0.04", "size": "50"}, {"price": "0.05", "size": "26.28"}, {"price": "0.06", "size": "15.7"}, {"price": "0.08", "size": "25"}, {"price": "0.09", "size": "6.04"}, {"price": "0.1", "size": "240"}, {"price": "0.11", "size": "6.15"}, {"price": "0.14", "size": "8.35"}, {"price": "0.16", "size": "12.5"}], "asks": [{"price": "0.99", "size": "465.41"}, {"price": "0.98", "size": "117.18"}, {"price": "0.97", "size": "21.9"}, {"price": "0.96", "size": "50"}, {"price": "0.95", "size": "26.28"}, {"price": "0.94", "size": "15.7"}, {"price": "0.92", "size": "25"}, {"price": "0.91", "size": "6.04"}, {"price": "0.9", "size": "240"}, {"price": "0.89", "size": "7.62"}, {"price": "0.86", "size": "7.19"}, {"price": "0.84", "size": "12.5"}], "event_type": "book", "last_trade_price": ""}, {"market": "0xd2100e0d91e6b997e6c2b0c4c46d12613ccfa44ddd834efc2012845aa843718b", "asset_id": "39007255559095482880929764963674109227477798450199182036142529166916699302695", "timestamp": "1769384472502", "hash": "0105fad54737affc5ae769641d761f407ffe9d90", "bids": [{"price": "0.01", "size": "465.41"}, {"price": "0.02", "size": "117.18"}, {"price": "0.03", "size": "21.9"}, {"price": "0.04", "size": "50"}, {"price": "0.05", "size": "26.28"}, {"price": "0.06", "size": "15.7"}, {"price": "0.08", "size": "25"}, {"price": "0.09", "size": "6.04"}, {"price": "0.1", "size": "240"}, {"price": "0.11", "size": "7.62"}, {"price": "0.14", "size": "7.19"}, {"price": "0.16", "size": "12.5"}], "asks": [{"price": "0.99", "size": "465.41"}, {"price": "0.98", "size": "117.18"}, {"price": "0.97", "size": "21.9"}, {"price": "0.96", "size": "50"}, {"price": "0.95", "size": "26.28"}, {"price": "0.94", "size": "15.7"}, {"price": "0.92", "size": "25"}, {"price": "0.91", "size": "6.04"}, {"price": "0.9", "size": "240"}, {"price": "0.89", "size": "6.15"}, {"price": "0.86", "size": "8.35"}, {"price": "0.84", "size": "12.5"}], "event_type": "book", "last_trade_price": ""}]}
{"_local_timestamp": "2026-01-25T23:41:22.903058+00:00", "data": {"market": "0xd2100e0d91e6b997e6c2b0c4c46d12613ccfa44ddd834efc2012845aa843718b", "price_changes": [{"asset_id": "28891039533982830451513821956382805935153735655153773459467211307411446402774", "price": "0.14", "size": "0", "side": "BUY", "hash": "4ba8fcaf3e4ef18443369cd26acd783492fb0e99", "best_bid": "0.16", "best_ask": "0.84"}, {"asset_id": "39007255559095482880929764963674109227477798450199182036142529166916699302695", "price": "0.86", "size": "0", "side": "SELL", "hash": "331f643d94ee2c9a0e00d0c0770be31eaac36d11", "best_bid": "0.16", "best_ask": "0.84"}], "timestamp": "1769384482830", "event_type": "price_change"}}
{"_local_timestamp": "2026-01-25T23:41:23.298835+00:00", "data": {"market": "0xd2100e0d91e6b997e6c2b0c4c46d12613ccfa44ddd834efc2012845aa843718b", "price_changes": [{"asset_id": "28891039533982830451513821956382805935153735655153773459467211307411446402774", "price": "0.11", "size": "16.77", "side": "BUY", "hash": "1b87614d009b077b1ea9795648e80f95cf4a884b", "best_bid": "0.16", "best_ask": "0.84"}, {"asset_id": "39007255559095482880929764963674109227477798450199182036142529166916699302695", "price": "0.89", "size": "16.77", "side": "SELL", "hash": "7d78eeb877e4d900abdd2c571b4cee61f640ebf6", "best_bid": "0.16", "best_ask": "0.84"}], "timestamp": "1769384483221", "event_type": "price_change"}}
{"_local_timestamp": "2026-01-25T23:41:45.885626+00:00", "data": {"market": "0xd2100e0d91e6b997e6c2b0c4c46d12613ccfa44ddd834efc2012845aa843718b", "price_changes": [{"asset_id": "28891039533982830451513821956382805935153735655153773459467211307411446402774", "price": "0.11", "size": "6.15", "side": "BUY", "hash": "f02b19931f0b18378d311e335e1d773b16c4d17a", "best_bid": "0.16", "best_ask": "0.84"}, {"asset_id": "39007255559095482880929764963674109227477798450199182036142529166916699302695", "price": "0.89", "size": "6.15", "side": "SELL", "hash": "d4d8c23f602d54e3fbcd25b20b91d7dc8cdbb9d1", "best_bid": "0.16", "best_ask": "0.84"}], "timestamp": "1769384505806", "event_type": "price_change"}}
{"_local_timestamp": "2026-01-25T23:41:46.237719+00:00", "data": {"market": "0xd2100e0d91e6b997e6c2b0c4c46d12613ccfa44ddd834efc2012845aa843718b", "price_changes": [{"asset_id": "28891039533982830451513821956382805935153735655153773459467211307411446402774", "price": "0.11", "size": "16.77", "side": "BUY", "hash": "18999f7c9bc5e0ca12ed9a710eda8e2e43d3d3d4", "best_bid": "0.16", "best_ask": "0.84"}, {"asset_id": "39007255559095482880929764963674109227477798450199182036142529166916699302695", "price": "0.89", "size": "16.77", "side": "SELL", "hash": "74b15fe7a77b8b8b99950d7b103e1293cf65f1a3", "best_bid": "0.16", "best_ask": "0.84"}], "timestamp": "1769384506167", "event_type": "price_change"}}
