{"_local_timestamp": "2026-01-25T23:34:03.551537+00:00", "data": [{"market": "0xe93e1172ae9f42792c15586750c1d2235e5209aedc78a40caa47d8731c0ba618", "asset_id": "62630576947209440586217695565947879479835921643953266269695982420825857167717", "timestamp": "1769384022836", "hash": "6d3f1677fe13199ea927ed303c7813965dc7256d", "bids": [{"price": "0.01", "size": "200"}, {"price": "0.02", "size": "59.99"}], "asks": [{"price": "0.99", "size": "1450"}, {"price": "0.97", "size": "1800"}, {"price": "0.95", "size": "630"}, {"price": "0.94", "size": "33"}, {"price": "0.92", "size": "400"}, {"price": "0.9", "size": "5"}, {"price": "0.86", "size": "500"}, {"price": "0.82", "size": "5"}, {"price": "0.81", "size": "10"}, {"price": "0.8", "size": "20"}, {"price": "0.5", "size": "105"}], "event_type": "book", "last_trade_price": ""}, {"market": "0x1571094c4842ab99c24972c2e153739d3de3f93d48d67253b5455b7ec78974c1", "asset_id": "37004281914726984205226035287493665849615816863642132233426483513642205359899", "timestamp": "1769382614011", "hash": "10a8a3a72b83079f39e7554e3c9620251a4630ea", "bids": [{"price": "0.01", "size": "200"}], "asks": [{"price": "0.99", "size": "1450"}, {"price": "0.98", "size": "800"}, {"price": "0.95", "size": "1530"}, {"price": "0.94", "size": "33"}, {"price": "0.91", "size": "700"}, {"price": "0.9", "size": "5"}, {"price": "0.86", "size": "200"}, {"price": "0.85", "size": "50"}, {"price": "0.82", "size": "11"}, {"price": "0.81", "size": "20"}, {"price": "0.45", "size": "130"}, {"price": "0.42", "size": "55"}], "event_type": "book", "last_trade_price": ""}, {"market": "0x51590eecf7ce40661dff7dd94edad9a5ea40b0448400e5e8aa0d9fd5babdb983", "asset_id": "89890357880770130920569229063842559314134493913515800790163996850987882630010", "timestamp": "1769384020816", "hash": "96d2420e2fb0d644148dc5c57f7e4419a1db8586", "bids": [{"price": "0.01", "size": "200"}, {"price": "0.02", "size": "59.99"}], "asks": [{"price": "0.99", "size": "1450"}, {"price": "0.98", "size": "800"}, {"price": "0.95", "size": "1530"}, {"price": "0.94", "size": "33"}, {"price": "0.91", "size": "700"}, {"price": "0.85", "size": "300"}, {"price": "0.84", "size": "12"}, {"price": "0.8", "size": "79.16"}, {"price": "0.79", "size": "20"}, {"price": "0.38", "size": "105"}], "event_type": "book", "last_trade_price": ""}, {"market": "0x14b906e88fddba6efadacd3f7ae0df93805166b454ea71fb0ea0dae3ab96576f", "asset_id": "11132690929356801463732741924202950567964574031746733374361035435797154954949", "timestamp": "1769384022836", "hash": "1891852a668867a924709c4e9e6878518426bb79", "bids": [{"price": "0.01", "size": "200"}, {"price": "0.02", "size": "59.99"}], "asks": [{"price": "0.99", "size": "1450"}, {"price": "0.98", "size": "800"}, {"price": "0.95", "size": "1530"}, {"price": "0.94", "size": "33"}, {"price": "0.92", "size": "400"}, {"price": "0.9", "size": "5"}, {"price": "0.86", "size": "500"}, {"price": "0.84", "size": "10"}, {"price": "0.79", "size": "9"}, {"price": "0.78", "size": "20"}, {"price": "0.42", "size": "105"}], "event_type": "book", "last_trade_price": ""}, {"market": "0x9c5883f956da9ccf33625b08c94261e10b1eb31ce5b44fa0d17612cc0ceb6102", "asset_id": "87942290941332559577877209759925771690637726145627200842872693884286667944656", "timestamp": "1769382984708", "hash": "081095df103a6328ae3652ae930fa93e08f30abc", "bids": [{"price": "0.01", "size": "1450"}, {"price": "0.02", "size": "800"}, {"price": "0.05", "size": "1530"}, {"price": "0.06", "size": "33"}, {"price": "0.09", "size": "700"}, {"price": "0.1", "size": "5"}, {"price": "0.14", "size": "200"}, {"price": "0.15", "size": "50"}, {"price": "0.22", "size": "9"}, {"price": "0.23", "size": "20"}, {"price": "0.54", "size": "115"}], "asks": [{"price": "0.99", "size": "200"}, {"price": "0.98", "size": "59.99"}], "event_type": "book", "last_trade_price": ""}, {"market": "0x54f2bd6b1213cdc416ad535df6bba27cce141b0d9bc945bc797844f5329e30e8", "asset_id": "18160631375660211935156261059738170928526980814907427549931802085914052152322", "timestamp": "1769382244539", "hash": "e904836dac655058bf50aac1cd86047bb2afe91f", "bids": [{"price": "0.01", "size": "200"}, {"price": "0.02", "size": "50"}, {"price": "0.06", "size": "33"}, {"price": "0.1", "size": "110"}], "asks": [{"price": "0.99", "size": "250"}, {"price": "0.96", "size": "33"}, {"price": "0.95", "size": "30"}, {"price": "0.94", "size": "33"}, {"price": "0.89", "size": "18"}, {"price": "0.88", "size": "20"}, {"price": "0.8", "size": "5"}, {"price": "0.5", "size": "50"}, {"price": "0.49", "size": "14.8"}], "event_type": "book", "last_trade_price": ""}, {"market": "0x51590eecf7ce40661dff7dd94edad9a5ea40b0448400e5e8aa0d9fd5babdb983", "asset_id": "45399530938207889972077387747136750698904094570155756099829002558971891261297", "timestamp": "1769384020816", "hash": "15fc69ed8a072de38b7883d7fadda9a18ac3464a", "bids": [{"price": "0.01", "size": "1450"}, {"price": "0.02", "size": "800"}, {"price": "0.05", "size": "1530"}, {"price": "0.06", "size": "33"}, {"price": "0.09", "size": "700"}, {"price": "0.15", "size": "300"}, {"price": "0.16", "size": "12"}, {"price": "0.2", "size": "79.16"}, {"price": "0.21", "size": "20"}, {"price": "0.62", "size": "105"}], "asks": [{"price": "0.99", "size": "200"}, {"price": "0.98", "size": "59.99"}], "event_type": "book", "last_trade_price": ""}, {"market": "0xfa9f3fc483f7e0f01fe796a159a01d4058814a260856183399179f00cc21ec9b", "asset_id": "9310234953096076507899857801199564664412184025334004992015699916204331463603", "timestamp": "1769384038692", "hash": "002c7707e15d44b0b920eebbcad3a044be8217c7", "bids": [{"price": "0.01", "size": "200"}, {"price": "0.02", "size": "100"}, {"price": "0.06", "size": "116.6"}, {"price": "0.1", "size": "10000"}, {"price": "0.11", "size": "9.19"}], "asks": [{"price": "0.99", "size": "1450"}, {"price": "0.98", "size": "800"}, {"price": "0.95", "size": "1530"}, {"price": "0.94", "size": "33"}, {"price": "0.91", "size": "700"}, {"price": "0.86", "size": "200"}, {"price": "0.85", "size": "50"}, {"price": "0.82", "size": "11"}, {"price": "0.8", "size": "8.5"}, {"price": "0.79", "size": "20"}, {"price": "0.36", "size": "125"}], "event_type": "book", "last_trade_price": ""}, {"market": "0x3ffe368ddd9cd7ae949a99353e946bb53cc95ee4d9b55b34deade9a63cdda1f0", "asset_id": "55202758749121816611953211340048766697783907298231881415094812414765156236955", "timestamp": "1769382607068", "hash": "176fac05c27b072a631b8cf3355802807667d512", "bids": [{"price": "0.01", "size": "200"}, {"price": "0.02", "size": "50"}, {"price": "0.05", "size": "20"}], "asks": [{"price": "0.99", "size": "1450"}, {"price": "0.98", "size": "800"}, {"price": "0.95", "size": "1530"}, {"price": "0.94", "size": "33"}, {"price": "0.92", "size": "400"}, {"price": "0.9", "size": "5"}, {"price": "0.86", "size": "500"}, {"price": "0.84", "size": "44"}, {"price": "0.81", "size": "10"}, {"price": "0.8", "size": "20"}, {"price": "0.45", "size": "100"}, {"price": "0.4", "size": "50"}, {"price": "0.39", "size": "13.19"}], "event_type": "book", "last_trade_price": ""}, {"market": "0x2cf3212feaa6cfd5cb94b87c5cd0a85af54e9253e7eeef53de7799f984e2a404", "asset_id": "59231798510075487254967799183621059783382829247518901486895557979932211392437", "timestamp": "1769384022836", "hash": "014960261cbfc27430082f20b1a91258bbe12e32", "bids": [{"price": "0.01", "size": "250"}, {"price": "0.05", "size": "30"}, {"price": "0.06", "size": "48"}, {"price": "0.1", "size": "5"}, {"price": "0.27", "size": "7"}, {"price": "0.28", "size": "20"}, {"price": "0.58", "size": "55"}], "asks": [{"price": "0.99", "size": "200"}, {"price": "0.98", "size": "59.99"}], "event_type": "book", "last_trade_price": ""}, {"market": "0xa29f68ea3494a36f817f37b54ed8e9fbc726bff219383e1940df283716dfc620", "asset_id": "16344222553609986028287513422424705213531135720831739041078529623678066952630", "timestamp": "1769382922845", "hash": "a7026cee3ec77087e29890cfc404516051e73e58", "bids": [{"price": "0.01", "size": "1450"}, {"price": "0.02", "size": "800"}, {"price": "0.05", "size": "1530"}, {"price": "0.06", "size": "33"}, {"price": "0.09", "size": "700"}, {"price": "0.14", "size": "200"}, {"price": "0.21", "size": "105"}, {"price": "0.24", "size": "8"}, {"price": "0.25", "size": "20"}, {"price": "0.65", "size": "125"}], "asks": [{"price": "0.99", "size": "200"}, {"price": "0.98", "size": "59.99"}], "event_type": "book", "last_trade_price": ""}, {"market": "0x14b906e88fddba6efadacd3f7ae0df93805166b454ea71fb0ea0dae3ab96576f", "asset_id": "14106747712625595847775374197239735203456103938867448716658387031929445277567", "timestamp": "1769384022836", "hash": "6bf3b33d4e3951fedc7b811900a0908df29ca326", "bids": [{"price": "0.01", "size": "1450"}, {"price": "0.02", "size": "800"}, {"price": "0.05", "size": "1530"}, {"price": "0.06", "size": "33"}, {"price": "0.08", "size": "400"}, {"price": "0.1", "size": "5"}, {"price": "0.14", "size": "500"}, {"price": "0.16", "size": "10"}, {"price": "0.21", "size": "9"}, {"price": "0.22", "size": "20"}, {"price": "0.58", "size": "105"}], "asks": [{"price": "0.99", "size": "200"}, {"price": "0.98", "size": "59.99"}], "event_type": "book", "last_trade_price": ""}, {"market": "0x1571094c4842ab99c24972c2e153739d3de3f93d48d67253b5455b7ec78974c1", "asset_id": "68942272452437144973851850444079028806882609136700995872294037563976594455382", "timestamp": "1769382614011", "hash": "5c8e2d0b119adb75c264505c21a77c2e8c7a7706", "bids": [{"price": "0.01", "size": "1450"}, {"price": "0.02", "size": "800"}, {"price": "0.05", "size": "1530"}, {"price": "0.06", "size": "33"}, {"price": "0.09", "size": "700"}, {"price": "0.1", "size": "5"}, {"price": "0.14", "size": "200"}, {"price": "0.15", "size": "50"}, {"price": "0.18", "size": "11"}, {"price": "0.19", "size": "20"}, {"price": "0.55", "size": "130"}, {"price": "0.58", "size": "55"}], "asks": [{"price": "0.99", "size": "200"}], "event_type": "book", "last_trade_price": ""}, {"market": "0x3ffe368ddd9cd7ae949a99353e946bb53cc95ee4d9b55b34deade9a63cdda1f0", "asset_id": "1151675518088212624053901139397564467974271375432217470836164998162776818575", "timestamp": "1769382607068", "hash": "1b62fa490fecc66b5f2076e0b8a71c949aa70220", "bids": [{"price": "0.01", "size": "1450"}, {"price": "0.02", "size": "800"}, {"price": "0.05", "size": "1530"}, {"price": "0.06", "size": "33"}, {"price": "0.08", "size": "400"}, {"price": "0.1", "size": "5"}, {"price": "0.14", "size": "500"}, {"price": "0.16", "size": "44"}, {"price": "0.19", "size": "10"}, {"price": "0.2", "size": "20"}, {"price": "0.55", "size": "100"}, {"price": "0.6", "size": "50"}, {"price": "0.61", "size": "13.19"}], "asks": [{"price": "0.99", "size": "200"}, {"price": "0.98", "size": "50"}, {"price": "0.95", "size": "20"}], "event_type": "book", "last_trade_price": ""}, {"market": "0x9c5883f956da9ccf33625b08c94261e10b1eb31ce5b44fa0d17612cc0ceb6102", "asset_id": "65955084541941183936385697482376979943487525899718321397176875005119521184488", "timestamp": "1769382984708", "hash": "40ab9aac98d1177b479d0925cb63f168105a99c7", "bids": [{"price": "0.01", "size": "200"}, {"price": "0.02", "size": "59.99"}], "asks": [{"price": "0.99", "size": "1450"}, {"price": "0.98", "size": "800"}, {"price": "0.95", "size": "1530"}, {"price": "0.94", "size": "33"}, {"price": "0.91", "size": "700"}, {"price": "0.9", "size": "5"}, {"price": "0.86", "size": "200"}, {"price": "0.85", "size": "50"}, {"price": "0.78", "size": "9"}, {"price": "0.77", "size": "20"}, {"price": "0.46", "size": "115"}], "event_type": "book", "last_trade_price": ""}, {"market": "0x329f8dc1621a13f82b2c68675b4a80db1a1230c498e5176fbe336280d1f3b716", "asset_id": "1784288579625468552260523766523508678638849950934120974322595635011554159910", "timestamp": "1769382575397", "hash": "b8b63a1e5876e33131e9d4ed3f89a3792e49dbe6", "bids": [{"price": "0.01", "size": "1450"}, {"price": "0.02", "size": "800"}, {"price": "0.05", "size": "1530"}, {"price": "0.06", "size": "33"}, {"price": "0.09", "size": "700"}, {"price": "0.14", "size": "200"}, {"price": "0.15", "size": "50"}, {"price": "0.22", "size": "9"}, {"price": "0.23", "size": "20"}, {"price": "0.64", "size": "115"}], "asks": [{"price": "0.99", "size": "200"}, {"price": "0.98", "size": "59.99"}], "event_type": "book", "last_trade_price": ""}, {"market": "0x84502609a090be0ce43732f8ffda6ec8522bddcf0561f04e7522869fabaadab8", "asset_id": "69949805663605875706432472534555906629637646365659434873485178926861108930926", "timestamp": "1769384020816", "hash": "26623d40844b7ecb8837c557571e35b580bd74ec", "bids": [{"price": "0.01", "size": "200"}, {"price": "0.02", "size": "59.99"}], "asks": [{"price": "0.99", "size": "1450"}, {"price": "0.98", "size": "800"}, {"price": "0.95", "size": "1530"}, {"price": "0.94", "size": "33"}, {"price": "0.91", "size": "700"}, {"price": "0.86", "size": "200"}, {"price": "0.84", "size": "6"}, {"price": "0.83", "size": "11"}, {"price": "0.81", "size": "79.16"}, {"price": "0.8", "size": "20"}, {"price": "0.36", "size": "135"}], "event_type": "book", "last_trade_price": ""}, {"market": "0x54f2bd6b1213cdc416ad535df6bba27cce141b0d9bc945bc797844f5329e30e8", "asset_id": "70275337582994898363598925365446361311919973175210491229201950770677012064897", "timestamp": "1769382244539", "hash": "0ec16f88d0094d6d852376381038f0294b5bd2ac", "bids": [{"price": "0.01", "size": "250"}, {"price": "0.04", "size": "33"}, {"price": "0.05", "size": "30"}, {"price": "0.06", "size": "33"}, {"price": "0.11", "size": "18"}, {"price": "0.12", "size": "20"}, {"price": "0.2", "size": "5"}, {"price": "0.5", "size": "50"}, {"price": "0.51", "size": "14.8"}], "asks": [{"price": "0.99", "size": "200"}, {"price": "0.98", "size": "50"}, {"price": "0.94", "size": "33"}, {"price": "0.9", "size": "110"}], "event_type": "book", "last_trade_price": ""}, {"market": "0xfa9f3fc483f7e0f01fe796a159a01d4058814a260856183399179f00cc21ec9b", "asset_id": "35428851148289552634401411076711882177955089954537526309706143223935823242853", "timestamp": "1769384038692", "hash": "4925cd051a911311ab98c99416565b9036bb8ea1", "bids": [{"price": "0.01", "size": "1450"}, {"price": "0.02", "size": "800"}, {"price": "0.05", "size": "1530"}, {"price": "0.06", "size": "33"}, {"price": "0.09", "size": "700"}, {"price": "0.14", "size": "200"}, {"price": "0.15", "size": "50"}, {"price": "0.18", "size": "11"}, {"price": "0.2", "size": "8.5"}, {"price": "0.21", "size": "20"}, {"price": "0.64", "size": "125"}], "asks": [{"price": "0.99", "size": "200"}, {"price": "0.98", "size": "100"}, {"price": "0.94", "size": "116.6"}, {"price": "0.9", "size": "10000"}, {"price": "0.89", "size": "9.19"}], "event_type": "book", "last_trade_price": ""}, {"market": "0xa29f68ea3494a36f817f37b54ed8e9fbc726bff219383e1940df283716dfc620", "asset_id": "69469634622571247216797811333839161206992991253538521799177897508943527239249", "timestamp": "1769382922845", "hash": "52258a323b5c8b3a38d805acf38cc6b5461ebf4a", "bids": [{"price": "0.01", "size": "200"}, {"price": "0.02", "size": "59.99"}], "asks": [{"price": "0.99", "size": "1450"}, {"price": "0.98", "size": "800"}, {"price": "0.95", "size": "1530"}, {"price": "0.94", "size": "33"}, {"price": "0.91", "size": "700"}, {"price": "0.86", "size": "200"}, {"price": "0.79", "size": "105"}, {"price": "0.76", "size": "8"}, {"price": "0.75", "size": "20"}, {"price": "0.35", "size": "125"}], "event_type": "book", "last_trade_price": ""}, {"market": "0xe93e1172ae9f42792c15586750c1d2235e5209aedc78a40caa47d8731c0ba618", "asset_id": "32317548833224803730165663998971052233391192970074050004307361128201817935399", "timestamp": "1769384022836", "hash": "02c174802cd09785246f88f462b19c9fa2ec3603", "bids": [{"price": "0.01", "size": "1450"}, {"price": "0.03", "size": "1800"}, {"price": "0.05", "size": "630"}, {"price": "0.06", "size": "33"}, {"price": "0.08", "size": "400"}, {"price": "0.1", "size": "5"}, {"price": "0.14", "size": "500"}, {"price": "0.18", "size": "5"}, {"price": "0.19", "size": "10"}, {"price": "0.2", "size": "20"}, {"price": "0.5", "size": "105"}], "asks": [{"price": "0.99", "size": "200"}, {"price": "0.98", "size": "59.99"}], "event_type": "book", "last_trade_price": ""}, {"market": "0x329f8dc1621a13f82b2c68675b4a80db1a1230c498e5176fbe336280d1f3b716", "asset_id": "61988727725440623910633401857997084293673962808639626234269038365922061408963", "timestamp": "1769382575397", "hash": "909086079a73356a075ed5a2c4af913c27816759", "bids": [{"price": "0.01", "size": "200"}, {"price": "0.02", "size": "59.99"}], "asks": [{"price": "0.99", "size": "1450"}, {"price": "0.98", "size": "800"}, {"price": "0.95", "size": "1530"}, {"price": "0.94", "size": "33"}, {"price": "0.91", "size": "700"}, {"price": "0.86", "size": "200"}, {"price": "0.85", "size": "50"}, {"price": "0.78", "size": "9"}, {"price": "0.77", "size": "20"}, {"price": "0.36", "size": "115"}], "event_type": "book", "last_trade_price": ""}, {"market": "0x84502609a090be0ce43732f8ffda6ec8522bddcf0561f04e7522869fabaadab8", "asset_id": "73448743790861686195024835776642919765196064303958255851361603330238287619601", "timestamp": "1769384020816", "hash": "31877ce7caaff09bbeabf188992a6668a2446829", "bids": [{"price": "0.01", "size": "1450"}, {"price": "0.02", "size": "800"}, {"price": "0.05", "size": "1530"}, {"price": "0.06", "size": "33"}, {"price": "0.09", "size": "700"}, {"price": "0.14", "size": "200"}, {"price": "0.16", "size": "6"}, {"price": "0.17", "size": "11"}, {"price": "0.19", "size": "79.16"}, {"price": "0.2", "size": "20"}, {"price": "0.64", "size": "135"}], "asks": [{"price": "0.99", "size": "200"}, {"price": "0.98", "size": "59.99"}], "event_type": "book", "last_trade_price": ""}, {"market": "0x2cf3212feaa6cfd5cb94b87c5cd0a85af54e9253e7eeef53de7799f984e2a404", "asset_id": "58852612643433392871601069387966390126191978205555701699160562238875856388052", "timestamp": "1769384022836", "hash": "5b076e3060cd050e2556f1fbf962e5d6396d9377", "bids": [{"price": "0.01", "size": "200"}, {"price": "0.02", "size": "59.99"}], "asks": [{"price": "0.99", "size": "250"}, {"price": "0.95", "size": "30"}, {"price": "0.94", "size": "48"}, {"price": "0.9", "size": "5"}, {"price": "0.73", "size": "7"}, {"price": "0.72", "size": "20"}, {"price": "0.42", "size": "55"}], "event_type": "book", "last_trade_price": ""}]}
{"_local_timestamp": "2026-01-25T23:34:22.069825+00:00", "data": {"market": "0xfa9f3fc483f7e0f01fe796a159a01d4058814a260856183399179f00cc21ec9b", "price_changes": [{"asset_id": "35428851148289552634401411076711882177955089954537526309706143223935823242853", "price": "0.2", "size": "0", "side": "BUY", "hash": "889fc2faa877b3759c52f692a204af82c89bcbbb", "best_bid": "0.64", "best_ask": "0.89"}, {"asset_id": "9310234953096076507899857801199564664412184025334004992015699916204331463603", "price": "0.8", "size": "0", "side": "SELL", "hash": "2838ed41122f4fa866823927207d15e9f9769b6b", "best_bid": "0.11", "best_ask": "0.36"}], "timestamp": "1769384061969", "event_type": "price_change"}}
{"_local_timestamp": "2026-01-25T23:34:22.111808+00:00", "data": {"market": "0xfa9f3fc483f7e0f01fe796a159a01d4058814a260856183399179f00cc21ec9b", "price_changes": [{"asset_id": "35428851148289552634401411076711882177955089954537526309706143223935823242853", "price": "0.16", "size": "8.5", "side": "BUY", "hash": "06835a15963c22d8ad84ab92e5d31cc960320d96", "best_bid": "0.64", "best_ask": "0.89"}, {"asset_id": "9310234953096076507899857801199564664412184025334004992015699916204331463603", "price": "0.84", "size": "8.5", "side": "SELL", "hash": "51fa3ac937b2152d9a3cd13d89a0455ed207f893", "best_bid": "0.11", "best_ask": "0.36"}], "timestamp": "1769384062006", "event_type": "price_change"}}
{"_local_timestamp": "2026-01-25T23:34:27.394976+00:00", "data": {"market": "0xfa9f3fc483f7e0f01fe796a159a01d4058814a260856183399179f00cc21ec9b", "price_changes": [{"asset_id": "35428851148289552634401411076711882177955089954537526309706143223935823242853", "price": "0.21", "size": "0", "side": "BUY", "hash": "df6e5dea229b10cec1dff81667756f84b8136491", "best_bid": "0.64", "best_ask": "0.89"}, {"asset_id": "9310234953096076507899857801199564664412184025334004992015699916204331463603", "price": "0.79", "size": "0", "side": "SELL", "hash": "4c26b498bda6356b23777a8cc819fe9f8128da48", "best_bid": "0.11", "best_ask": "0.36"}], "timestamp": "1769384067325", "event_type": "price_change"}}
{"_local_timestamp": "2026-01-25T23:34:27.426135+00:00", "data": {"market": "0xfa9f3fc483f7e0f01fe796a159a01d4058814a260856183399179f00cc21ec9b", "price_changes": [{"asset_id": "35428851148289552634401411076711882177955089954537526309706143223935823242853", "price": "0.19", "size": "20", "side": "BUY", "hash": "6c4f048b41ba47408ee9cb32aac22e4508e39827", "best_bid": "0.64", "best_ask": "0.89"}, {"asset_id": "9310234953096076507899857801199564664412184025334004992015699916204331463603", "price": "0.81", "size": "20", "side": "SELL", "hash": "a7670804b87f17be75771e257af82be894db2353", "best_bid": "0.11", "best_ask": "0.36"}], "timestamp": "1769384067356", "event_type": "price_change"}}
{"_local_timestamp": "2026-01-25T23:34:53.520277+00:00", "data": {"market": "0xfa9f3fc483f7e0f01fe796a159a01d4058814a260856183399179f00cc21ec9b", "price_changes": [{"asset_id": "35428851148289552634401411076711882177955089954537526309706143223935823242853", "price": "0.16", "size": "0", "side": "BUY", "hash": "35d25f3decad410f60a021a04d21cbec9a039e5d", "best_bid": "0.64", "best_ask": "0.89"}, {"asset_id": "9310234953096076507899857801199564664412184025334004992015699916204331463603", "price": "0.84", "size": "0", "side": "SELL", "hash": "298a0757fdbc8e3dfdc3d3af6ac595665bce7442", "best_bid": "0.11", "best_ask": "0.36"}], "timestamp": "1769384093442", "event_type": "price_change"}}
{"_local_timestamp": "2026-01-25T23:34:53.544548+00:00", "data": {"market": "0xfa9f3fc483f7e0f01fe796a159a01d4058814a260856183399179f00cc21ec9b", "price_changes": [{"asset_id": "35428851148289552634401411076711882177955089954537526309706143223935823242853", "price": "0.2", "size": "8.5", "side": "BUY", "hash": "84e982b351715815a0dd9872d91a37c1189e1247", "best_bid": "0.64", "best_ask": "0.89"}, {"asset_id": "9310234953096076507899857801199564664412184025334004992015699916204331463603", "price": "0.8", "size": "8.5", "side": "SELL", "hash": "c3871e19e9997c85f889b0f9a48ce6b260294a87", "best_bid": "0.11", "best_ask": "0.36"}], "timestamp": "1769384093477", "event_type": "price_change"}}
{"_local_timestamp": "2026-01-25T23:34:57.496538+00:00", "data": {"market": "0xfa9f3fc483f7e0f01fe796a159a01d4058814a260856183399179f00cc21ec9b", "price_changes": [{"asset_id": "35428851148289552634401411076711882177955089954537526309706143223935823242853", "price": "0.19", "size": "0", "side": "BUY", "hash": "5c08c21df27ba820799a5d49db2b511a2b587cc6", "best_bid": "0.64", "best_ask": "0.89"}, {"asset_id": "9310234953096076507899857801199564664412184025334004992015699916204331463603", "price": "0.81", "size": "0", "side": "SELL", "hash": "4cb74f2cad28d6e99fb7cc681adc562cfed86b1d", "best_bid": "0.11", "best_ask": "0.36"}], "timestamp": "1769384097428", "event_type": "price_change"}}
{"_local_timestamp": "2026-01-25T23:34:57.524537+00:00", "data": {"market": "0xfa9f3fc483f7e0f01fe796a159a01d4058814a260856183399179f00cc21ec9b", "price_changes": [{"asset_id": "35428851148289552634401411076711882177955089954537526309706143223935823242853", "price": "0.21", "size": "20", "side": "BUY", "hash": "85cfce4d625501a51d15309ef3b90358c03eefa9", "best_bid": "0.64", "best_ask": "0.89"}, {"asset_id": "9310234953096076507899857801199564664412184025334004992015699916204331463603", "price": "0.79", "size": "20", "side": "SELL", "hash": "f1bf171d75db0093cd35e3cf9de89142d14cf37f", "best_bid": "0.11", "best_ask": "0.36"}], "timestamp": "1769384097455", "event_type": "price_change"}}
{"_local_timestamp": "2026-01-25T23:35:06.182050+00:00", "data": {"market": "0x51590eecf7ce40661dff7dd94edad9a5ea40b0448400e5e8aa0d9fd5babdb983", "price_changes": [{"asset_id": "45399530938207889972077387747136750698904094570155756099829002558971891261297", "price": "0.16", "size": "0", "side": "BUY", "hash": "476bd0e4adb4a78920f08e4f29b4e60418a9749d", "best_bid": "0.62", "best_ask": "0.98"}, {"asset_id": "89890357880770130920569229063842559314134493913515800790163996850987882630010", "price": "0.84", "size": "0", "side": "SELL", "hash": "7795ce01ca43ba1c80fe2b5145e8228419edafc9", "best_bid": "0.02", "best_ask": "0.38"}], "timestamp": "1769384106106", "event_type": "price_change"}}
{"_local_timestamp": "2026-01-25T23:35:06.234230+00:00", "data": {"market": "0x51590eecf7ce40661dff7dd94edad9a5ea40b0448400e5e8aa0d9fd5babdb983", "price_changes": [{"asset_id": "45399530938207889972077387747136750698904094570155756099829002558971891261297", "price": "0.22", "size": "9", "side": "BUY", "hash": "7119085369f6ebfeb630e0a1934203b56ed8d202", "best_bid": "0.62", "best_ask": "0.98"}, {"asset_id": "89890357880770130920569229063842559314134493913515800790163996850987882630010", "price": "0.78", "size": "9", "side": "SELL", "hash": "630a2433f3c9eb7960b13f82461ad4d785fee5e2", "best_bid": "0.02", "best_ask": "0.38"}], "timestamp": "1769384106163", "event_type": "price_change"}}
{"_local_timestamp": "2026-01-25T23:35:11.509140+00:00", "data": {"market": "0x51590eecf7ce40661dff7dd94edad9a5ea40b0448400e5e8aa0d9fd5babdb983", "price_changes": [{"asset_id": "45399530938207889972077387747136750698904094570155756099829002558971891261297", "price": "0.21", "size": "0", "side": "BUY", "hash": "2132b851383b76e790e9d7500efb372c2f8a4f23", "best_bid": "0.62", "best_ask": "0.98"}, {"asset_id": "89890357880770130920569229063842559314134493913515800790163996850987882630010", "price": "0.79", "size": "0", "side": "SELL", "hash": "b5d483762ad85a66027141363fc1fc13595f1a85", "best_bid": "0.02", "best_ask": "0.38"}], "timestamp": "1769384111433", "event_type": "price_change"}}
{"_local_timestamp": "2026-01-25T23:35:11.536579+00:00", "data": {"market": "0x51590eecf7ce40661dff7dd94edad9a5ea40b0448400e5e8aa0d9fd5babdb983", "price_changes": [{"asset_id": "45399530938207889972077387747136750698904094570155756099829002558971891261297", "price": "0.23", "size": "20", "side": "BUY", "hash": "7824c15eaa57cc42629cded5ab93f811d019c247", "best_bid": "0.62", "best_ask": "0.98"}, {"asset_id": "89890357880770130920569229063842559314134493913515800790163996850987882630010", "price": "0.77", "size": "20", "side": "SELL", "hash": "d0d8623db6c524e15e634e49d8f61a5a8a757969", "best_bid": "0.02", "best_ask": "0.38"}], "timestamp": "1769384111463", "event_type": "price_change"}}
{"_local_timestamp": "2026-01-25T23:35:34.985025+00:00", "data": {"market": "0xfa9f3fc483f7e0f01fe796a159a01d4058814a260856183399179f00cc21ec9b", "price_changes": [{"asset_id": "35428851148289552634401411076711882177955089954537526309706143223935823242853", "price": "0.2", "size": "0", "side": "BUY", "hash": "37c85417b03278f559227acacb72288bcbf9a7d6", "best_bid": "0.64", "best_ask": "0.89"}, {"asset_id": "9310234953096076507899857801199564664412184025334004992015699916204331463603", "price": "0.8", "size": "0", "side": "SELL", "hash": "05f38964acb2758030324d1736ef88cf20145df8", "best_bid": "0.11", "best_ask": "0.36"}], "timestamp": "1769384134913", "event_type": "price_change"}}
{"_local_timestamp": "2026-01-25T23:35:35.024397+00:00", "data": {"market": "0xfa9f3fc483f7e0f01fe796a159a01d4058814a260856183399179f00cc21ec9b", "price_changes": [{"asset_id": "35428851148289552634401411076711882177955089954537526309706143223935823242853", "price": "0.16", "size": "8.5", "side": "BUY", "hash": "6af0fbf5eef5339b3c197d23c88b9b240ee5ca44", "best_bid": "0.64", "best_ask": "0.89"}, {"asset_id": "9310234953096076507899857801199564664412184025334004992015699916204331463603", "price": "0.84", "size": "8.5", "side": "SELL", "hash": "703da4dcb2e5e615fb164ad5c2574f9c3c9a9f4e", "best_bid": "0.11", "best_ask": "0.36"}], "timestamp": "1769384134952", "event_type": "price_change"}}
{"_local_timestamp": "2026-01-25T23:35:38.764263+00:00", "data": {"market": "0xfa9f3fc483f7e0f01fe796a159a01d4058814a260856183399179f00cc21ec9b", "price_changes": [{"asset_id": "35428851148289552634401411076711882177955089954537526309706143223935823242853", "price": "0.21", "size": "0", "side": "BUY", "hash": "ec5d8d4c4ed5ffd693bae9eba1f8938a22ae77e0", "best_bid": "0.64", "best_ask": "0.89"}, {"asset_id": "9310234953096076507899857801199564664412184025334004992015699916204331463603", "price": "0.79", "size": "0", "side": "SELL", "hash": "041e4a197a59813bf5db6ee88ac502a25e18ec57", "best_bid": "0.11", "best_ask": "0.36"}], "timestamp": "1769384138682", "event_type": "price_change"}}
{"_local_timestamp": "2026-01-25T23:35:38.815039+00:00", "data": {"market": "0xfa9f3fc483f7e0f01fe796a159a01d4058814a260856183399179f00cc21ec9b", "price_changes": [{"asset_id": "35428851148289552634401411076711882177955089954537526309706143223935823242853", "price": "0.19", "size": "20", "side": "BUY", "hash": "caf164b98a287d5559a1bd0e62c70fc80cadaa61", "best_bid": "0.64", "best_ask": "0.89"}, {"asset_id": "9310234953096076507899857801199564664412184025334004992015699916204331463603", "price": "0.81", "size": "20", "side": "SELL", "hash": "9ffffd03508201fbea7adbbe5f5304bf00b128e3", "best_bid": "0.11", "best_ask": "0.36"}], "timestamp": "1769384138712", "event_type": "price_change"}}
{"_local_timestamp": "2026-01-25T23:35:42.272519+00:00", "data": {"market": "0x51590eecf7ce40661dff7dd94edad9a5ea40b0448400e5e8aa0d9fd5babdb983", "price_changes": [{"asset_id": "45399530938207889972077387747136750698904094570155756099829002558971891261297", "price": "0.2", "size": "0", "side": "BUY", "hash": "45465416068c5ea4f15349f5b9e55bfed729c68e", "best_bid": "0.62", "best_ask": "0.98"}, {"asset_id": "89890357880770130920569229063842559314134493913515800790163996850987882630010", "price": "0.8", "size": "0", "side": "SELL", "hash": "d50d224518c36718ee51fed6969857a3a427895f", "best_bid": "0.02", "best_ask": "0.38"}], "timestamp": "1769384142169", "event_type": "price_change"}}
{"_local_timestamp": "2026-01-25T23:36:12.953085+00:00", "data": {"market": "0xfa9f3fc483f7e0f01fe796a159a01d4058814a260856183399179f00cc21ec9b", "price_changes": [{"asset_id": "35428851148289552634401411076711882177955089954537526309706143223935823242853", "price": "0.16", "size": "0", "side": "BUY", "hash": "acc192795a84e858c8418dbfa3a330d6ffed91d6", "best_bid": "0.64", "best_ask": "0.89"}, {"asset_id": "9310234953096076507899857801199564664412184025334004992015699916204331463603", "price": "0.84", "size": "0", "side": "SELL", "hash": "07129e5fde2eb9c9b1dbc841aa37a21682170d63", "best_bid": "0.11", "best_ask": "0.36"}], "timestamp": "1769384172881", "event_type": "price_change"}}
{"_local_timestamp": "2026-01-25T23:36:12.991755+00:00", "data": {"market": "0xfa9f3fc483f7e0f01fe796a159a01d4058814a260856183399179f00cc21ec9b", "price_changes": [{"asset_id": "35428851148289552634401411076711882177955089954537526309706143223935823242853", "price": "0.2", "size": "8.5", "side": "BUY", "hash": "d01e754a7179bea8f57e826befe19571d23d2c2b", "best_bid": "0.64", "best_ask": "0.89"}, {"asset_id": "9310234953096076507899857801199564664412184025334004992015699916204331463603", "price": "0.8", "size": "8.5", "side": "SELL", "hash": "93734c759f6172d970bfe3de07e9f1ef3f8f8b77", "best_bid": "0.11", "best_ask": "0.36"}], "timestamp": "1769384172919", "event_type": "price_change"}}
{"_local_timestamp": "2026-01-25T23:36:18.004584+00:00", "data": {"market": "0xfa9f3fc483f7e0f01fe796a159a01d4058814a260856183399179f00cc21ec9b", "price_changes": [{"asset_id": "35428851148289552634401411076711882177955089954537526309706143223935823242853", "price": "0.19", "size": "0", "side": "BUY", "hash": "442cee1a3c393f53dc403398ab43f088de4493fb", "best_bid": "0.64", "best_ask": "0.89"}, {"asset_id": "9310234953096076507899857801199564664412184025334004992015699916204331463603", "price": "0.81", "size": "0", "side": "SELL", "hash": "cf0276b75dc6f4a4b99047d5a352a05b40d5fcb4", "best_bid": "0.11", "best_ask": "0.36"}], "timestamp": "1769384177931", "event_type": "price_change"}}
{"_local_timestamp": "2026-01-25T23:36:18.036660+00:00", "data": {"market": "0xfa9f3fc483f7e0f01fe796a159a01d4058814a260856183399179f00cc21ec9b", "price_changes": [{"asset_id": "35428851148289552634401411076711882177955089954537526309706143223935823242853", "price": "0.21", "size": "20", "side": "BUY", "hash": "0ccaaf805a65adfcb6e5f5b70591ee62309d9899", "best_bid": "0.64", "best_ask": "0.89"}, {"asset_id": "9310234953096076507899857801199564664412184025334004992015699916204331463603", "price": "0.79", "size": "20", "side": "SELL", "hash": "1cf9d1af2a476ef519a356263d086a6ce95b501d", "best_bid": "0.11", "best_ask": "0.36"}], "timestamp": "1769384177962", "event_type": "price_change"}}
{"_local_timestamp": "2026-01-25T23:36:40.759706+00:00", "data": {"market": "0xfa9f3fc483f7e0f01fe796a159a01d4058814a260856183399179f00cc21ec9b", "price_changes": [{"asset_id": "35428851148289552634401411076711882177955089954537526309706143223935823242853", "price": "0.2", "size": "0", "side": "BUY", "hash": "b2f20adb5587cbd71a8b3586705d033fe6134786", "best_bid": "0.64", "best_ask": "0.89"}, {"asset_id": "9310234953096076507899857801199564664412184025334004992015699916204331463603", "price": "0.8", "size": "0", "side": "SELL", "hash": "3223013f6e711521dd6cfd02e26737115f0f820e", "best_bid": "0.11", "best_ask": "0.36"}], "timestamp": "1769384200687", "event_type": "price_change"}}
{"_local_timestamp": "2026-01-25T23:36:40.790006+00:00", "data": {"market": "0xfa9f3fc483f7e0f01fe796a159a01d4058814a260856183399179f00cc21ec9b", "price_changes": [{"asset_id": "35428851148289552634401411076711882177955089954537526309706143223935823242853", "price": "0.16", "size": "8.5", "side": "BUY", "hash": "cb3d12d796e7e71024f19cb95814d2e58e31a727", "best_bid": "0.64", "best_ask": "0.89"}, {"asset_id": "9310234953096076507899857801199564664412184025334004992015699916204331463603", "price": "0.84", "size": "8.5", "side": "SELL", "hash": "cfe997c60f9b5348ff33968dca55b05668e5dad5", "best_bid": "0.11", "best_ask": "0.36"}], "timestamp": "1769384200721", "event_type": "price_change"}}
{"_local_timestamp": "2026-01-25T23:36:43.470181+00:00", "data": {"market": "0xfa9f3fc483f7e0f01fe796a159a01d4058814a260856183399179f00cc21ec9b", "price_changes": [{"asset_id": "35428851148289552634401411076711882177955089954537526309706143223935823242853", "price": "0.21", "size": "0", "side": "BUY", "hash": "0563c3379924482c5a560ffd5f783b63a39a8465", "best_bid": "0.64", "best_ask": "0.89"}, {"asset_id": "9310234953096076507899857801199564664412184025334004992015699916204331463603", "price": "0.79", "size": "0", "side": "SELL", "hash": "37f62da9dd0384550fe98855f2bca45df0f01c82", "best_bid": "0.11", "best_ask": "0.36"}], "timestamp": "1769384203275", "event_type": "price_change"}}
{"_local_timestamp": "2026-01-25T23:36:43.478162+00:00", "data": {"market": "0xfa9f3fc483f7e0f01fe796a159a01d4058814a260856183399179f00cc21ec9b", "price_changes": [{"asset_id": "35428851148289552634401411076711882177955089954537526309706143223935823242853", "price": "0.19", "size": "20", "side": "BUY", "hash": "03a5f41ab017c32e7b137857828c0dc8de63f796", "best_bid": "0.64", "best_ask": "0.89"}, {"asset_id": "9310234953096076507899857801199564664412184025334004992015699916204331463603", "price": "0.81", "size": "20", "side": "SELL", "hash": "8c1491787363789518cade25494d7781c2872dc6", "best_bid": "0.11", "best_ask": "0.36"}], "timestamp": "1769384203310", "event_type": "price_change"}}
{"_local_timestamp": "2026-01-25T23:36:58.306548+00:00", "data": {"market": "0x51590eecf7ce40661dff7dd94edad9a5ea40b0448400e5e8aa0d9fd5babdb983", "price_changes": [{"asset_id": "45399530938207889972077387747136750698904094570155756099829002558971891261297", "price": "0.15", "size": "200", "side": "BUY", "hash": "ace258fdd842a31279c63e5184959950908e4c1a", "best_bid": "0.62", "best_ask": "0.98"}, {"asset_id": "89890357880770130920569229063842559314134493913515800790163996850987882630010", "price": "0.85", "size": "200", "side": "SELL", "hash": "2e4dd7204fdd65129a42e6eba68e3eb1bc55ebae", "best_bid": "0.02", "best_ask": "0.38"}], "timestamp": "1769384218084", "event_type": "price_change"}}
{"_local_timestamp": "2026-01-25T23:37:04.704861+00:00", "data": {"market": "0xfa9f3fc483f7e0f01fe796a159a01d4058814a260856183399179f00cc21ec9b", "price_changes": [{"asset_id": "35428851148289552634401411076711882177955089954537526309706143223935823242853", "price": "0.16", "size": "0", "side": "BUY", "hash": "8bd8d766c121ffd590a487c8e1414b27fd3dc53a", "best_bid": "0.64", "best_ask": "0.89"}, {"asset_id": "9310234953096076507899857801199564664412184025334004992015699916204331463603", "price": "0.84", "size": "0", "side": "SELL", "hash": "c94a273e8908d2771d25ac178e09c9030f0be993", "best_bid": "0.11", "best_ask": "0.36"}], "timestamp": "1769384224496", "event_type": "price_change"}}
{"_local_timestamp": "2026-01-25T23:37:04.744183+00:00", "data": {"market": "0xfa9f3fc483f7e0f01fe796a159a01d4058814a260856183399179f00cc21ec9b", "price_changes": [{"asset_id": "35428851148289552634401411076711882177955089954537526309706143223935823242853", "price": "0.2", "size": "8.5", "side": "BUY", "hash": "2f0c9b9ddedb0332bdce1e03314dcee519902645", "best_bid": "0.64", "best_ask": "0.89"}, {"asset_id": "9310234953096076507899857801199564664412184025334004992015699916204331463603", "price": "0.8", "size": "8.5", "side": "SELL", "hash": "7a5ca7a580a60957badacef5a2cd3bdfb0accad8", "best_bid": "0.11", "best_ask": "0.36"}], "timestamp": "1769384224533", "event_type": "price_change"}}
{"_local_timestamp": "2026-01-25T23:37:06.209030+00:00", "data": {"market": "0xfa9f3fc483f7e0f01fe796a159a01d4058814a260856183399179f00cc21ec9b", "price_changes": [{"asset_id": "35428851148289552634401411076711882177955089954537526309706143223935823242853", "price": "0.19", "size": "0", "side": "BUY", "hash": "1bbae9613d768e5bbb88f4ea3d3e148e541ef715", "best_bid": "0.64", "best_ask": "0.89"}, {"asset_id": "9310234953096076507899857801199564664412184025334004992015699916204331463603", "price": "0.81", "size": "0", "side": "SELL", "hash": "b407873ff621f599121bdd5e2228459a6e94f705", "best_bid": "0.11", "best_ask": "0.36"}], "timestamp": "1769384225990", "event_type": "price_change"}}
{"_local_timestamp": "2026-01-25T23:37:06.258461+00:00", "data": {"market": "0xfa9f3fc483f7e0f01fe796a159a01d4058814a260856183399179f00cc21ec9b", "price_changes": [{"asset_id": "35428851148289552634401411076711882177955089954537526309706143223935823242853", "price": "0.21", "size": "20", "side": "BUY", "hash": "e1016e62a77704c78cc0a5a74484be5fe6814c09", "best_bid": "0.64", "best_ask": "0.89"}, {"asset_id": "9310234953096076507899857801199564664412184025334004992015699916204331463603", "price": "0.79", "size": "20", "side": "SELL", "hash": "ccdd5c2f7354761dc3bf87653154b69c2c165a7e", "best_bid": "0.11", "best_ask": "0.36"}], "timestamp": "1769384226024", "event_type": "price_change"}}
{"_local_timestamp": "2026-01-25T23:37:17.212368+00:00", "data": {"market": "0xfa9f3fc483f7e0f01fe796a159a01d4058814a260856183399179f00cc21ec9b", "price_changes": [{"asset_id": "35428851148289552634401411076711882177955089954537526309706143223935823242853", "price": "0.18", "size": "0", "side": "BUY", "hash": "6e6059a1a091d8833b2f1137d2efefdba8eadecc", "best_bid": "0.64", "best_ask": "0.89"}, {"asset_id": "9310234953096076507899857801199564664412184025334004992015699916204331463603", "price": "0.82", "size": "0", "side": "SELL", "hash": "621d1c06de2f09d815a660e9c64e262c8f2955eb", "best_bid": "0.11", "best_ask": "0.36"}], "timestamp": "1769384237137", "event_type": "price_change"}}
{"_local_timestamp": "2026-01-25T23:37:17.255628+00:00", "data": {"market": "0xfa9f3fc483f7e0f01fe796a159a01d4058814a260856183399179f00cc21ec9b", "price_changes": [{"asset_id": "35428851148289552634401411076711882177955089954537526309706143223935823242853", "price": "0.22", "size": "9", "side": "BUY", "hash": "ccc1ff39c9fd2f016b84bb2c3bc86c8abb5993f5", "best_bid": "0.64", "best_ask": "0.89"}, {"asset_id": "9310234953096076507899857801199564664412184025334004992015699916204331463603", "price": "0.78", "size": "9", "side": "SELL", "hash": "12e4e853b5bea12eee62becf67cfd251914b0b32", "best_bid": "0.11", "best_ask": "0.36"}], "timestamp": "1769384237188", "event_type": "price_change"}}
{"_local_timestamp": "2026-01-25T23:37:21.967657+00:00", "data": {"market": "0xfa9f3fc483f7e0f01fe796a159a01d4058814a260856183399179f00cc21ec9b", "price_changes": [{"asset_id": "35428851148289552634401411076711882177955089954537526309706143223935823242853", "price": "0.21", "size": "0", "side": "BUY", "hash": "917c7c68f889947ed19ece4a2931dca6f7a652e9", "best_bid": "0.64", "best_ask": "0.89"}, {"asset_id": "9310234953096076507899857801199564664412184025334004992015699916204331463603", "price": "0.79", "size": "0", "side": "SELL", "hash": "373899b3d20e4c21abfeff8223c69304fa5ae243", "best_bid": "0.11", "best_ask": "0.36"}], "timestamp": "1769384241899", "event_type": "price_change"}}
{"_local_timestamp": "2026-01-25T23:37:22.007065+00:00", "data": {"market": "0xfa9f3fc483f7e0f01fe796a159a01d4058814a260856183399179f00cc21ec9b", "price_changes": [{"asset_id": "35428851148289552634401411076711882177955089954537526309706143223935823242853", "price": "0.23", "size": "20", "side": "BUY", "hash": "8f8eb246cc166e7a497b67e84085201853462a28", "best_bid": "0.64", "best_ask": "0.89"}, {"asset_id": "9310234953096076507899857801199564664412184025334004992015699916204331463603", "price": "0.77", "size": "20", "side": "SELL", "hash": "1bb0b372c3465e486b974d07aed0c994cef79c08", "best_bid": "0.11", "best_ask": "0.36"}], "timestamp": "1769384241932", "event_type": "price_change"}}
{"_local_timestamp": "2026-01-25T23:37:26.723978+00:00", "data": {"market": "0x51590eecf7ce40661dff7dd94edad9a5ea40b0448400e5e8aa0d9fd5babdb983", "price_changes": [{"asset_id": "45399530938207889972077387747136750698904094570155756099829002558971891261297", "price": "0.15", "size": "0", "side": "BUY", "hash": "cbc39cfdacb4cc8947d8f8c7f44390a7323792a9", "best_bid": "0.62", "best_ask": "0.98"}, {"asset_id": "89890357880770130920569229063842559314134493913515800790163996850987882630010", "price": "0.85", "size": "0", "side": "SELL", "hash": "a006ce7f411431960282d3d1d1cac54dafc8b6b4", "best_bid": "0.02", "best_ask": "0.38"}], "timestamp": "1769384246650", "event_type": "price_change"}}
{"_local_timestamp": "2026-01-25T23:37:27.041325+00:00", "data": {"market": "0x51590eecf7ce40661dff7dd94edad9a5ea40b0448400e5e8aa0d9fd5babdb983", "price_changes": [{"asset_id": "45399530938207889972077387747136750698904094570155756099829002558971891261297", "price": "0.14", "size": "200", "side": "BUY", "hash": "3e17afb86766fe1ac2b6631ddc83cbba75ef9746", "best_bid": "0.62", "best_ask": "0.98"}, {"asset_id": "89890357880770130920569229063842559314134493913515800790163996850987882630010", "price": "0.86", "size": "200", "side": "SELL", "hash": "829f52347429c2e801a4bfea835c04641bdd5b24", "best_bid": "0.02", "best_ask": "0.38"}], "timestamp": "1769384246929", "event_type": "price_change"}}
{"_local_timestamp": "2026-01-25T23:37:29.284643+00:00", "data": {"market": "0xfa9f3fc483f7e0f01fe796a159a01d4058814a260856183399179f00cc21ec9b", "price_changes": [{"asset_id": "35428851148289552634401411076711882177955089954537526309706143223935823242853", "price": "0.2", "size": "0", "side": "BUY", "hash": "6da980ebc4d7e6268b53a85e82df6f7ae5bc2903", "best_bid": "0.64", "best_ask": "0.89"}, {"asset_id": "9310234953096076507899857801199564664412184025334004992015699916204331463603", "price": "0.8", "size": "0", "side": "SELL", "hash": "80552f657ca260c6e11379aa75f8d979d1f0d81c", "best_bid": "0.11", "best_ask": "0.36"}], "timestamp": "1769384249214", "event_type": "price_change"}}
{"_local_timestamp": "2026-01-25T23:37:29.333021+00:00", "data": {"market": "0xfa9f3fc483f7e0f01fe796a159a01d4058814a260856183399179f00cc21ec9b", "price_changes": [{"asset_id": "35428851148289552634401411076711882177955089954537526309706143223935823242853", "price": "0.16", "size": "8.5", "side": "BUY", "hash": "70b88a54ea3a435001785e931a3cdc3e4cd6fbed", "best_bid": "0.64", "best_ask": "0.89"}, {"asset_id": "9310234953096076507899857801199564664412184025334004992015699916204331463603", "price": "0.84", "size": "8.5", "side": "SELL", "hash": "ba8a67ebdd6f7d6d8dd5602ef663e412f463f9a5", "best_bid": "0.11", "best_ask": "0.36"}], "timestamp": "1769384249257", "event_type": "price_change"}}
{"_local_timestamp": "2026-01-25T23:37:53.257985+00:00", "data": {"market": "0x51590eecf7ce40661dff7dd94edad9a5ea40b0448400e5e8aa0d9fd5babdb983", "price_changes": [{"asset_id": "45399530938207889972077387747136750698904094570155756099829002558971891261297", "price": "0.16", "size": "150", "side": "BUY", "hash": "bbedd7b7eab4a0dace4205624a3aa5e9d07593d5", "best_bid": "0.62", "best_ask": "0.98"}, {"asset_id": "89890357880770130920569229063842559314134493913515800790163996850987882630010", "price": "0.84", "size": "150", "side": "SELL", "hash": "e6776b29ee8ec06a4ca433b07cf1c1c419121f4b", "best_bid": "0.02", "best_ask": "0.38"}], "timestamp": "1769384273071", "event_type": "price_change"}}
{"_local_timestamp": "2026-01-25T23:37:53.695468+00:00", "data": {"market": "0xe93e1172ae9f42792c15586750c1d2235e5209aedc78a40caa47d8731c0ba618", "price_changes": [{"asset_id": "32317548833224803730165663998971052233391192970074050004307361128201817935399", "price": "0.2", "size": "99.16", "side": "BUY", "hash": "88d2f2d3ca83d2c9fc81d11b4a92d861c543824c", "best_bid": "0.5", "best_ask": "0.98"}, {"asset_id": "62630576947209440586217695565947879479835921643953266269695982420825857167717", "price": "0.8", "size": "99.16", "side": "SELL", "hash": "e9bb5365347e48c0b2f6230e20b8c5d096578933", "best_bid": "0.02", "best_ask": "0.5"}], "timestamp": "1769384273557", "event_type": "price_change"}}
{"_local_timestamp": "2026-01-25T23:37:53.695872+00:00", "data": {"market": "0x51590eecf7ce40661dff7dd94edad9a5ea40b0448400e5e8aa0d9fd5babdb983", "price_changes": [{"asset_id": "45399530938207889972077387747136750698904094570155756099829002558971891261297", "price": "0.23", "size": "39", "side": "BUY", "hash": "439614a62ec25fef1c9b47c93227faf3919121ed", "best_bid": "0.62", "best_ask": "0.98"}, {"asset_id": "89890357880770130920569229063842559314134493913515800790163996850987882630010", "price": "0.77", "size": "39", "side": "SELL", "hash": "b3e7ec3452bf47ec9232843b9963d61f8dd1d947", "best_bid": "0.02", "best_ask": "0.38"}], "timestamp": "1769384273557", "event_type": "price_change"}}
{"_local_timestamp": "2026-01-25T23:37:53.696232+00:00", "data": {"market": "0x14b906e88fddba6efadacd3f7ae0df93805166b454ea71fb0ea0dae3ab96576f", "price_changes": [{"asset_id": "14106747712625595847775374197239735203456103938867448716658387031929445277567", "price": "0.23", "size": "39", "side": "BUY", "hash": "1e894cf5e5aad1f356f4bc923600f1b96debca38", "best_bid": "0.58", "best_ask": "0.98"}, {"asset_id": "11132690929356801463732741924202950567964574031746733374361035435797154954949", "price": "0.77", "size": "39", "side": "SELL", "hash": "0d96818faf22848efbb63f6d8386631f563dbf39", "best_bid": "0.02", "best_ask": "0.42"}], "timestamp": "1769384273557", "event_type": "price_change"}}
{"_local_timestamp": "2026-01-25T23:37:53.696559+00:00", "data": {"market": "0x84502609a090be0ce43732f8ffda6ec8522bddcf0561f04e7522869fabaadab8", "price_changes": [{"asset_id": "73448743790861686195024835776642919765196064303958255851361603330238287619601", "price": "0.2", "size": "59", "side": "BUY", "hash": "6f8437006a0d13a8ad6ee7814596bca69800b9db", "best_bid": "0.64", "best_ask": "0.98"}, {"asset_id": "69949805663605875706432472534555906629637646365659434873485178926861108930926", "price": "0.8", "size": "59", "side": "SELL", "hash": "cfab9c7b5c4020180e9efab1e829d58d65f7955d", "best_bid": "0.02", "best_ask": "0.36"}], "timestamp": "1769384273557", "event_type": "price_change"}}
{"_local_timestamp": "2026-01-25T23:37:53.696903+00:00", "data": {"market": "0x2cf3212feaa6cfd5cb94b87c5cd0a85af54e9253e7eeef53de7799f984e2a404", "price_changes": [{"asset_id": "59231798510075487254967799183621059783382829247518901486895557979932211392437", "price": "0.29", "size": "39", "side": "BUY", "hash": "d72bec3911f7e0eb6cb5673958303c4b2d6f48d1", "best_bid": "0.58", "best_ask": "0.98"}, {"asset_id": "58852612643433392871601069387966390126191978205555701699160562238875856388052", "price": "0.71", "size": "39", "side": "SELL", "hash": "069d1a44a8d454d951cb649d468d4fb618aa6be8", "best_bid": "0.02", "best_ask": "0.42"}], "timestamp": "1769384273557", "event_type": "price_change"}}
{"_local_timestamp": "2026-01-25T23:37:53.697610+00:00", "data": {"market": "0x14b906e88fddba6efadacd3f7ae0df93805166b454ea71fb0ea0dae3ab96576f", "price_changes": [{"asset_id": "14106747712625595847775374197239735203456103938867448716658387031929445277567", "price": "0.22", "size": "59", "side": "BUY", "hash": "3b869baabbab819a086ece526f228877bcfd4f0d", "best_bid": "0.58", "best_ask": "0.98"}, {"asset_id": "11132690929356801463732741924202950567964574031746733374361035435797154954949", "price": "0.78", "size": "59", "side": "SELL", "hash": "d17258f82febfb38b7ebe240cf07acf2043237f3", "best_bid": "0.02", "best_ask": "0.42"}], "timestamp": "1769384273558", "event_type": "price_change"}}
{"_local_timestamp": "2026-01-25T23:37:53.707242+00:00", "data": {"market": "0x51590eecf7ce40661dff7dd94edad9a5ea40b0448400e5e8aa0d9fd5babdb983", "price_changes": [{"asset_id": "45399530938207889972077387747136750698904094570155756099829002558971891261297", "price": "0.24", "size": "39", "side": "BUY", "hash": "dc06861211a6fb2884ade1c98cdd07724c178d15", "best_bid": "0.62", "best_ask": "0.98"}, {"asset_id": "89890357880770130920569229063842559314134493913515800790163996850987882630010", "price": "0.76", "size": "39", "side": "SELL", "hash": "9d3628e78b2fc54b6471e9c82f0440625ba94050", "best_bid": "0.02", "best_ask": "0.38"}], "timestamp": "1769384273557", "event_type": "price_change"}}
{"_local_timestamp": "2026-01-25T23:37:53.707637+00:00", "data": {"market": "0xe93e1172ae9f42792c15586750c1d2235e5209aedc78a40caa47d8731c0ba618", "price_changes": [{"asset_id": "32317548833224803730165663998971052233391192970074050004307361128201817935399", "price": "0.21", "size": "79.16", "side": "BUY", "hash": "3880793f54aed14866fdadad1a853b095982c103", "best_bid": "0.5", "best_ask": "0.98"}, {"asset_id": "62630576947209440586217695565947879479835921643953266269695982420825857167717", "price": "0.79", "size": "79.16", "side": "SELL", "hash": "9b35f833b2d91ac2b8a2b5f3d50c48fc53b2c9f1", "best_bid": "0.02", "best_ask": "0.5"}], "timestamp": "1769384273557", "event_type": "price_change"}}
{"_local_timestamp": "2026-01-25T23:37:56.849840+00:00", "data": {"market": "0x51590eecf7ce40661dff7dd94edad9a5ea40b0448400e5e8aa0d9fd5babdb983", "price_changes": [{"asset_id": "45399530938207889972077387747136750698904094570155756099829002558971891261297", "price": "0.23", "size": "19", "side": "BUY", "hash": "6aa9fe01dc3a530c23bfb261fa421ef84e03d611", "best_bid": "0.62", "best_ask": "0.98"}, {"asset_id": "89890357880770130920569229063842559314134493913515800790163996850987882630010", "price": "0.77", "size": "19", "side": "SELL", "hash": "b92d6b6d402fd8b1fab61dc351f94f0e77de19a3", "best_bid": "0.02", "best_ask": "0.38"}], "timestamp": "1769384276702", "event_type": "price_change"}}
{"_local_timestamp": "2026-01-25T23:37:56.850317+00:00", "data": {"market": "0x84502609a090be0ce43732f8ffda6ec8522bddcf0561f04e7522869fabaadab8", "price_changes": [{"asset_id": "73448743790861686195024835776642919765196064303958255851361603330238287619601", "price": "0.2", "size": "39", "side": "BUY", "hash": "b8cb8f33349b2038d53bc6f9b676001cfe2d83a0", "best_bid": "0.64", "best_ask": "0.98"}, {"asset_id": "69949805663605875706432472534555906629637646365659434873485178926861108930926", "price": "0.8", "size": "39", "side": "SELL", "hash": "10422c809b25b65e31ade57ab727cf9323efd4d1", "best_bid": "0.02", "best_ask": "0.36"}], "timestamp": "1769384276702", "event_type": "price_change"}}
{"_local_timestamp": "2026-01-25T23:37:56.850680+00:00", "data": {"market": "0xe93e1172ae9f42792c15586750c1d2235e5209aedc78a40caa47d8731c0ba618", "price_changes": [{"asset_id": "32317548833224803730165663998971052233391192970074050004307361128201817935399", "price": "0.2", "size": "79.16", "side": "BUY", "hash": "fdc248a62cb2e26c17e23e0124c4949dfaf16d19", "best_bid": "0.5", "best_ask": "0.98"}, {"asset_id": "62630576947209440586217695565947879479835921643953266269695982420825857167717", "price": "0.8", "size": "79.16", "side": "SELL", "hash": "0a7814c952fb78735453abed595f1890541e4146", "best_bid": "0.02", "best_ask": "0.5"}], "timestamp": "1769384276702", "event_type": "price_change"}}
{"_local_timestamp": "2026-01-25T23:37:56.851057+00:00", "data": {"market": "0x2cf3212feaa6cfd5cb94b87c5cd0a85af54e9253e7eeef53de7799f984e2a404", "price_changes": [{"asset_id": "59231798510075487254967799183621059783382829247518901486895557979932211392437", "price": "0.28", "size": "0", "side": "BUY", "hash": "ded03b24c68b9a4b4498a3d48fb8e06728b1e6de", "best_bid": "0.58", "best_ask": "0.98"}, {"asset_id": "58852612643433392871601069387966390126191978205555701699160562238875856388052", "price": "0.72", "size": "0", "side": "SELL", "hash": "f0801b1edb35f351a82fbcaf5d5abcd58b444fb7", "best_bid": "0.02", "best_ask": "0.42"}], "timestamp": "1769384276702", "event_type": "price_change"}}
{"_local_timestamp": "2026-01-25T23:37:56.857712+00:00", "data": {"market": "0x14b906e88fddba6efadacd3f7ae0df93805166b454ea71fb0ea0dae3ab96576f", "price_changes": [{"asset_id": "14106747712625595847775374197239735203456103938867448716658387031929445277567", "price": "0.22", "size": "39", "side": "BUY", "hash": "2708df3991d7424a05d8fec80845074ebe4ff559", "best_bid": "0.58", "best_ask": "0.98"}, {"asset_id": "11132690929356801463732741924202950567964574031746733374361035435797154954949", "price": "0.78", "size": "39", "side": "SELL", "hash": "b7080bcd458553a278f5a1c83745f3afa4fca66d", "best_bid": "0.02", "best_ask": "0.42"}], "timestamp": "1769384276702", "event_type": "price_change"}}
{"_local_timestamp": "2026-01-25T23:37:56.879815+00:00", "data": {"market": "0x51590eecf7ce40661dff7dd94edad9a5ea40b0448400e5e8aa0d9fd5babdb983", "price_changes": [{"asset_id": "45399530938207889972077387747136750698904094570155756099829002558971891261297", "price": "0.25", "size": "20", "side": "BUY", "hash": "85a38383af7376f2922ba78bbbba94dde517352f", "best_bid": "0.62", "best_ask": "0.98"}, {"asset_id": "89890357880770130920569229063842559314134493913515800790163996850987882630010", "price": "0.75", "size": "20", "side": "SELL", "hash": "a581db2ece628a28970a6d1ca560b166eedc9f98", "best_bid": "0.02", "best_ask": "0.38"}], "timestamp": "1769384276738", "event_type": "price_change"}}
{"_local_timestamp": "2026-01-25T23:37:56.880283+00:00", "data": {"market": "0x2cf3212feaa6cfd5cb94b87c5cd0a85af54e9253e7eeef53de7799f984e2a404", "price_changes": [{"asset_id": "59231798510075487254967799183621059783382829247518901486895557979932211392437", "price": "0.3", "size": "20", "side": "BUY", "hash": "fc8b4f16686f8637edf0cd8210505637f491e036", "best_bid": "0.58", "best_ask": "0.98"}, {"asset_id": "58852612643433392871601069387966390126191978205555701699160562238875856388052", "price": "0.7", "size": "20", "side": "SELL", "hash": "4c265df312190548473e3fc0f58d798cd5a3c150", "best_bid": "0.02", "best_ask": "0.42"}], "timestamp": "1769384276738", "event_type": "price_change"}}
{"_local_timestamp": "2026-01-25T23:37:56.880667+00:00", "data": {"market": "0xe93e1172ae9f42792c15586750c1d2235e5209aedc78a40caa47d8731c0ba618", "price_changes": [{"asset_id": "32317548833224803730165663998971052233391192970074050004307361128201817935399", "price": "0.22", "size": "20", "side": "BUY", "hash": "5970b250185bd2151dedb7e3813e933224fa818e", "best_bid": "0.5", "best_ask": "0.98"}, {"asset_id": "62630576947209440586217695565947879479835921643953266269695982420825857167717", "price": "0.78", "size": "20", "side": "SELL", "hash": "7298949b58885110b9461b228120e73ab380d9fc", "best_bid": "0.02", "best_ask": "0.5"}], "timestamp": "1769384276738", "event_type": "price_change"}}
{"_local_timestamp": "2026-01-25T23:37:56.881033+00:00", "data": {"market": "0x14b906e88fddba6efadacd3f7ae0df93805166b454ea71fb0ea0dae3ab96576f", "price_changes": [{"asset_id": "14106747712625595847775374197239735203456103938867448716658387031929445277567", "price": "0.24", "size": "20", "side": "BUY", "hash": "30ee52683e738dac55bd62d9507ca0d198e8ffdd", "best_bid": "0.58", "best_ask": "0.98"}, {"asset_id": "11132690929356801463732741924202950567964574031746733374361035435797154954949", "price": "0.76", "size": "20", "side": "SELL", "hash": "94a44061d9057e7c0b1865363934c9686ecd4e62", "best_bid": "0.02", "best_ask": "0.42"}], "timestamp": "1769384276738", "event_type": "price_change"}}
{"_local_timestamp": "2026-01-25T23:37:56.881410+00:00", "data": {"market": "0x84502609a090be0ce43732f8ffda6ec8522bddcf0561f04e7522869fabaadab8", "price_changes": [{"asset_id": "73448743790861686195024835776642919765196064303958255851361603330238287619601", "price": "0.21", "size": "20", "side": "BUY", "hash": "180570ec4064684b40dcdd0316a8156d8fa0ea18", "best_bid": "0.64", "best_ask": "0.98"}, {"asset_id": "69949805663605875706432472534555906629637646365659434873485178926861108930926", "price": "0.79", "size": "20", "side": "SELL", "hash": "471ebf2f999a2a6fca72fa1002ec4aee550bb658", "best_bid": "0.02", "best_ask": "0.36"}], "timestamp": "1769384276739", "event_type": "price_change"}}
{"_local_timestamp": "2026-01-25T23:38:01.884545+00:00", "data": {"market": "0xe93e1172ae9f42792c15586750c1d2235e5209aedc78a40caa47d8731c0ba618", "price_changes": [{"asset_id": "32317548833224803730165663998971052233391192970074050004307361128201817935399", "price": "0.2", "size": "0", "side": "BUY", "hash": "3096e29439880f25631bf7a959da51f005bda03d", "best_bid": "0.5", "best_ask": "0.98"}, {"asset_id": "62630576947209440586217695565947879479835921643953266269695982420825857167717", "price": "0.8", "size": "0", "side": "SELL", "hash": "a637ef6c77caa961faed519dbc83cbeb95a38055", "best_bid": "0.02", "best_ask": "0.5"}], "timestamp": "1769384281732", "event_type": "price_change"}}
{"_local_timestamp": "2026-01-25T23:38:01.886722+00:00", "data": {"market": "0x51590eecf7ce40661dff7dd94edad9a5ea40b0448400e5e8aa0d9fd5babdb983", "price_changes": [{"asset_id": "45399530938207889972077387747136750698904094570155756099829002558971891261297", "price": "0.23", "size": "0", "side": "BUY", "hash": "e3aa45f3abcfefa30356242b89de86ac0d9ef371", "best_bid": "0.62", "best_ask": "0.98"}, {"asset_id": "89890357880770130920569229063842559314134493913515800790163996850987882630010", "price": "0.77", "size": "0", "side": "SELL", "hash": "4ee677ef03a21769812f27b5f415f30611fca113", "best_bid": "0.02", "best_ask": "0.38"}], "timestamp": "1769384281732", "event_type": "price_change"}}
{"_local_timestamp": "2026-01-25T23:38:01.894093+00:00", "data": {"market": "0x14b906e88fddba6efadacd3f7ae0df93805166b454ea71fb0ea0dae3ab96576f", "price_changes": [{"asset_id": "14106747712625595847775374197239735203456103938867448716658387031929445277567", "price": "0.22", "size": "0", "side": "BUY", "hash": "3f9843bd499f5dd10afd2f891b74ce64bd6463b6", "best_bid": "0.58", "best_ask": "0.98"}, {"asset_id": "11132690929356801463732741924202950567964574031746733374361035435797154954949", "price": "0.78", "size": "0", "side": "SELL", "hash": "600d41ca3f6c2f458a64cbfb16964769df72df7e", "best_bid": "0.02", "best_ask": "0.42"}], "timestamp": "1769384281732", "event_type": "price_change"}}
{"_local_timestamp": "2026-01-25T23:38:01.898507+00:00", "data": {"market": "0x84502609a090be0ce43732f8ffda6ec8522bddcf0561f04e7522869fabaadab8", "price_changes": [{"asset_id": "73448743790861686195024835776642919765196064303958255851361603330238287619601", "price": "0.19", "size": "0", "side": "BUY", "hash": "4052820efd78d0d91df7eaedb89e0745450a2f26", "best_bid": "0.64", "best_ask": "0.98"}, {"asset_id": "69949805663605875706432472534555906629637646365659434873485178926861108930926", "price": "0.81", "size": "0", "side": "SELL", "hash": "032f0a1d5e9f9817af4659f834b76acb6c4a0705", "best_bid": "0.02", "best_ask": "0.36"}], "timestamp": "1769384281732", "event_type": "price_change"}}
{"_local_timestamp": "2026-01-25T23:38:09.865286+00:00", "data": {"market": "0x51590eecf7ce40661dff7dd94edad9a5ea40b0448400e5e8aa0d9fd5babdb983", "price_changes": [{"asset_id": "45399530938207889972077387747136750698904094570155756099829002558971891261297", "price": "0.14", "size": "0", "side": "BUY", "hash": "aeb4acddea21e2d43acbf0daa0375779992da53c", "best_bid": "0.62", "best_ask": "0.98"}, {"asset_id": "89890357880770130920569229063842559314134493913515800790163996850987882630010", "price": "0.86", "size": "0", "side": "SELL", "hash": "d39b2d349b65a428a9d5177226ee328155d0e02f", "best_bid": "0.02", "best_ask": "0.38"}], "timestamp": "1769384289776", "event_type": "price_change"}}
{"_local_timestamp": "2026-01-25T23:38:10.259040+00:00", "data": {"market": "0x51590eecf7ce40661dff7dd94edad9a5ea40b0448400e5e8aa0d9fd5babdb983", "price_changes": [{"asset_id": "45399530938207889972077387747136750698904094570155756099829002558971891261297", "price": "0.16", "size": "350", "side": "BUY", "hash": "4bd0f709a036fcd4c3a5c60eb26ae4d53ff0eb40", "best_bid": "0.62", "best_ask": "0.98"}, {"asset_id": "89890357880770130920569229063842559314134493913515800790163996850987882630010", "price": "0.84", "size": "350", "side": "SELL", "hash": "499696f6661f65593f2356d1780097b304f305dd", "best_bid": "0.02", "best_ask": "0.38"}], "timestamp": "1769384290055", "event_type": "price_change"}}
{"_local_timestamp": "2026-01-25T23:38:15.709791+00:00", "data": {"market": "0x2cf3212feaa6cfd5cb94b87c5cd0a85af54e9253e7eeef53de7799f984e2a404", "price_changes": [{"asset_id": "59231798510075487254967799183621059783382829247518901486895557979932211392437", "price": "0.29", "size": "0", "side": "BUY", "hash": "e7f10e66143bf0b8ee8e9feaccbb61a8b7deb721", "best_bid": "0.58", "best_ask": "0.98"}, {"asset_id": "58852612643433392871601069387966390126191978205555701699160562238875856388052", "price": "0.71", "size": "0", "side": "SELL", "hash": "f205ef00f9fc4c7a96e144cde4145d771b7f2f47", "best_bid": "0.02", "best_ask": "0.42"}], "timestamp": "1769384295632", "event_type": "price_change"}}
{"_local_timestamp": "2026-01-25T23:38:15.710347+00:00", "data": {"market": "0x14b906e88fddba6efadacd3f7ae0df93805166b454ea71fb0ea0dae3ab96576f", "price_changes": [{"asset_id": "14106747712625595847775374197239735203456103938867448716658387031929445277567", "price": "0.23", "size": "0", "side": "BUY", "hash": "1fa8426165920743818261302baf537e42a3b5cb", "best_bid": "0.58", "best_ask": "0.98"}, {"asset_id": "11132690929356801463732741924202950567964574031746733374361035435797154954949", "price": "0.77", "size": "0", "side": "SELL", "hash": "f591fc3f3b4a4d8166e9bdf4a397e3d5f642ac30", "best_bid": "0.02", "best_ask": "0.42"}], "timestamp": "1769384295632", "event_type": "price_change"}}
{"_local_timestamp": "2026-01-25T23:38:15.710781+00:00", "data": {"market": "0x84502609a090be0ce43732f8ffda6ec8522bddcf0561f04e7522869fabaadab8", "price_changes": [{"asset_id": "73448743790861686195024835776642919765196064303958255851361603330238287619601", "price": "0.2", "size": "0", "side": "BUY", "hash": "89c7d04e92c50e0091b319ab539c7b59cdc5a58a", "best_bid": "0.64", "best_ask": "0.98"}, {"asset_id": "69949805663605875706432472534555906629637646365659434873485178926861108930926", "price": "0.8", "size": "0", "side": "SELL", "hash": "cc2669d251e070f49a7cda88eafdf82dcca89332", "best_bid": "0.02", "best_ask": "0.36"}], "timestamp": "1769384295632", "event_type": "price_change"}}
{"_local_timestamp": "2026-01-25T23:38:15.711331+00:00", "data": {"market": "0x51590eecf7ce40661dff7dd94edad9a5ea40b0448400e5e8aa0d9fd5babdb983", "price_changes": [{"asset_id": "45399530938207889972077387747136750698904094570155756099829002558971891261297", "price": "0.24", "size": "0", "side": "BUY", "hash": "a60b9f662b59eace7e6d464d053746c2bc2c535a", "best_bid": "0.62", "best_ask": "0.98"}, {"asset_id": "89890357880770130920569229063842559314134493913515800790163996850987882630010", "price": "0.76", "size": "0", "side": "SELL", "hash": "ff83a56f672d08cb0f592364fe9fdf91529c54dc", "best_bid": "0.02", "best_ask": "0.38"}], "timestamp": "1769384295632", "event_type": "price_change"}}
{"_local_timestamp": "2026-01-25T23:38:17.363360+00:00", "data": {"market": "0x51590eecf7ce40661dff7dd94edad9a5ea40b0448400e5e8aa0d9fd5babdb983", "price_changes": [{"asset_id": "45399530938207889972077387747136750698904094570155756099829002558971891261297", "price": "0.25", "size": "0", "side": "BUY", "hash": "4f9bcb7a47fa54eb30f29604b3516802e703337a", "best_bid": "0.62", "best_ask": "0.98"}, {"asset_id": "89890357880770130920569229063842559314134493913515800790163996850987882630010", "price": "0.75", "size": "0", "side": "SELL", "hash": "77e725a905c194b26f95ed3bc72251ec7dc5688d", "best_bid": "0.02", "best_ask": "0.38"}], "timestamp": "1769384297292", "event_type": "price_change"}}
{"_local_timestamp": "2026-01-25T23:38:17.363936+00:00", "data": {"market": "0x14b906e88fddba6efadacd3f7ae0df93805166b454ea71fb0ea0dae3ab96576f", "price_changes": [{"asset_id": "14106747712625595847775374197239735203456103938867448716658387031929445277567", "price": "0.24", "size": "0", "side": "BUY", "hash": "92064e4494b5083a44410b2679439d3c1df940b4", "best_bid": "0.58", "best_ask": "0.98"}, {"asset_id": "11132690929356801463732741924202950567964574031746733374361035435797154954949", "price": "0.76", "size": "0", "side": "SELL", "hash": "4803186fea8b79d808ec351015e5c93ef7ff7ab5", "best_bid": "0.02", "best_ask": "0.42"}], "timestamp": "1769384297292", "event_type": "price_change"}}
{"_local_timestamp": "2026-01-25T23:38:17.364402+00:00", "data": {"market": "0x2cf3212feaa6cfd5cb94b87c5cd0a85af54e9253e7eeef53de7799f984e2a404", "price_changes": [{"asset_id": "59231798510075487254967799183621059783382829247518901486895557979932211392437", "price": "0.3", "size": "0", "side": "BUY", "hash": "a6009915e2cbc814a9759259353e432cd37f5e95", "best_bid": "0.58", "best_ask": "0.98"}, {"asset_id": "58852612643433392871601069387966390126191978205555701699160562238875856388052", "price": "0.7", "size": "0", "side": "SELL", "hash": "b0d02d47de6efacc8f960708db219ea04ca677d0", "best_bid": "0.02", "best_ask": "0.42"}], "timestamp": "1769384297292", "event_type": "price_change"}}
{"_local_timestamp": "2026-01-25T23:38:17.364832+00:00", "data": {"market": "0x84502609a090be0ce43732f8ffda6ec8522bddcf0561f04e7522869fabaadab8", "price_changes": [{"asset_id": "73448743790861686195024835776642919765196064303958255851361603330238287619601", "price": "0.21", "size": "0", "side": "BUY", "hash": "d66880adc206473a7c21668fb34994be30c5da54", "best_bid": "0.64", "best_ask": "0.98"}, {"asset_id": "69949805663605875706432472534555906629637646365659434873485178926861108930926", "price": "0.79", "size": "0", "side": "SELL", "hash": "934c132dbe29bec73bff4fda746f25532bb7a107", "best_bid": "0.02", "best_ask": "0.36"}], "timestamp": "1769384297292", "event_type": "price_change"}}
{"_local_timestamp": "2026-01-25T23:38:17.396154+00:00", "data": {"market": "0x51590eecf7ce40661dff7dd94edad9a5ea40b0448400e5e8aa0d9fd5babdb983", "price_changes": [{"asset_id": "45399530938207889972077387747136750698904094570155756099829002558971891261297", "price": "0.23", "size": "20", "side": "BUY", "hash": "abcd999fdb483af24aa0225f67ef8286f68ea34d", "best_bid": "0.62", "best_ask": "0.98"}, {"asset_id": "89890357880770130920569229063842559314134493913515800790163996850987882630010", "price": "0.77", "size": "20", "side": "SELL", "hash": "e098fc8e43777d6e92741df260e2b226a1772550", "best_bid": "0.02", "best_ask": "0.38"}], "timestamp": "1769384297327", "event_type": "price_change"}}
{"_local_timestamp": "2026-01-25T23:38:17.397554+00:00", "data": {"market": "0x84502609a090be0ce43732f8ffda6ec8522bddcf0561f04e7522869fabaadab8", "price_changes": [{"asset_id": "73448743790861686195024835776642919765196064303958255851361603330238287619601", "price": "0.18", "size": "20", "side": "BUY", "hash": "3191e7d3628de099b64a3684336d826e1451a37c", "best_bid": "0.64", "best_ask": "0.98"}, {"asset_id": "69949805663605875706432472534555906629637646365659434873485178926861108930926", "price": "0.82", "size": "20", "side": "SELL", "hash": "6a3b90c15205d488dd16437aab625f380375b6ed", "best_bid": "0.02", "best_ask": "0.36"}], "timestamp": "1769384297327", "event_type": "price_change"}}
{"_local_timestamp": "2026-01-25T23:38:17.401111+00:00", "data": {"market": "0x2cf3212feaa6cfd5cb94b87c5cd0a85af54e9253e7eeef53de7799f984e2a404", "price_changes": [{"asset_id": "59231798510075487254967799183621059783382829247518901486895557979932211392437", "price": "0.28", "size": "20", "side": "BUY", "hash": "11f37bedcda574ea3f441dabf92855fd140cfe14", "best_bid": "0.58", "best_ask": "0.98"}, {"asset_id": "58852612643433392871601069387966390126191978205555701699160562238875856388052", "price": "0.72", "size": "20", "side": "SELL", "hash": "28a28fef096ac40141a4dccd3354760055e46efd", "best_bid": "0.02", "best_ask": "0.42"}], "timestamp": "1769384297327", "event_type": "price_change"}}
{"_local_timestamp": "2026-01-25T23:38:17.401608+00:00", "data": {"market": "0x14b906e88fddba6efadacd3f7ae0df93805166b454ea71fb0ea0dae3ab96576f", "price_changes": [{"asset_id": "14106747712625595847775374197239735203456103938867448716658387031929445277567", "price": "0.22", "size": "20", "side": "BUY", "hash": "b8cf6319f3811b6268f85d06d9d5f695bac04991", "best_bid": "0.58", "best_ask": "0.98"}, {"asset_id": "11132690929356801463732741924202950567964574031746733374361035435797154954949", "price": "0.78", "size": "20", "side": "SELL", "hash": "287abe7f4a9c5fd4d248f2bcdd07c4691a7222a2", "best_bid": "0.02", "best_ask": "0.42"}], "timestamp": "1769384297327", "event_type": "price_change"}}
{"_local_timestamp": "2026-01-25T23:40:10.595620+00:00", "data": {"market": "0x3ffe368ddd9cd7ae949a99353e946bb53cc95ee4d9b55b34deade9a63cdda1f0", "price_changes": [{"asset_id": "1151675518088212624053901139397564467974271375432217470836164998162776818575", "price": "0.61", "size": "5", "side": "BUY", "hash": "b600fe59b1127e8bdf0dc7e063331a28ebfbfd94", "best_bid": "0.61", "best_ask": "0.95"}, {"asset_id": "55202758749121816611953211340048766697783907298231881415094812414765156236955", "price": "0.39", "size": "5", "side": "SELL", "hash": "c06f6f5aa0dba47f8726df79f0c0c327e6bf37c0", "best_bid": "0.05", "best_ask": "0.39"}], "timestamp": "1769384410522", "event_type": "price_change"}}
{"_local_timestamp": "2026-01-25T23:40:10.596861+00:00", "data": {"market": "0x54f2bd6b1213cdc416ad535df6bba27cce141b0d9bc945bc797844f5329e30e8", "price_changes": [{"asset_id": "70275337582994898363598925365446361311919973175210491229201950770677012064897", "price": "0.51", "size": "5", "side": "BUY", "hash": "f0892f9980c8878fd7712734a34828b5e9d3109f", "best_bid": "0.51", "best_ask": "0.9"}, {"asset_id": "18160631375660211935156261059738170928526980814907427549931802085914052152322", "price": "0.49", "size": "5", "side": "SELL", "hash": "18aa38cb7b218b338e630ac01fed6f084f90a3c1", "best_bid": "0.1", "best_ask": "0.49"}], "timestamp": "1769384410522", "event_type": "price_change"}}
{"_local_timestamp": "2026-01-25T23:40:15.013851+00:00", "data": {"market": "0x54f2bd6b1213cdc416ad535df6bba27cce141b0d9bc945bc797844f5329e30e8", "price_changes": [{"asset_id": "18160631375660211935156261059738170928526980814907427549931802085914052152322", "price": "0.49", "size": "0", "side": "SELL", "hash": "248d678ea7dd7ab8252318f9bc08aefca4834cb4", "best_bid": "0.1", "best_ask": "0.5"}, {"asset_id": "70275337582994898363598925365446361311919973175210491229201950770677012064897", "price": "0.51", "size": "0", "side": "BUY", "hash": "26c94ea7fc380b93deb5572ff927c5cfdb5a5400", "best_bid": "0.5", "best_ask": "0.9"}], "timestamp": "1769384414937", "event_type": "price_change"}}
{"_local_timestamp": "2026-01-25T23:40:15.239859+00:00", "data": {"market": "0x3ffe368ddd9cd7ae949a99353e946bb53cc95ee4d9b55b34deade9a63cdda1f0", "price_changes": [{"asset_id": "55202758749121816611953211340048766697783907298231881415094812414765156236955", "price": "0.39", "size": "0", "side": "SELL", "hash": "dd22f6e39916e044d0fc3103b03b00082d49350a", "best_bid": "0.05", "best_ask": "0.4"}, {"asset_id": "1151675518088212624053901139397564467974271375432217470836164998162776818575", "price": "0.61", "size": "0", "side": "BUY", "hash": "0c8ec403054033cbabefbde9c9455894aa0a352f", "best_bid": "0.6", "best_ask": "0.95"}], "timestamp": "1769384415166", "event_type": "price_change"}}
