{"_local_timestamp": "2026-01-25T23:41:10.215480+00:00", "data": [{"market": "0x2cf3212feaa6cfd5cb94b87c5cd0a85af54e9253e7eeef53de7799f984e2a404", "asset_id": "58852612643433392871601069387966390126191978205555701699160562238875856388052", "timestamp": "1769384297327", "hash": "28a28fef096ac40141a4dccd3354760055e46efd", "bids": [{"price": "0.01", "size": "200"}, {"price": "0.02", "size": "59.99"}], "asks": [{"price": "0.99", "size": "250"}, {"price": "0.95", "size": "30"}, {"price": "0.94", "size": "48"}, {"price": "0.9", "size": "5"}, {"price": "0.73", "size": "7"}, {"price": "0.72", "size": "20"}, {"price": "0.42", "size": "55"}], "event_type": "book", "last_trade_price": ""}, {"market": "0xfa9f3fc483f7e0f01fe796a159a01d4058814a260856183399179f00cc21ec9b", "asset_id": "9310234953096076507899857801199564664412184025334004992015699916204331463603", "timestamp": "1769384249257", "hash": "ba8a67ebdd6f7d6d8dd5602ef663e412f463f9a5", "bids": [{"price": "0.01", "size": "200"}, {"price": "0.02", "size": "100"}, {"price": "0.06", "size": "116.6"}, {"price": "0.1", "size": "10000"}, {"price": "0.11", "size": "9.19"}], "asks": [{"price": "0.99", "size": "1450"}, {"price": "0.98", "size": "800"}, {"price": "0.95", "size": "1530"}, {"price": "0.94", "size": "33"}, {"price": "0.91", "size": "700"}, {"price": "0.86", "size": "200"}, {"price": "0.85", "size": "50"}, {"price": "0.84", "size": "8.5"}, {"price": "0.78", "size": "9"}, {"price": "0.77", "size": "20"}, {"price": "0.36", "size": "125"}], "event_type": "book", "last_trade_price": ""}, {"market": "0x51590eecf7ce40661dff7dd94edad9a5ea40b0448400e5e8aa0d9fd5babdb983", "asset_id": "45399530938207889972077387747136750698904094570155756099829002558971891261297", "timestamp": "1769384297327", "hash": "abcd999fdb483af24aa0225f67ef8286f68ea34d", "bids": [{"price": "0.01", "size": "1450"}, {"price": "0.02", "size": "800"}, {"price": "0.05", "size": "1530"}, {"price": "0.06", "size": "33"}, {"price": "0.09", "size": "700"}, {"price": "0.16", "size": "350"}, {"price": "0.22", "size": "9"}, {"price": "0.23", "size": "20"}, {"price": "0.62", "size": "105"}], "asks": [{"price": "0.99", "size": "200"}, {"price": "0.98", "size": "59.99"}], "event_type": "book", "last_trade_price": ""}, {"market": "0x2cf3212feaa6cfd5cb94b87c5cd0a85af54e9253e7eeef53de7799f984e2a404", "asset_id": "59231798510075487254967799183621059783382829247518901486895557979932211392437", "timestamp": "1769384297327", "hash": "11f37bedcda574ea3f441dabf92855fd140cfe14", "bids": [{"price": "0.01", "size": "250"}, {"price": "0.05", "size": "30"}, {"price": "0.06", "size": "48"}, {"price": "0.1", "size": "5"}, {"price": "0.27", "size": "7"}, {"price": "0.28", "size": "20"}, {"price": "0.58", "size": "55"}], "asks": [{"price": "0.99", "size": "200"}, {"price": "0.98", "size": "59.99"}], "event_type": "book", "last_trade_price": ""}, {"market": "0x9c5883f956da9ccf33625b08c94261e10b1eb31ce5b44fa0d17612cc0ceb6102", "asset_id": "65955084541941183936385697482376979943487525899718321397176875005119521184488", "timestamp": "1769382984708", "hash": "40ab9aac98d1177b479d0925cb63f168105a99c7", "bids": [{"price": "0.01", "size": "200"}, {"price": "0.02", "size": "59.99"}], "asks": [{"price": "0.99", "size": "1450"}, {"price": "0.98", "size": "800"}, {"price": "0.95", "size": "1530"}, {"price": "0.94", "size": "33"}, {"price": "0.91", "size": "700"}, {"price": "0.9", "size": "5"}, {"price": "0.86", "size": "200"}, {"price": "0.85", "size": "50"}, {"price": "0.78", "size": "9"}, {"price": "0.77", "size": "20"}, {"price": "0.46", "size": "115"}], "event_type": "book", "last_trade_price": ""}, {"market": "0x329f8dc1621a13f82b2c68675b4a80db1a1230c498e5176fbe336280d1f3b716", "asset_id": "61988727725440623910633401857997084293673962808639626234269038365922061408963", "timestamp": "1769382575397", "hash": "909086079a73356a075ed5a2c4af913c27816759", "bids": [{"price": "0.01", "size": "200"}, {"price": "0.02", "size": "59.99"}], "asks": [{"price": "0.99", "size": "1450"}, {"price": "0.98", "size": "800"}, {"price": "0.95", "size": "1530"}, {"price": "0.94", "size": "33"}, {"price": "0.91", "size": "700"}, {"price": "0.86", "size": "200"}, {"price": "0.85", "size": "50"}, {"price": "0.78", "size": "9"}, {"price": "0.77", "size": "20"}, {"price": "0.36", "size": "115"}], "event_type": "book", "last_trade_price": ""}, {"market": "0x3ffe368ddd9cd7ae949a99353e946bb53cc95ee4d9b55b34deade9a63cdda1f0", "asset_id": "1151675518088212624053901139397564467974271375432217470836164998162776818575", "timestamp": "1769384452388", "hash": "5f1362d6f95b7644400200ea42d32673465ecf60", "bids": [{"price": "0.01", "size": "1450"}, {"price": "0.02", "size": "800"}, {"price": "0.05", "size": "1530"}, {"price": "0.06", "size": "33"}, {"price": "0.08", "size": "400"}, {"price": "0.1", "size": "5"}, {"price": "0.14", "size": "500"}, {"price": "0.16", "size": "44"}, {"price": "0.19", "size": "10"}, {"price": "0.2", "size": "20"}, {"price": "0.55", "size": "100"}, {"price": "0.6", "size": "55"}], "asks": [{"price": "0.99", "size": "200"}, {"price": "0.98", "size": "50"}, {"price": "0.95", "size": "20"}], "event_type": "book", "last_trade_price": ""}, {"market": "0x84502609a090be0ce43732f8ffda6ec8522bddcf0561f04e7522869fabaadab8", "asset_id": "73448743790861686195024835776642919765196064303958255851361603330238287619601", "timestamp": "1769384297327", "hash": "3191e7d3628de099b64a3684336d826e1451a37c", "bids": [{"price": "0.01", "size": "1450"}, {"price": "0.02", "size": "800"}, {"price": "0.05", "size": "1530"}, {"price": "0.06", "size": "33"}, {"price": "0.09", "size": "700"}, {"price": "0.14", "size": "200"}, {"price": "0.16", "size": "6"}, {"price": "0.17", "size": "11"}, {"price": "0.18", "size": "20"}, {"price": "0.64", "size": "135"}], "asks": [{"price": "0.99", "size": "200"}, {"price": "0.98", "size": "59.99"}], "event_type": "book", "last_trade_price": ""}, {"market": "0x3ffe368ddd9cd7ae949a99353e946bb53cc95ee4d9b55b34deade9a63cdda1f0", "asset_id": "55202758749121816611953211340048766697783907298231881415094812414765156236955", "timestamp": "1769384452388", "hash": "31cd0a68d768f6fb857e7c0a0b88b9c2791f256d", "bids": [{"price": "0.01", "size": "200"}, {"price": "0.02", "size": "50"}, {"price": "0.05", "size": "20"}], "asks": [{"price": "0.99", "size": "1450"}, {"price": "0.98", "size": "800"}, {"price": "0.95", "size": "1530"}, {"price": "0.94", "size": "33"}, {"price": "0.92", "size": "400"}, {"price": "0.9", "size": "5"}, {"price": "0.86", "size": "500"}, {"price": "0.84", "size": "44"}, {"price": "0.81", "size": "10"}, {"price": "0.8", "size": "20"}, {"price": "0.45", "size": "100"}, {"price": "0.4", "size": "55"}], "event_type": "book", "last_trade_price": ""}, {"market": "0x54f2bd6b1213cdc416ad535df6bba27cce141b0d9bc945bc797844f5329e30e8", "asset_id": "18160631375660211935156261059738170928526980814907427549931802085914052152322", "timestamp": "1769384452231", "hash": "509d55657f6bd1924e617a9a2218d31d00c86434", "bids": [{"price": "0.01", "size": "200"}, {"price": "0.02", "size": "50"}, {"price": "0.06", "size": "33"}, {"price": "0.1", "size": "110"}], "asks": [{"price": "0.99", "size": "250"}, {"price": "0.96", "size": "33"}, {"price": "0.95", "size": "30"}, {"price": "0.94", "size": "33"}, {"price": "0.89", "size": "18"}, {"price": "0.88", "size": "20"}, {"price": "0.8", "size": "5"}, {"price": "0.5", "size": "55"}], "event_type": "book", "last_trade_price": ""}, {"market": "0x51590eecf7ce40661dff7dd94edad9a5ea40b0448400e5e8aa0d9fd5babdb983", "asset_id": "89890357880770130920569229063842559314134493913515800790163996850987882630010", "timestamp": "1769384297327", "hash": "e098fc8e43777d6e92741df260e2b226a1772550", "bids": [{"price": "0.01", "size": "200"}, {"price": "0.02", "size": "59.99"}], "asks": [{"price": "0.99", "size": "1450"}, {"price": "0.98", "size": "800"}, {"price": "0.95", "size": "1530"}, {"price": "0.94", "size": "33"}, {"price": "0.91", "size": "700"}, {"price": "0.84", "size": "350"}, {"price": "0.78", "size": "9"}, {"price": "0.77", "size": "20"}, {"price": "0.38", "size": "105"}], "event_type": "book", "last_trade_price": ""}, {"market": "0x54f2bd6b1213cdc416ad535df6bba27cce141b0d9bc945bc797844f5329e30e8", "asset_id": "70275337582994898363598925365446361311919973175210491229201950770677012064897", "timestamp": "1769384452231", "hash": "4929a757dfd110477f539753338ba82b284e9fea", "bids": [{"price": "0.01", "size": "250"}, {"price": "0.04", "size": "33"}, {"price": "0.05", "size": "30"}, {"price": "0.06", "size": "33"}, {"price": "0.11", "size": "18"}, {"price": "0.12", "size": "20"}, {"price": "0.2", "size": "5"}, {"price": "0.5", "size": "55"}], "asks": [{"price": "0.99", "size": "200"}, {"price": "0.98", "size": "50"}, {"price": "0.94", "size": "33"}, {"price": "0.9", "size": "110"}], "event_type": "book", "last_trade_price": ""}, {"market": "0x14b906e88fddba6efadacd3f7ae0df93805166b454ea71fb0ea0dae3ab96576f", "asset_id": "14106747712625595847775374197239735203456103938867448716658387031929445277567", "timestamp": "1769384297327", "hash": "b8cf6319f3811b6268f85d06d9d5f695bac04991", "bids": [{"price": "0.01", "size": "1450"}, {"price": "0.02", "size": "800"}, {"price": "0.05", "size": "1530"}, {"price": "0.06", "size": "33"}, {"price": "0.08", "size": "400"}, {"price": "0.1", "size": "5"}, {"price": "0.14", "size": "500"}, {"price": "0.16", "size": "10"}, {"price": "0.21", "size": "9"}, {"price": "0.22", "size": "20"}, {"price": "0.58", "size": "105"}], "asks": [{"price": "0.99", "size": "200"}, {"price": "0.98", "size": "59.99"}], "event_type": "book", "last_trade_price": ""}, {"market": "0xe93e1172ae9f42792c15586750c1d2235e5209aedc78a40caa47d8731c0ba618", "asset_id": "32317548833224803730165663998971052233391192970074050004307361128201817935399", "timestamp": "1769384281732", "hash": "3096e29439880f25631bf7a959da51f005bda03d", "bids": [{"price": "0.01", "size": "1450"}, {"price": "0.03", "size": "1800"}, {"price": "0.05", "size": "630"}, {"price": "0.06", "size": "33"}, {"price": "0.08", "size": "400"}, {"price": "0.1", "size": "5"}, {"price": "0.14", "size": "500"}, {"price": "0.18", "size": "5"}, {"price": "0.19", "size": "10"}, {"price": "0.21", "size": "79.16"}, {"price": "0.22", "size": "20"}, {"price": "0.5", "size": "105"}], "asks": [{"price": "0.99", "size": "200"}, {"price": "0.98", "size": "59.99"}], "event_type": "book", "last_trade_price": ""}, {"market": "0x9c5883f956da9ccf33625b08c94261e10b1eb31ce5b44fa0d17612cc0ceb6102", "asset_id": "87942290941332559577877209759925771690637726145627200842872693884286667944656", "timestamp": "1769382984708", "hash": "081095df103a6328ae3652ae930fa93e08f30abc", "bids": [{"price": "0.01", "size": "1450"}, {"price": "0.02", "size": "800"}, {"price": "0.05", "size": "1530"}, {"price": "0.06", "size": "33"}, {"price": "0.09", "size": "700"}, {"price": "0.1", "size": "5"}, {"price": "0.14", "size": "200"}, {"price": "0.15", "size": "50"}, {"price": "0.22", "size": "9"}, {"price": "0.23", "size": "20"}, {"price": "0.54", "size": "115"}], "asks": [{"price": "0.99", "size": "200"}, {"price": "0.98", "size": "59.99"}], "event_type": "book", "last_trade_price": ""}, {"market": "0x329f8dc1621a13f82b2c68675b4a80db1a1230c498e5176fbe336280d1f3b716", "asset_id": "1784288579625468552260523766523508678638849950934120974322595635011554159910", "timestamp": "1769382575397", "hash": "b8b63a1e5876e33131e9d4ed3f89a3792e49dbe6", "bids": [{"price": "0.01", "size": "1450"}, {"price": "0.02", "size": "800"}, {"price": "0.05", "size": "1530"}, {"price": "0.06", "size": "33"}, {"price": "0.09", "size": "700"}, {"price": "0.14", "size": "200"}, {"price": "0.15", "size": "50"}, {"price": "0.22", "size": "9"}, {"price": "0.23", "size": "20"}, {"price": "0.64", "size": "115"}], "asks": [{"price": "0.99", "size": "200"}, {"price": "0.98", "size": "59.99"}], "event_type": "book", "last_trade_price": ""}, {"market": "0xe93e1172ae9f42792c15586750c1d2235e5209aedc78a40caa47d8731c0ba618", "asset_id": "62630576947209440586217695565947879479835921643953266269695982420825857167717", "timestamp": "1769384281732", "hash": "a637ef6c77caa961faed519dbc83cbeb95a38055", "bids": [{"price": "0.01", "size": "200"}, {"price": "0.02", "size": "59.99"}], "asks": [{"price": "0.99", "size": "1450"}, {"price": "0.97", "size": "1800"}, {"price": "0.95", "size": "630"}, {"price": "0.94", "size": "33"}, {"price": "0.92", "size": "400"}, {"price": "0.9", "size": "5"}, {"price": "0.86", "size": "500"}, {"price": "0.82", "size": "5"}, {"price": "0.81", "size": "10"}, {"price": "0.79", "size": "79.16"}, {"price": "0.78", "size": "20"}, {"price": "0.5", "size": "105"}], "event_type": "book", "last_trade_price": ""}, {"market": "0x1571094c4842ab99c24972c2e153739d3de3f93d48d67253b5455b7ec78974c1", "asset_id": "37004281914726984205226035287493665849615816863642132233426483513642205359899", "timestamp": "1769382614011", "hash": "10a8a3a72b83079f39e7554e3c9620251a4630ea", "bids": [{"price": "0.01", "size": "200"}], "asks": [{"price": "0.99", "size": "1450"}, {"price": "0.98", "size": "800"}, {"price": "0.95", "size": "1530"}, {"price": "0.94", "size": "33"}, {"price": "0.91", "size": "700"}, {"price": "0.9", "size": "5"}, {"price": "0.86", "size": "200"}, {"price": "0.85", "size": "50"}, {"price": "0.82", "size": "11"}, {"price": "0.81", "size": "20"}, {"price": "0.45", "size": "130"}, {"price": "0.42", "size": "55"}], "event_type": "book", "last_trade_price": ""}, {"market": "0x1571094c4842ab99c24972c2e153739d3de3f93d48d67253b5455b7ec78974c1", "asset_id": "68942272452437144973851850444079028806882609136700995872294037563976594455382", "timestamp": "1769382614011", "hash": "5c8e2d0b119adb75c264505c21a77c2e8c7a7706", "bids": [{"price": "0.01", "size": "1450"}, {"price": "0.02", "size": "800"}, {"price": "0.05", "size": "1530"}, {"price": "0.06", "size": "33"}, {"price": "0.09", "size": "700"}, {"price": "0.1", "size": "5"}, {"price": "0.14", "size": "200"}, {"price": "0.15", "size": "50"}, {"price": "0.18", "size": "11"}, {"price": "0.19", "size": "20"}, {"price": "0.55", "size": "130"}, {"price": "0.58", "size": "55"}], "asks": [{"price": "0.99", "size": "200"}], "event_type": "book", "last_trade_price": ""}, {"market": "0xa29f68ea3494a36f817f37b54ed8e9fbc726bff219383e1940df283716dfc620", "asset_id": "16344222553609986028287513422424705213531135720831739041078529623678066952630", "timestamp": "1769382922845", "hash": "a7026cee3ec77087e29890cfc404516051e73e58", "bids": [{"price": "0.01", "size": "1450"}, {"price": "0.02", "size": "800"}, {"price": "0.05", "size": "1530"}, {"price": "0.06", "size": "33"}, {"price": "0.09", "size": "700"}, {"price": "0.14", "size": "200"}, {"price": "0.21", "size": "105"}, {"price": "0.24", "size": "8"}, {"price": "0.25", "size": "20"}, {"price": "0.65", "size": "125"}], "asks": [{"price": "0.99", "size": "200"}, {"price": "0.98", "size": "59.99"}], "event_type": "book", "last_trade_price": ""}, {"market": "0x14b906e88fddba6efadacd3f7ae0df93805166b454ea71fb0ea0dae3ab96576f", "asset_id": "11132690929356801463732741924202950567964574031746733374361035435797154954949", "timestamp": "1769384297327", "hash": "287abe7f4a9c5fd4d248f2bcdd07c4691a7222a2", "bids": [{"price": "0.01", "size": "200"}, {"price": "0.02", "size": "59.99"}], "asks": [{"price": "0.99", "size": "1450"}, {"price": "0.98", "size": "800"}, {"price": "0.95", "size": "1530"}, {"price": "0.94", "size": "33"}, {"price": "0.92", "size": "400"}, {"price": "0.9", "size": "5"}, {"price": "0.86", "size": "500"}, {"price": "0.84", "size": "10"}, {"price": "0.79", "size": "9"}, {"price": "0.78", "size": "20"}, {"price": "0.42", "size": "105"}], "event_type": "book", "last_trade_price": ""}, {"market": "0xa29f68ea3494a36f817f37b54ed8e9fbc726bff219383e1940df283716dfc620", "asset_id": "69469634622571247216797811333839161206992991253538521799177897508943527239249", "timestamp": "1769382922845", "hash": "52258a323b5c8b3a38d805acf38cc6b5461ebf4a", "bids": [{"price": "0.01", "size": "200"}, {"price": "0.02", "size": "59.99"}], "asks": [{"price": "0.99", "size": "1450"}, {"price": "0.98", "size": "800"}, {"price": "0.95", "size": "1530"}, {"price": "0.94", "size": "33"}, {"price": "0.91", "size": "700"}, {"price": "0.86", "size": "200"}, {"price": "0.79", "size": "105"}, {"price": "0.76", "size": "8"}, {"price": "0.75", "size": "20"}, {"price": "0.35", "size": "125"}], "event_type": "book", "last_trade_price": ""}, {"market": "0xfa9f3fc483f7e0f01fe796a159a01d4058814a260856183399179f00cc21ec9b", "asset_id": "35428851148289552634401411076711882177955089954537526309706143223935823242853", "timestamp": "1769384249257", "hash": "70b88a54ea3a435001785e931a3cdc3e4cd6fbed", "bids": [{"price": "0.01", "size": "1450"}, {"price": "0.02", "size": "800"}, {"price": "0.05", "size": "1530"}, {"price": "0.06", "size": "33"}, {"price": "0.09", "size": "700"}, {"price": "0.14", "size": "200"}, {"price": "0.15", "size": "50"}, {"price": "0.16", "size": "8.5"}, {"price": "0.22", "size": "9"}, {"price": "0.23", "size": "20"}, {"price": "0.64", "size": "125"}], "asks": [{"price": "0.99", "size": "200"}, {"price": "0.98", "size": "100"}, {"price": "0.94", "size": "116.6"}, {"price": "0.9", "size": "10000"}, {"price": "0.89", "size": "9.19"}], "event_type": "book", "last_trade_price": ""}, {"market": "0x84502609a090be0ce43732f8ffda6ec8522bddcf0561f04e7522869fabaadab8", "asset_id": "69949805663605875706432472534555906629637646365659434873485178926861108930926", "timestamp": "1769384297327", "hash": "6a3b90c15205d488dd16437aab625f380375b6ed", "bids": [{"price": "0.01", "size": "200"}, {"price": "0.02", "size": "59.99"}], "asks": [{"price": "0.99", "size": "1450"}, {"price": "0.98", "size": "800"}, {"price": "0.95", "size": "1530"}, {"price": "0.94", "size": "33"}, {"price": "0.91", "size": "700"}, {"price": "0.86", "size": "200"}, {"price": "0.84", "size": "6"}, {"price": "0.83", "size": "11"}, {"price": "0.82", "size": "20"}, {"price": "0.36", "size": "135"}], "event_type": "book", "last_trade_price": ""}]}
