{"_local_timestamp": "2026-01-25T23:40:42.628724+00:00", "data": [{"market": "0x57d601622f7211f1bafc592e21baf81df8f44741e6ee708aee2449b49b58fc82", "asset_id": "12668390728546664562591096503585520540809771817912759179044387646050235405928", "timestamp": "1769384362726", "hash": "bf5834945218c44f1d451abc274a8510ee61cb1d", "bids": [{"price": "0.01", "size": "3872.22"}, {"price": "0.02", "size": "10.63"}, {"price": "0.04", "size": "200"}, {"price": "0.05", "size": "810"}, {"price": "0.06", "size": "200"}, {"price": "0.07", "size": "100"}, {"price": "0.08", "size": "9.14"}, {"price": "0.11", "size": "225"}, {"price": "0.13", "size": "7.69"}, {"price": "0.16", "size": "150"}, {"price": "0.21", "size": "100"}, {"price": "0.26", "size": "162.66"}, {"price": "0.5", "size": "40"}, {"price": "0.51", "size": "66.66"}], "asks": [{"price": "0.99", "size": "84.65"}, {"price": "0.98", "size": "46.03"}, {"price": "0.97", "size": "20"}, {"price": "0.96", "size": "5.98"}, {"price": "0.95", "size": "30"}, {"price": "0.94", "size": "40.86"}, {"price": "0.91", "size": "70.13"}, {"price": "0.9", "size": "8.83"}, {"price": "0.84", "size": "1.66"}, {"price": "0.83", "size": "5.88"}], "event_type": "book", "last_trade_price": ""}, {"market": "0x57d601622f7211f1bafc592e21baf81df8f44741e6ee708aee2449b49b58fc82", "asset_id": "97753848768374060999337901528962238014065821426341113231597534959461731339133", "timestamp": "1769384362726", "hash": "063bb0fd4655665631e639f1df597652d4b57a17", "bids": [{"price": "0.01", "size": "84.65"}, {"price": "0.02", "size": "46.03"}, {"price": "0.03", "size": "20"}, {"price": "0.04", "size": "5.98"}, {"price": "0.05", "size": "30"}, {"price": "0.06", "size": "40.86"}, {"price": "0.09", "size": "70.13"}, {"price": "0.1", "size": "8.83"}, {"price": "0.16", "size": "1.66"}, {"price": "0.17", "size": "5.88"}], "asks": [{"price": "0.99", "size": "3872.22"}, {"price": "0.98", "size": "10.63"}, {"price": "0.96", "size": "200"}, {"price": "0.95", "size": "810"}, {"price": "0.94", "size": "200"}, {"price": "0.93", "size": "100"}, {"price": "0.92", "size": "9.14"}, {"price": "0.89", "size": "225"}, {"price": "0.87", "size": "7.69"}, {"price": "0.84", "size": "150"}, {"price": "0.79", "size": "100"}, {"price": "0.74", "size": "162.66"}, {"price": "0.5", "size": "40"}, {"price": "0.49", "size": "66.66"}], "event_type": "book", "last_trade_price": ""}, {"market": "0x07db4ca35f28bc5ca53a161794ab7b6aad0f3f4b32786fd2c3ca3070cbd31d23", "asset_id": "89399296058082802849637265880462852921510982613019570700598879554887149139762", "timestamp": "1769384438862", "hash": "43e45247e0ad274f534815d613e1394573a94be7", "bids": [{"price": "0.01", "size": "76.23"}, {"price": "0.02", "size": "44.44"}, {"price": "0.03", "size": "7.94"}, {"price": "0.04", "size": "62.66"}, {"price": "0.05", "size": "9.94"}, {"price": "0.09", "size": "73.76"}], "asks": [{"price": "0.99", "size": "1375.21"}, {"price": "0.98", "size": "308.25"}, {"price": "0.97", "size": "100"}, {"price": "0.96", "size": "205.59"}, {"price": "0.95", "size": "230"}, {"price": "0.94", "size": "33"}, {"price": "0.93", "size": "8.22"}, {"price": "0.89", "size": "225"}, {"price": "0.84", "size": "66.66"}, {"price": "0.83", "size": "5.59"}, {"price": "0.74", "size": "96"}, {"price": "0.7", "size": "6"}, {"price": "0.67", "size": "200"}, {"price": "0.65", "size": "66.66"}, {"price": "0.64", "size": "20"}, {"price": "0.5", "size": "20"}], "event_type": "book", "last_trade_price": ""}, {"market": "0x07db4ca35f28bc5ca53a161794ab7b6aad0f3f4b32786fd2c3ca3070cbd31d23", "asset_id": "24363275266089775305424843015532890390275785659687191694023230547125544911803", "timestamp": "1769384438862", "hash": "54cb7ceabe469af9236dc79d95059e2d65a2bb10", "bids": [{"price": "0.01", "size": "1375.21"}, {"price": "0.02", "size": "308.25"}, {"price": "0.03", "size": "100"}, {"price": "0.04", "size": "205.59"}, {"price": "0.05", "size": "230"}, {"price": "0.06", "size": "33"}, {"price": "0.07", "size": "8.22"}, {"price": "0.11", "size": "225"}, {"price": "0.16", "size": "66.66"}, {"price": "0.17", "size": "5.59"}, {"price": "0.26", "size": "96"}, {"price": "0.3", "size": "6"}, {"price": "0.33", "size": "200"}, {"price": "0.35", "size": "66.66"}, {"price": "0.36", "size": "20"}, {"price": "0.5", "size": "20"}], "asks": [{"price": "0.99", "size": "76.23"}, {"price": "0.98", "size": "44.44"}, {"price": "0.97", "size": "7.94"}, {"price": "0.96", "size": "62.66"}, {"price": "0.95", "size": "9.94"}, {"price": "0.91", "size": "73.76"}], "event_type": "book", "last_trade_price": ""}]}
{"_local_timestamp": "2026-01-25T23:40:52.966061+00:00", "data": {"market": "0x07db4ca35f28bc5ca53a161794ab7b6aad0f3f4b32786fd2c3ca3070cbd31d23", "price_changes": [{"asset_id": "24363275266089775305424843015532890390275785659687191694023230547125544911803", "price": "0.33", "size": "0", "side": "BUY", "hash": "6d0d795f587cdcc09c6175fd9160b5b21fc16dad", "best_bid": "0.5", "best_ask": "0.91"}, {"asset_id": "89399296058082802849637265880462852921510982613019570700598879554887149139762", "price": "0.67", "size": "0", "side": "SELL", "hash": "8619e2830b05c80cbcc1323576f767a8c425cf00", "best_bid": "0.09", "best_ask": "0.5"}], "timestamp": "1769384452899", "event_type": "price_change"}}
{"_local_timestamp": "2026-01-25T23:40:53.560472+00:00", "data": {"market": "0x07db4ca35f28bc5ca53a161794ab7b6aad0f3f4b32786fd2c3ca3070cbd31d23", "price_changes": [{"asset_id": "24363275266089775305424843015532890390275785659687191694023230547125544911803", "price": "0.11", "size": "275", "side": "BUY", "hash": "4ec8c22986cc192825e2e1dc9dcef2b37f0a95bf", "best_bid": "0.5", "best_ask": "0.91"}, {"asset_id": "89399296058082802849637265880462852921510982613019570700598879554887149139762", "price": "0.89", "size": "275", "side": "SELL", "hash": "2716762201e1211a2f9bf8dfcdad22aefb743500", "best_bid": "0.09", "best_ask": "0.5"}], "timestamp": "1769384453488", "event_type": "price_change"}}
{"_local_timestamp": "2026-01-25T23:40:53.560893+00:00", "data": {"market": "0x07db4ca35f28bc5ca53a161794ab7b6aad0f3f4b32786fd2c3ca3070cbd31d23", "price_changes": [{"asset_id": "24363275266089775305424843015532890390275785659687191694023230547125544911803", "price": "0.05", "size": "730", "side": "BUY", "hash": "96bcb42f38d2449876f54bb9e4a4f68efaac23f1", "best_bid": "0.5", "best_ask": "0.91"}, {"asset_id": "89399296058082802849637265880462852921510982613019570700598879554887149139762", "price": "0.95", "size": "730", "side": "SELL", "hash": "07fb296319d69648cc0b840282abfb8436b32d10", "best_bid": "0.09", "best_ask": "0.5"}], "timestamp": "1769384453490", "event_type": "price_change"}}
{"_local_timestamp": "2026-01-25T23:40:53.561265+00:00", "data": {"market": "0x07db4ca35f28bc5ca53a161794ab7b6aad0f3f4b32786fd2c3ca3070cbd31d23", "price_changes": [{"asset_id": "24363275266089775305424843015532890390275785659687191694023230547125544911803", "price": "0.01", "size": "3875.21", "side": "BUY", "hash": "e7e34834f92e24578469038a34c4fd10e9f4149c", "best_bid": "0.5", "best_ask": "0.91"}, {"asset_id": "89399296058082802849637265880462852921510982613019570700598879554887149139762", "price": "0.99", "size": "3875.21", "side": "SELL", "hash": "f196f6f3f522a29accdfe702392a3bc8f8c23537", "best_bid": "0.09", "best_ask": "0.5"}], "timestamp": "1769384453491", "event_type": "price_change"}}
{"_local_timestamp": "2026-01-25T23:41:40.232280+00:00", "data": {"market": "0x07db4ca35f28bc5ca53a161794ab7b6aad0f3f4b32786fd2c3ca3070cbd31d23", "price_changes": [{"asset_id": "24363275266089775305424843015532890390275785659687191694023230547125544911803", "price": "0.11", "size": "225", "side": "BUY", "hash": "f53b097b94673f125581aef8cf629e94bd248664", "best_bid": "0.5", "best_ask": "0.91"}, {"asset_id": "89399296058082802849637265880462852921510982613019570700598879554887149139762", "price": "0.89", "size": "225", "side": "SELL", "hash": "e9041bb2740a250e6837c8ff82a8aacc115fb352", "best_bid": "0.09", "best_ask": "0.5"}], "timestamp": "1769384500155", "event_type": "price_change"}}
{"_local_timestamp": "2026-01-25T23:41:40.233649+00:00", "data": {"market": "0x07db4ca35f28bc5ca53a161794ab7b6aad0f3f4b32786fd2c3ca3070cbd31d23", "price_changes": [{"asset_id": "24363275266089775305424843015532890390275785659687191694023230547125544911803", "price": "0.05", "size": "230", "side": "BUY", "hash": "f53b097b94673f125581aef8cf629e94bd248664", "best_bid": "0.5", "best_ask": "0.91"}, {"asset_id": "89399296058082802849637265880462852921510982613019570700598879554887149139762", "price": "0.95", "size": "230", "side": "SELL", "hash": "e9041bb2740a250e6837c8ff82a8aacc115fb352", "best_bid": "0.09", "best_ask": "0.5"}], "timestamp": "1769384500155", "event_type": "price_change"}}
{"_local_timestamp": "2026-01-25T23:41:40.233944+00:00", "data": {"market": "0x07db4ca35f28bc5ca53a161794ab7b6aad0f3f4b32786fd2c3ca3070cbd31d23", "price_changes": [{"asset_id": "24363275266089775305424843015532890390275785659687191694023230547125544911803", "price": "0.01", "size": "1375.21", "side": "BUY", "hash": "f53b097b94673f125581aef8cf629e94bd248664", "best_bid": "0.5", "best_ask": "0.91"}, {"asset_id": "89399296058082802849637265880462852921510982613019570700598879554887149139762", "price": "0.99", "size": "1375.21", "side": "SELL", "hash": "e9041bb2740a250e6837c8ff82a8aacc115fb352", "best_bid": "0.09", "best_ask": "0.5"}], "timestamp": "1769384500155", "event_type": "price_change"}}
{"_local_timestamp": "2026-01-25T23:41:50.886240+00:00", "data": {"market": "0x57d601622f7211f1bafc592e21baf81df8f44741e6ee708aee2449b49b58fc82", "price_changes": [{"asset_id": "12668390728546664562591096503585520540809771817912759179044387646050235405928", "price": "0.01", "size": "3572.22", "side": "BUY", "hash": "8951f09add02d12e9a9c66e551ed1edf4c20a89b", "best_bid": "0.51", "best_ask": "0.83"}, {"asset_id": "97753848768374060999337901528962238014065821426341113231597534959461731339133", "price": "0.99", "size": "3572.22", "side": "SELL", "hash": "2b0186d626b68c556380c1ea18a2cf0655eb3a99", "best_bid": "0.17", "best_ask": "0.49"}], "timestamp": "1769384510748", "event_type": "price_change"}}
{"_local_timestamp": "2026-01-25T23:41:50.887095+00:00", "data": {"market": "0x07db4ca35f28bc5ca53a161794ab7b6aad0f3f4b32786fd2c3ca3070cbd31d23", "price_changes": [{"asset_id": "24363275266089775305424843015532890390275785659687191694023230547125544911803", "price": "0.01", "size": "1075.21", "side": "BUY", "hash": "917bb689627f1ee00f5b19c35f6fbe52dddb68ca", "best_bid": "0.5", "best_ask": "0.91"}, {"asset_id": "89399296058082802849637265880462852921510982613019570700598879554887149139762", "price": "0.99", "size": "1075.21", "side": "SELL", "hash": "79644ef0142664a432bc1c30a3e474240399b4f4", "best_bid": "0.09", "best_ask": "0.5"}], "timestamp": "1769384510748", "event_type": "price_change"}}
{"_local_timestamp": "2026-01-25T23:42:21.199446+00:00", "data": {"market": "0x07db4ca35f28bc5ca53a161794ab7b6aad0f3f4b32786fd2c3ca3070cbd31d23", "price_changes": [{"asset_id": "24363275266089775305424843015532890390275785659687191694023230547125544911803", "price": "0.01", "size": "2075.21", "side": "BUY", "hash": "dd638e52d1da111cc86251f89c1026e53c4acd74", "best_bid": "0.5", "best_ask": "0.91"}, {"asset_id": "89399296058082802849637265880462852921510982613019570700598879554887149139762", "price": "0.99", "size": "2075.21", "side": "SELL", "hash": "15ab101c3735731213dd8a7d1273e7c81bb414d5", "best_bid": "0.09", "best_ask": "0.5"}], "timestamp": "1769384541076", "event_type": "price_change"}}
{"_local_timestamp": "2026-01-25T23:43:12.033247+00:00", "data": {"market": "0x07db4ca35f28bc5ca53a161794ab7b6aad0f3f4b32786fd2c3ca3070cbd31d23", "price_changes": [{"asset_id": "24363275266089775305424843015532890390275785659687191694023230547125544911803", "price": "0.35", "size": "0", "side": "BUY", "hash": "11d0b7079b3ceb7e11af9f118f48945cb7a37111", "best_bid": "0.5", "best_ask": "0.91"}, {"asset_id": "89399296058082802849637265880462852921510982613019570700598879554887149139762", "price": "0.65", "size": "0", "side": "SELL", "hash": "fba61b3f246b0bb77264f99046b686ecbe388892", "best_bid": "0.09", "best_ask": "0.5"}], "timestamp": "1769384591881", "event_type": "price_change"}}
{"_local_timestamp": "2026-01-25T23:43:12.046209+00:00", "data": {"market": "0x07db4ca35f28bc5ca53a161794ab7b6aad0f3f4b32786fd2c3ca3070cbd31d23", "price_changes": [{"asset_id": "24363275266089775305424843015532890390275785659687191694023230547125544911803", "price": "0.16", "size": "0", "side": "BUY", "hash": "11d0b7079b3ceb7e11af9f118f48945cb7a37111", "best_bid": "0.5", "best_ask": "0.91"}, {"asset_id": "89399296058082802849637265880462852921510982613019570700598879554887149139762", "price": "0.84", "size": "0", "side": "SELL", "hash": "fba61b3f246b0bb77264f99046b686ecbe388892", "best_bid": "0.09", "best_ask": "0.5"}], "timestamp": "1769384591881", "event_type": "price_change"}}
{"_local_timestamp": "2026-01-25T23:43:12.515319+00:00", "data": {"market": "0x07db4ca35f28bc5ca53a161794ab7b6aad0f3f4b32786fd2c3ca3070cbd31d23", "price_changes": [{"asset_id": "24363275266089775305424843015532890390275785659687191694023230547125544911803", "price": "0.26", "size": "162.66", "side": "BUY", "hash": "3af6fd5674c079ce48f7839c6eb069862b79237c", "best_bid": "0.5", "best_ask": "0.91"}, {"asset_id": "89399296058082802849637265880462852921510982613019570700598879554887149139762", "price": "0.74", "size": "162.66", "side": "SELL", "hash": "b005ac13b3b139b85299fe625c662402c73fc1b6", "best_bid": "0.09", "best_ask": "0.5"}], "timestamp": "1769384592403", "event_type": "price_change"}}
{"_local_timestamp": "2026-01-25T23:43:12.553849+00:00", "data": {"market": "0x07db4ca35f28bc5ca53a161794ab7b6aad0f3f4b32786fd2c3ca3070cbd31d23", "price_changes": [{"asset_id": "24363275266089775305424843015532890390275785659687191694023230547125544911803", "price": "0.51", "size": "66.66", "side": "BUY", "hash": "e26caa0797b33fd2c26885fe516711e38d0fcb52", "best_bid": "0.51", "best_ask": "0.91"}, {"asset_id": "89399296058082802849637265880462852921510982613019570700598879554887149139762", "price": "0.49", "size": "66.66", "side": "SELL", "hash": "37e3f533e9c2d0fcfc5f94675833191e22fd075e", "best_bid": "0.09", "best_ask": "0.49"}], "timestamp": "1769384592438", "event_type": "price_change"}}
{"_local_timestamp": "2026-01-25T23:43:15.161126+00:00", "data": {"market": "0x07db4ca35f28bc5ca53a161794ab7b6aad0f3f4b32786fd2c3ca3070cbd31d23", "price_changes": [{"asset_id": "24363275266089775305424843015532890390275785659687191694023230547125544911803", "price": "0.36", "size": "0", "side": "BUY", "hash": "954166cb8a70c307f74017c9e2357e046ddfff62", "best_bid": "0.51", "best_ask": "0.91"}, {"asset_id": "89399296058082802849637265880462852921510982613019570700598879554887149139762", "price": "0.64", "size": "0", "side": "SELL", "hash": "d4b67dc30030abe8884c12866b2a6f025b86f1a1", "best_bid": "0.09", "best_ask": "0.49"}], "timestamp": "1769384595011", "event_type": "price_change"}}
{"_local_timestamp": "2026-01-25T23:43:15.163966+00:00", "data": {"market": "0x07db4ca35f28bc5ca53a161794ab7b6aad0f3f4b32786fd2c3ca3070cbd31d23", "price_changes": [{"asset_id": "24363275266089775305424843015532890390275785659687191694023230547125544911803", "price": "0.27", "size": "20", "side": "BUY", "hash": "cb9001d9b80a570280a889e1194cce7e7f03ddaa", "best_bid": "0.51", "best_ask": "0.91"}, {"asset_id": "89399296058082802849637265880462852921510982613019570700598879554887149139762", "price": "0.73", "size": "20", "side": "SELL", "hash": "6c3e9963587d7cbd4df3b7f8d02b499fff031c5a", "best_bid": "0.09", "best_ask": "0.49"}], "timestamp": "1769384595035", "event_type": "price_change"}}
{"_local_timestamp": "2026-01-25T23:43:48.633036+00:00", "data": {"market": "0x07db4ca35f28bc5ca53a161794ab7b6aad0f3f4b32786fd2c3ca3070cbd31d23", "price_changes": [{"asset_id": "24363275266089775305424843015532890390275785659687191694023230547125544911803", "price": "0.02", "size": "1308.25", "side": "BUY", "hash": "ca3854e8ee69ca280402766d04cf716441fe9df6", "best_bid": "0.51", "best_ask": "0.91"}, {"asset_id": "89399296058082802849637265880462852921510982613019570700598879554887149139762", "price": "0.98", "size": "1308.25", "side": "SELL", "hash": "90c844dc2497d2e516770267118964deb94a5135", "best_bid": "0.09", "best_ask": "0.49"}], "timestamp": "1769384628567", "event_type": "price_change"}}
