{"_local_timestamp": "2026-01-25T23:33:29.029942+00:00", "data": [{"market": "0x0ac3d32c765a92cffb8c9907e0591e7a000a8b8631c4fe67cbd9ae31a53c502b", "asset_id": "73179612553289728452979511068841559065446651597639588073295088229956992060841", "timestamp": "1769384004280", "hash": "478aafe686d12e70fe686d636129dab0ac0dc0ef", "bids": [{"price": "0.01", "size": "7709.78"}, {"price": "0.02", "size": "3300"}, {"price": "0.03", "size": "9.13"}, {"price": "0.05", "size": "320"}, {"price": "0.06", "size": "33"}, {"price": "0.09", "size": "1300"}, {"price": "0.1", "size": "250"}, {"price": "0.11", "size": "5.71"}, {"price": "0.14", "size": "242.85"}, {"price": "0.15", "size": "600"}, {"price": "0.18", "size": "177.77"}, {"price": "0.2", "size": "400"}, {"price": "0.21", "size": "860"}, {"price": "0.23", "size": "121.73"}, {"price": "0.24", "size": "200"}, {"price": "0.27", "size": "196.29"}, {"price": "0.32", "size": "75"}, {"price": "0.34", "size": "50"}, {"price": "0.36", "size": "55.55"}, {"price": "0.42", "size": "13.15"}, {"price": "0.43", "size": "373.1"}, {"price": "0.44", "size": "3167"}, {"price": "0.47", "size": "239.82"}, {"price": "0.48", "size": "5"}, {"price": "0.62", "size": "5"}, {"price": "0.65", "size": "5"}, {"price": "0.67", "size": "152.99"}, {"price": "0.68", "size": "5"}, {"price": "0.74", "size": "501.04"}, {"price": "0.75", "size": "335"}, {"price": "0.76", "size": "14.47"}, {"price": "0.77", "size": "27.88"}, {"price": "0.79", "size": "175.61"}, {"price": "0.81", "size": "200"}, {"price": "0.82", "size": "1492"}, {"price": "0.84", "size": "154.8"}, {"price": "0.85", "size": "197.86"}], "asks": [{"price": "0.99", "size": "12900"}, {"price": "0.98", "size": "760.61"}, {"price": "0.97", "size": "250"}, {"price": "0.96", "size": "1508.48"}, {"price": "0.95", "size": "265.99"}, {"price": "0.94", "size": "2229.52"}, {"price": "0.93", "size": "6.4"}, {"price": "0.92", "size": "1152.33"}, {"price": "0.91", "size": "5"}, {"price": "0.9", "size": "270"}, {"price": "0.89", "size": "4005"}, {"price": "0.88", "size": "384.72"}], "event_type": "book", "last_trade_price": "0.120"}, {"market": "0x0ac3d32c765a92cffb8c9907e0591e7a000a8b8631c4fe67cbd9ae31a53c502b", "asset_id": "75641858961801669899097907392511615118263149679160824782591701868158327847856", "timestamp": "1769384004280", "hash": "16930f5a51c0052058221728ea48e1938a335b7b", "bids": [{"price": "0.01", "size": "12900"}, {"price": "0.02", "size": "760.61"}, {"price": "0.03", "size": "250"}, {"price": "0.04", "size": "1508.48"}, {"price": "0.05", "size": "265.99"}, {"price": "0.06", "size": "2229.52"}, {"price": "0.07", "size": "6.4"}, {"price": "0.08", "size": "1152.33"}, {"price": "0.09", "size": "5"}, {"price": "0.1", "size": "270"}, {"price": "0.11", "size": "4005"}, {"price": "0.12", "size": "384.72"}], "asks": [{"price": "0.99", "size": "7709.78"}, {"price": "0.98", "size": "3300"}, {"price": "0.97", "size": "9.13"}, {"price": "0.95", "size": "320"}, {"price": "0.94", "size": "33"}, {"price": "0.91", "size": "1300"}, {"price": "0.9", "size": "250"}, {"price": "0.89", "size": "5.71"}, {"price": "0.86", "size": "242.85"}, {"price": "0.85", "size": "600"}, {"price": "0.82", "size": "177.77"}, {"price": "0.8", "size": "400"}, {"price": "0.79", "size": "860"}, {"price": "0.77", "size": "121.73"}, {"price": "0.76", "size": "200"}, {"price": "0.73", "size": "196.29"}, {"price": "0.68", "size": "75"}, {"price": "0.66", "size": "50"}, {"price": "0.64", "size": "55.55"}, {"price": "0.58", "size": "13.15"}, {"price": "0.57", "size": "373.1"}, {"price": "0.56", "size": "3167"}, {"price": "0.53", "size": "239.82"}, {"price": "0.52", "size": "5"}, {"price": "0.38", "size": "5"}, {"price": "0.35", "size": "5"}, {"price": "0.33", "size": "152.99"}, {"price": "0.32", "size": "5"}, {"price": "0.26", "size": "501.04"}, {"price": "0.25", "size": "335"}, {"price": "0.24", "size": "14.47"}, {"price": "0.23", "size": "27.88"}, {"price": "0.21", "size": "175.61"}, {"price": "0.19", "size": "200"}, {"price": "0.18", "size": "1492"}, {"price": "0.16", "size": "154.8"}, {"price": "0.15", "size": "197.86"}], "event_type": "book", "last_trade_price": "0.120"}]}
{"_local_timestamp": "2026-01-25T23:33:33.346187+00:00", "data": {"market": "0x0ac3d32c765a92cffb8c9907e0591e7a000a8b8631c4fe67cbd9ae31a53c502b", "price_changes": [{"asset_id": "73179612553289728452979511068841559065446651597639588073295088229956992060841", "price": "0.24", "size": "150", "side": "BUY", "hash": "d8c2b2066578dbb8c8fd97eb84f903d2a611cc4e", "best_bid": "0.85", "best_ask": "0.88"}, {"asset_id": "75641858961801669899097907392511615118263149679160824782591701868158327847856", "price": "0.76", "size": "150", "side": "SELL", "hash": "ea9ed86e5cecdd5d2ea70971e1465909895d4fd8", "best_bid": "0.12", "best_ask": "0.15"}], "timestamp": "1769384013152", "event_type": "price_change"}}
{"_local_timestamp": "2026-01-25T23:33:33.671533+00:00", "data": {"market": "0x0ac3d32c765a92cffb8c9907e0591e7a000a8b8631c4fe67cbd9ae31a53c502b", "price_changes": [{"asset_id": "73179612553289728452979511068841559065446651597639588073295088229956992060841", "price": "0.21", "size": "910", "side": "BUY", "hash": "43bb9f0defa05b8af5d139ce84f34af1fe8e9749", "best_bid": "0.85", "best_ask": "0.88"}, {"asset_id": "75641858961801669899097907392511615118263149679160824782591701868158327847856", "price": "0.79", "size": "910", "side": "SELL", "hash": "379a793cc8c3d5f7f85f9b0c034c1cbe8de3a02e", "best_bid": "0.12", "best_ask": "0.15"}], "timestamp": "1769384013533", "event_type": "price_change"}}
{"_local_timestamp": "2026-01-25T23:33:34.288355+00:00", "data": {"market": "0x0ac3d32c765a92cffb8c9907e0591e7a000a8b8631c4fe67cbd9ae31a53c502b", "price_changes": [{"asset_id": "73179612553289728452979511068841559065446651597639588073295088229956992060841", "price": "0.22", "size": "1908", "side": "BUY", "hash": "4411f3bf3308576d52aa70e8c48789ea1ca9944d", "best_bid": "0.85", "best_ask": "0.88"}, {"asset_id": "75641858961801669899097907392511615118263149679160824782591701868158327847856", "price": "0.78", "size": "1908", "side": "SELL", "hash": "eff88e531ba8a20eddb8153e31374d2822f4cda4", "best_bid": "0.12", "best_ask": "0.15"}], "timestamp": "1769384014210", "event_type": "price_change"}}
{"_local_timestamp": "2026-01-25T23:33:40.360825+00:00", "data": {"market": "0x0ac3d32c765a92cffb8c9907e0591e7a000a8b8631c4fe67cbd9ae31a53c502b", "price_changes": [{"asset_id": "73179612553289728452979511068841559065446651597639588073295088229956992060841", "price": "0.24", "size": "100", "side": "BUY", "hash": "57ca4f72f51ab66ac2b5202398258d6eb4b2f2e2", "best_bid": "0.85", "best_ask": "0.88"}, {"asset_id": "75641858961801669899097907392511615118263149679160824782591701868158327847856", "price": "0.76", "size": "100", "side": "SELL", "hash": "309f3f928bde571884be88f8e73f1e705d9a88d8", "best_bid": "0.12", "best_ask": "0.15"}], "timestamp": "1769384020106", "event_type": "price_change"}}
{"_local_timestamp": "2026-01-25T23:33:40.738985+00:00", "data": {"market": "0x0ac3d32c765a92cffb8c9907e0591e7a000a8b8631c4fe67cbd9ae31a53c502b", "price_changes": [{"asset_id": "73179612553289728452979511068841559065446651597639588073295088229956992060841", "price": "0.25", "size": "50", "side": "BUY", "hash": "300d7732bdcabd68c82451e8a5b65ea1e0182fe9", "best_bid": "0.85", "best_ask": "0.88"}, {"asset_id": "75641858961801669899097907392511615118263149679160824782591701868158327847856", "price": "0.75", "size": "50", "side": "SELL", "hash": "346248b640fa6956d4cd73c8fc42e108bedffa28", "best_bid": "0.12", "best_ask": "0.15"}], "timestamp": "1769384020545", "event_type": "price_change"}}
{"_local_timestamp": "2026-01-25T23:34:27.778396+00:00", "data": {"market": "0x0ac3d32c765a92cffb8c9907e0591e7a000a8b8631c4fe67cbd9ae31a53c502b", "price_changes": [{"asset_id": "73179612553289728452979511068841559065446651597639588073295088229956992060841", "price": "0.24", "size": "0", "side": "BUY", "hash": "c735bd91878f29b82731a6ea0e92786837e23e14", "best_bid": "0.85", "best_ask": "0.88"}, {"asset_id": "75641858961801669899097907392511615118263149679160824782591701868158327847856", "price": "0.76", "size": "0", "side": "SELL", "hash": "e83ca0a8b1ccdc99a8843d540f166e57dc3ac4e3", "best_bid": "0.12", "best_ask": "0.15"}], "timestamp": "1769384067584", "event_type": "price_change"}}
{"_local_timestamp": "2026-01-25T23:34:28.428469+00:00", "data": {"market": "0x0ac3d32c765a92cffb8c9907e0591e7a000a8b8631c4fe67cbd9ae31a53c502b", "price_changes": [{"asset_id": "73179612553289728452979511068841559065446651597639588073295088229956992060841", "price": "0.25", "size": "150", "side": "BUY", "hash": "7cffea6ed6e05737cd23abdf919d3af598a6aa80", "best_bid": "0.85", "best_ask": "0.88"}, {"asset_id": "75641858961801669899097907392511615118263149679160824782591701868158327847856", "price": "0.75", "size": "150", "side": "SELL", "hash": "a577c157a4c3291ca410768d37d9e3018672d84c", "best_bid": "0.12", "best_ask": "0.15"}], "timestamp": "1769384068121", "event_type": "price_change"}}
{"_local_timestamp": "2026-01-25T23:34:43.634981+00:00", "data": {"market": "0x0ac3d32c765a92cffb8c9907e0591e7a000a8b8631c4fe67cbd9ae31a53c502b", "price_changes": [{"asset_id": "73179612553289728452979511068841559065446651597639588073295088229956992060841", "price": "0.21", "size": "810", "side": "BUY", "hash": "4069037291d5e57cb777f982a4449c1a341ed422", "best_bid": "0.85", "best_ask": "0.88"}, {"asset_id": "75641858961801669899097907392511615118263149679160824782591701868158327847856", "price": "0.79", "size": "810", "side": "SELL", "hash": "dd371c03fb57532c24e790a6d962df0d277fc675", "best_bid": "0.12", "best_ask": "0.15"}], "timestamp": "1769384083544", "event_type": "price_change"}}
{"_local_timestamp": "2026-01-25T23:34:43.914621+00:00", "data": {"market": "0x0ac3d32c765a92cffb8c9907e0591e7a000a8b8631c4fe67cbd9ae31a53c502b", "price_changes": [{"asset_id": "73179612553289728452979511068841559065446651597639588073295088229956992060841", "price": "0.22", "size": "2008", "side": "BUY", "hash": "b8d1b3edbf6a13f55f7cd1681294f7a732fc03c3", "best_bid": "0.85", "best_ask": "0.88"}, {"asset_id": "75641858961801669899097907392511615118263149679160824782591701868158327847856", "price": "0.78", "size": "2008", "side": "SELL", "hash": "48971f8a811316079a72fdb558197ec9caab6244", "best_bid": "0.12", "best_ask": "0.15"}], "timestamp": "1769384083809", "event_type": "price_change"}}
{"_local_timestamp": "2026-01-25T23:35:26.844115+00:00", "data": {"market": "0x0ac3d32c765a92cffb8c9907e0591e7a000a8b8631c4fe67cbd9ae31a53c502b", "price_changes": [{"asset_id": "73179612553289728452979511068841559065446651597639588073295088229956992060841", "price": "0.25", "size": "100", "side": "BUY", "hash": "39a104f964f786b0908bb5f1a7c5157c35cac28d", "best_bid": "0.85", "best_ask": "0.88"}, {"asset_id": "75641858961801669899097907392511615118263149679160824782591701868158327847856", "price": "0.75", "size": "100", "side": "SELL", "hash": "75e83ea29297a0edfdb061960cc65e25d9397be2", "best_bid": "0.12", "best_ask": "0.15"}], "timestamp": "1769384126564", "event_type": "price_change"}}
{"_local_timestamp": "2026-01-25T23:35:27.204328+00:00", "data": {"market": "0x0ac3d32c765a92cffb8c9907e0591e7a000a8b8631c4fe67cbd9ae31a53c502b", "price_changes": [{"asset_id": "73179612553289728452979511068841559065446651597639588073295088229956992060841", "price": "0.22", "size": "2058", "side": "BUY", "hash": "c1c67c11418abc38a500b0a8f4d19cba4fa5a7a7", "best_bid": "0.85", "best_ask": "0.88"}, {"asset_id": "75641858961801669899097907392511615118263149679160824782591701868158327847856", "price": "0.78", "size": "2058", "side": "SELL", "hash": "afd2c70185117a16f6ca511842718aadc36d1522", "best_bid": "0.12", "best_ask": "0.15"}], "timestamp": "1769384126886", "event_type": "price_change"}}
{"_local_timestamp": "2026-01-25T23:35:56.404453+00:00", "data": {"market": "0x0ac3d32c765a92cffb8c9907e0591e7a000a8b8631c4fe67cbd9ae31a53c502b", "price_changes": [{"asset_id": "73179612553289728452979511068841559065446651597639588073295088229956992060841", "price": "0.21", "size": "760", "side": "BUY", "hash": "31634f1b823d7b9f16f9c8853e1d08ba513c7ed7", "best_bid": "0.85", "best_ask": "0.88"}, {"asset_id": "75641858961801669899097907392511615118263149679160824782591701868158327847856", "price": "0.79", "size": "760", "side": "SELL", "hash": "453c4fc1f2427f019020f7d1231d9defb8051d7c", "best_bid": "0.12", "best_ask": "0.15"}], "timestamp": "1769384156285", "event_type": "price_change"}}
{"_local_timestamp": "2026-01-25T23:35:56.862014+00:00", "data": {"market": "0x0ac3d32c765a92cffb8c9907e0591e7a000a8b8631c4fe67cbd9ae31a53c502b", "price_changes": [{"asset_id": "73179612553289728452979511068841559065446651597639588073295088229956992060841", "price": "0.22", "size": "2108", "side": "BUY", "hash": "8dc4f73bf528843a286b53906e1d2a2ba1aa7fe7", "best_bid": "0.85", "best_ask": "0.88"}, {"asset_id": "75641858961801669899097907392511615118263149679160824782591701868158327847856", "price": "0.78", "size": "2108", "side": "SELL", "hash": "a0d7d63d2dd66704c425c204c32dd8f02685ac34", "best_bid": "0.12", "best_ask": "0.15"}], "timestamp": "1769384156734", "event_type": "price_change"}}
{"_local_timestamp": "2026-01-25T23:36:00.482160+00:00", "data": {"market": "0x0ac3d32c765a92cffb8c9907e0591e7a000a8b8631c4fe67cbd9ae31a53c502b", "price_changes": [{"asset_id": "75641858961801669899097907392511615118263149679160824782591701868158327847856", "price": "0.01", "size": "13100", "side": "BUY", "hash": "2c03c748de474b0f11e3750d06d4ff2d680d6630", "best_bid": "0.12", "best_ask": "0.15"}, {"asset_id": "73179612553289728452979511068841559065446651597639588073295088229956992060841", "price": "0.99", "size": "13100", "side": "SELL", "hash": "c8a59073318598912f523897585911d9a3c71f08", "best_bid": "0.85", "best_ask": "0.88"}], "timestamp": "1769384160414", "event_type": "price_change"}}
{"_local_timestamp": "2026-01-25T23:36:00.482628+00:00", "data": {"market": "0x0ac3d32c765a92cffb8c9907e0591e7a000a8b8631c4fe67cbd9ae31a53c502b", "price_changes": [{"asset_id": "75641858961801669899097907392511615118263149679160824782591701868158327847856", "price": "0.06", "size": "2245.52", "side": "BUY", "hash": "fff23292c7b1aca8097bc452461c28fcb9f7c2a9", "best_bid": "0.12", "best_ask": "0.15"}, {"asset_id": "73179612553289728452979511068841559065446651597639588073295088229956992060841", "price": "0.94", "size": "2245.52", "side": "SELL", "hash": "523a25481c2dfdc34e3f166d3ebef0dfcb6b2176", "best_bid": "0.85", "best_ask": "0.88"}], "timestamp": "1769384160415", "event_type": "price_change"}}
{"_local_timestamp": "2026-01-25T23:36:02.101923+00:00", "data": {"market": "0x0ac3d32c765a92cffb8c9907e0591e7a000a8b8631c4fe67cbd9ae31a53c502b", "price_changes": [{"asset_id": "75641858961801669899097907392511615118263149679160824782591701868158327847856", "price": "0.08", "size": "952.33", "side": "BUY", "hash": "55dc146c979e4ecf346be22be40a4857c0e6e43c", "best_bid": "0.12", "best_ask": "0.15"}, {"asset_id": "73179612553289728452979511068841559065446651597639588073295088229956992060841", "price": "0.92", "size": "952.33", "side": "SELL", "hash": "85b3fb141fb12233330052ee912bc24702f2eef8", "best_bid": "0.85", "best_ask": "0.88"}], "timestamp": "1769384162000", "event_type": "price_change"}}
{"_local_timestamp": "2026-01-25T23:36:02.113487+00:00", "data": {"market": "0x0ac3d32c765a92cffb8c9907e0591e7a000a8b8631c4fe67cbd9ae31a53c502b", "price_changes": [{"asset_id": "75641858961801669899097907392511615118263149679160824782591701868158327847856", "price": "0.01", "size": "7900", "side": "BUY", "hash": "a618eaf581a887b5e6eb72fa07bb5f253d00ba77", "best_bid": "0.12", "best_ask": "0.15"}, {"asset_id": "73179612553289728452979511068841559065446651597639588073295088229956992060841", "price": "0.99", "size": "7900", "side": "SELL", "hash": "d84720041a010128429b0b4ba73f7fec2f593e51", "best_bid": "0.85", "best_ask": "0.88"}], "timestamp": "1769384162005", "event_type": "price_change"}}
{"_local_timestamp": "2026-01-25T23:36:02.113868+00:00", "data": {"market": "0x0ac3d32c765a92cffb8c9907e0591e7a000a8b8631c4fe67cbd9ae31a53c502b", "price_changes": [{"asset_id": "75641858961801669899097907392511615118263149679160824782591701868158327847856", "price": "0.06", "size": "1727.52", "side": "BUY", "hash": "a618eaf581a887b5e6eb72fa07bb5f253d00ba77", "best_bid": "0.12", "best_ask": "0.15"}, {"asset_id": "73179612553289728452979511068841559065446651597639588073295088229956992060841", "price": "0.94", "size": "1727.52", "side": "SELL", "hash": "d84720041a010128429b0b4ba73f7fec2f593e51", "best_bid": "0.85", "best_ask": "0.88"}], "timestamp": "1769384162005", "event_type": "price_change"}}
{"_local_timestamp": "2026-01-25T23:36:12.178695+00:00", "data": {"market": "0x0ac3d32c765a92cffb8c9907e0591e7a000a8b8631c4fe67cbd9ae31a53c502b", "price_changes": [{"asset_id": "75641858961801669899097907392511615118263149679160824782591701868158327847856", "price": "0.06", "size": "2245.52", "side": "BUY", "hash": "661b1ec91e7cd63223705098d7b49b816d433e8f", "best_bid": "0.12", "best_ask": "0.15"}, {"asset_id": "73179612553289728452979511068841559065446651597639588073295088229956992060841", "price": "0.94", "size": "2245.52", "side": "SELL", "hash": "886014a56c97b6c0222eaa740df6f5280092270c", "best_bid": "0.85", "best_ask": "0.88"}], "timestamp": "1769384172108", "event_type": "price_change"}}
{"_local_timestamp": "2026-01-25T23:36:12.179559+00:00", "data": {"market": "0x0ac3d32c765a92cffb8c9907e0591e7a000a8b8631c4fe67cbd9ae31a53c502b", "price_changes": [{"asset_id": "75641858961801669899097907392511615118263149679160824782591701868158327847856", "price": "0.01", "size": "13100", "side": "BUY", "hash": "05f12d10517d4d8a402a7d50d120e9c22a4d5689", "best_bid": "0.12", "best_ask": "0.15"}, {"asset_id": "73179612553289728452979511068841559065446651597639588073295088229956992060841", "price": "0.99", "size": "13100", "side": "SELL", "hash": "7a19927b49e9e60ffc53aa1a14ffd5cf650532d2", "best_bid": "0.85", "best_ask": "0.88"}], "timestamp": "1769384172108", "event_type": "price_change"}}
{"_local_timestamp": "2026-01-25T23:36:12.180517+00:00", "data": {"market": "0x0ac3d32c765a92cffb8c9907e0591e7a000a8b8631c4fe67cbd9ae31a53c502b", "price_changes": [{"asset_id": "75641858961801669899097907392511615118263149679160824782591701868158327847856", "price": "0.08", "size": "1152.33", "side": "BUY", "hash": "87f35b45cfc390836addc7cfe7ee1603d1023255", "best_bid": "0.12", "best_ask": "0.15"}, {"asset_id": "73179612553289728452979511068841559065446651597639588073295088229956992060841", "price": "0.92", "size": "1152.33", "side": "SELL", "hash": "ec865db968a7886acc5ce859f3a4a3f489e56868", "best_bid": "0.85", "best_ask": "0.88"}], "timestamp": "1769384172109", "event_type": "price_change"}}
