{"_local_timestamp": "2026-01-25T23:33:47.726573+00:00", "data": [{"market": "0x0fe30790d5ca067059b57d6c6d94950d3f876bca700aea56f9b59d0a4cd22dd7", "asset_id": "34394936438358790435438601109131711649445598535780645985101922532307414149819", "timestamp": "1769384011046", "hash": "e7abf561d63dbad52e3fbb7bc87f01bc164b00ae", "bids": [{"price": "0.001", "size": "38.79"}, {"price": "0.01", "size": "1350"}, {"price": "0.011", "size": "818"}, {"price": "0.012", "size": "76.9"}, {"price": "0.017", "size": "173.3"}, {"price": "0.018", "size": "8.03"}, {"price": "0.02", "size": "13"}, {"price": "0.021", "size": "15.57"}, {"price": "0.034", "size": "66.66"}, {"price": "0.038", "size": "6"}, {"price": "0.039", "size": "9.4"}, {"price": "0.045", "size": "50"}, {"price": "0.046", "size": "6"}, {"price": "0.048", "size": "6"}, {"price": "0.05", "size": "35"}, {"price": "0.055", "size": "29.56"}, {"price": "0.056", "size": "96.66"}], "asks": [{"price": "0.999", "size": "2989.09"}, {"price": "0.998", "size": "1255.05"}, {"price": "0.997", "size": "1000"}, {"price": "0.996", "size": "20.49"}, {"price": "0.99", "size": "8650"}, {"price": "0.98", "size": "3000"}, {"price": "0.979", "size": "12.98"}, {"price": "0.95", "size": "30"}, {"price": "0.949", "size": "39"}, {"price": "0.94", "size": "1100"}, {"price": "0.91", "size": "400"}, {"price": "0.909", "size": "6.92"}, {"price": "0.86", "size": "792.85"}, {"price": "0.81", "size": "668.42"}, {"price": "0.76", "size": "116.66"}, {"price": "0.759", "size": "458"}, {"price": "0.71", "size": "189.65"}, {"price": "0.67", "size": "72.72"}, {"price": "0.62", "size": "177.63"}, {"price": "0.619", "size": "5"}, {"price": "0.21", "size": "200"}, {"price": "0.209", "size": "6"}, {"price": "0.199", "size": "1000"}, {"price": "0.198", "size": "35.58"}, {"price": "0.143", "size": "29.58"}, {"price": "0.142", "size": "6"}, {"price": "0.09", "size": "398.14"}, {"price": "0.089", "size": "6"}, {"price": "0.084", "size": "29.58"}, {"price": "0.083", "size": "50"}], "event_type": "book", "last_trade_price": "0.063"}, {"market": "0x0fe30790d5ca067059b57d6c6d94950d3f876bca700aea56f9b59d0a4cd22dd7", "asset_id": "3544440171910002045810216683333768616599932525559279773281428986031815047400", "timestamp": "1769384011046", "hash": "aac8654cf7e2ec339d5618ebc6d1a40087779720", "bids": [{"price": "0.001", "size": "2989.09"}, {"price": "0.002", "size": "1255.05"}, {"price": "0.003", "size": "1000"}, {"price": "0.004", "size": "20.49"}, {"price": "0.01", "size": "8650"}, {"price": "0.02", "size": "3000"}, {"price": "0.021", "size": "12.98"}, {"price": "0.05", "size": "30"}, {"price": "0.051", "size": "39"}, {"price": "0.06", "size": "1100"}, {"price": "0.09", "size": "400"}, {"price": "0.091", "size": "6.92"}, {"price": "0.14", "size": "792.85"}, {"price": "0.19", "size": "668.42"}, {"price": "0.24", "size": "116.66"}, {"price": "0.241", "size": "458"}, {"price": "0.29", "size": "189.65"}, {"price": "0.33", "size": "72.72"}, {"price": "0.38", "size": "177.63"}, {"price": "0.381", "size": "5"}, {"price": "0.79", "size": "200"}, {"price": "0.791", "size": "6"}, {"price": "0.801", "size": "1000"}, {"price": "0.802", "size": "35.58"}, {"price": "0.857", "size": "29.58"}, {"price": "0.858", "size": "6"}, {"price": "0.91", "size": "398.14"}, {"price": "0.911", "size": "6"}, {"price": "0.916", "size": "29.58"}, {"price": "0.917", "size": "50"}], "asks": [{"price": "0.999", "size": "38.79"}, {"price": "0.99", "size": "1350"}, {"price": "0.989", "size": "818"}, {"price": "0.988", "size": "76.9"}, {"price": "0.983", "size": "173.3"}, {"price": "0.982", "size": "8.03"}, {"price": "0.98", "size": "13"}, {"price": "0.979", "size": "15.57"}, {"price": "0.966", "size": "66.66"}, {"price": "0.962", "size": "6"}, {"price": "0.961", "size": "9.4"}, {"price": "0.955", "size": "50"}, {"price": "0.954", "size": "6"}, {"price": "0.952", "size": "6"}, {"price": "0.95", "size": "35"}, {"price": "0.945", "size": "29.56"}, {"price": "0.944", "size": "96.66"}], "event_type": "book", "last_trade_price": "0.063"}]}
{"_local_timestamp": "2026-01-25T23:34:23.339874+00:00", "data": {"market": "0x0fe30790d5ca067059b57d6c6d94950d3f876bca700aea56f9b59d0a4cd22dd7", "price_changes": [{"asset_id": "34394936438358790435438601109131711649445598535780645985101922532307414149819", "price": "0.012", "size": "66.66", "side": "BUY", "hash": "44d7f6a3f52e61a9f9ed8537b691d8802b5a3f6d", "best_bid": "0.056", "best_ask": "0.083"}, {"asset_id": "3544440171910002045810216683333768616599932525559279773281428986031815047400", "price": "0.988", "size": "66.66", "side": "SELL", "hash": "3e4cd4356241599f7c223c5349698c957f4083ab", "best_bid": "0.917", "best_ask": "0.944"}], "timestamp": "1769384063264", "event_type": "price_change"}}
{"_local_timestamp": "2026-01-25T23:34:23.344559+00:00", "data": {"market": "0x0fe30790d5ca067059b57d6c6d94950d3f876bca700aea56f9b59d0a4cd22dd7", "price_changes": [{"asset_id": "34394936438358790435438601109131711649445598535780645985101922532307414149819", "price": "0.021", "size": "0", "side": "BUY", "hash": "44d7f6a3f52e61a9f9ed8537b691d8802b5a3f6d", "best_bid": "0.056", "best_ask": "0.083"}, {"asset_id": "3544440171910002045810216683333768616599932525559279773281428986031815047400", "price": "0.979", "size": "0", "side": "SELL", "hash": "3e4cd4356241599f7c223c5349698c957f4083ab", "best_bid": "0.917", "best_ask": "0.944"}], "timestamp": "1769384063264", "event_type": "price_change"}}
{"_local_timestamp": "2026-01-25T23:34:23.345819+00:00", "data": {"market": "0x0fe30790d5ca067059b57d6c6d94950d3f876bca700aea56f9b59d0a4cd22dd7", "price_changes": [{"asset_id": "34394936438358790435438601109131711649445598535780645985101922532307414149819", "price": "0.039", "size": "0", "side": "BUY", "hash": "44d7f6a3f52e61a9f9ed8537b691d8802b5a3f6d", "best_bid": "0.056", "best_ask": "0.083"}, {"asset_id": "3544440171910002045810216683333768616599932525559279773281428986031815047400", "price": "0.961", "size": "0", "side": "SELL", "hash": "3e4cd4356241599f7c223c5349698c957f4083ab", "best_bid": "0.917", "best_ask": "0.944"}], "timestamp": "1769384063264", "event_type": "price_change"}}
{"_local_timestamp": "2026-01-25T23:34:23.953374+00:00", "data": {"market": "0x0fe30790d5ca067059b57d6c6d94950d3f876bca700aea56f9b59d0a4cd22dd7", "price_changes": [{"asset_id": "34394936438358790435438601109131711649445598535780645985101922532307414149819", "price": "0.021", "size": "17.38", "side": "BUY", "hash": "54b639d46a8350fb868191308922d9fd20953ac0", "best_bid": "0.056", "best_ask": "0.083"}, {"asset_id": "3544440171910002045810216683333768616599932525559279773281428986031815047400", "price": "0.979", "size": "17.38", "side": "SELL", "hash": "54b99c3728e2a11cd189c661ca2c6eea800b24b3", "best_bid": "0.917", "best_ask": "0.944"}], "timestamp": "1769384063872", "event_type": "price_change"}}
{"_local_timestamp": "2026-01-25T23:34:23.954783+00:00", "data": {"market": "0x0fe30790d5ca067059b57d6c6d94950d3f876bca700aea56f9b59d0a4cd22dd7", "price_changes": [{"asset_id": "34394936438358790435438601109131711649445598535780645985101922532307414149819", "price": "0.013", "size": "10.12", "side": "BUY", "hash": "6065f6e15bcbcfd8d1767c842458872d31807edd", "best_bid": "0.056", "best_ask": "0.083"}, {"asset_id": "3544440171910002045810216683333768616599932525559279773281428986031815047400", "price": "0.987", "size": "10.12", "side": "SELL", "hash": "d247765d44f633097a6edcdba5b3638e05f0353c", "best_bid": "0.917", "best_ask": "0.944"}], "timestamp": "1769384063873", "event_type": "price_change"}}
{"_local_timestamp": "2026-01-25T23:34:23.955740+00:00", "data": {"market": "0x0fe30790d5ca067059b57d6c6d94950d3f876bca700aea56f9b59d0a4cd22dd7", "price_changes": [{"asset_id": "34394936438358790435438601109131711649445598535780645985101922532307414149819", "price": "0.039", "size": "8.2", "side": "BUY", "hash": "fda36a8b271eb142f7c0cce769ab8afc9331d133", "best_bid": "0.056", "best_ask": "0.083"}, {"asset_id": "3544440171910002045810216683333768616599932525559279773281428986031815047400", "price": "0.961", "size": "8.2", "side": "SELL", "hash": "3ef7e6d930aa0a28b8f8794d988e8373a0e00ae6", "best_bid": "0.917", "best_ask": "0.944"}], "timestamp": "1769384063874", "event_type": "price_change"}}
{"_local_timestamp": "2026-01-25T23:35:31.426592+00:00", "data": {"market": "0x0fe30790d5ca067059b57d6c6d94950d3f876bca700aea56f9b59d0a4cd22dd7", "price_changes": [{"asset_id": "34394936438358790435438601109131711649445598535780645985101922532307414149819", "price": "0.011", "size": "0", "side": "BUY", "hash": "e415e965087888d5ef54d49e71c86949ed17a103", "best_bid": "0.056", "best_ask": "0.083"}, {"asset_id": "3544440171910002045810216683333768616599932525559279773281428986031815047400", "price": "0.989", "size": "0", "side": "SELL", "hash": "20264803b420421de735bfa5baf3326f64bccb08", "best_bid": "0.917", "best_ask": "0.944"}], "timestamp": "1769384131246", "event_type": "price_change"}}
{"_local_timestamp": "2026-01-25T23:36:07.914813+00:00", "data": {"market": "0x0fe30790d5ca067059b57d6c6d94950d3f876bca700aea56f9b59d0a4cd22dd7", "price_changes": [{"asset_id": "3544440171910002045810216683333768616599932525559279773281428986031815047400", "price": "0.916", "size": "0", "side": "BUY", "hash": "8a24ed7e4b2f53e876a1d9a53058aa1b8a6f2159", "best_bid": "0.917", "best_ask": "0.944"}, {"asset_id": "34394936438358790435438601109131711649445598535780645985101922532307414149819", "price": "0.084", "size": "0", "side": "SELL", "hash": "cfd7d98124aaf1eee47046ff3c2261a746380ebd", "best_bid": "0.056", "best_ask": "0.083"}], "timestamp": "1769384167838", "event_type": "price_change"}}
{"_local_timestamp": "2026-01-25T23:36:08.784865+00:00", "data": {"market": "0x0fe30790d5ca067059b57d6c6d94950d3f876bca700aea56f9b59d0a4cd22dd7", "price_changes": [{"asset_id": "3544440171910002045810216683333768616599932525559279773281428986031815047400", "price": "0.803", "size": "50", "side": "BUY", "hash": "8013d15d61c37267f561d8daf4feb1dbfb2d30ce", "best_bid": "0.917", "best_ask": "0.944"}, {"asset_id": "34394936438358790435438601109131711649445598535780645985101922532307414149819", "price": "0.197", "size": "50", "side": "SELL", "hash": "e5290cef07a302c784c8ecbaae1b5dd7522ccbff", "best_bid": "0.056", "best_ask": "0.083"}], "timestamp": "1769384168717", "event_type": "price_change"}}
{"_local_timestamp": "2026-01-25T23:36:09.146933+00:00", "data": {"market": "0x0fe30790d5ca067059b57d6c6d94950d3f876bca700aea56f9b59d0a4cd22dd7", "price_changes": [{"asset_id": "3544440171910002045810216683333768616599932525559279773281428986031815047400", "price": "0.917", "size": "0", "side": "BUY", "hash": "e012794575761552b89f7bf5e70ece10a983b4c4", "best_bid": "0.911", "best_ask": "0.944"}, {"asset_id": "34394936438358790435438601109131711649445598535780645985101922532307414149819", "price": "0.083", "size": "0", "side": "SELL", "hash": "79d331f93b1325978aaba9e175c62abe1ec8c522", "best_bid": "0.056", "best_ask": "0.089"}], "timestamp": "1769384169076", "event_type": "price_change"}}
{"_local_timestamp": "2026-01-25T23:36:09.153184+00:00", "data": {"market": "0x0fe30790d5ca067059b57d6c6d94950d3f876bca700aea56f9b59d0a4cd22dd7", "price_changes": [{"asset_id": "3544440171910002045810216683333768616599932525559279773281428986031815047400", "price": "0.918", "size": "29.58", "side": "BUY", "hash": "4ea0879800d25209fca6ba603055965bfcbdab56", "best_bid": "0.918", "best_ask": "0.944"}, {"asset_id": "34394936438358790435438601109131711649445598535780645985101922532307414149819", "price": "0.082", "size": "29.58", "side": "SELL", "hash": "37b73f3e347af91a611a2c0d4857691ee55d25e5", "best_bid": "0.056", "best_ask": "0.082"}], "timestamp": "1769384169083", "event_type": "price_change"}}
{"_local_timestamp": "2026-01-25T23:36:09.174847+00:00", "data": {"market": "0x0fe30790d5ca067059b57d6c6d94950d3f876bca700aea56f9b59d0a4cd22dd7", "price_changes": [{"asset_id": "34394936438358790435438601109131711649445598535780645985101922532307414149819", "price": "0.057", "size": "82", "side": "BUY", "hash": "9c1a7d59369fc026d2dbec34f737d77e6e2843a3", "best_bid": "0.057", "best_ask": "0.082"}, {"asset_id": "3544440171910002045810216683333768616599932525559279773281428986031815047400", "price": "0.943", "size": "82", "side": "SELL", "hash": "799afd8d1cd1dffa57325064a9e7c29fe7fcbdc3", "best_bid": "0.918", "best_ask": "0.943"}], "timestamp": "1769384169103", "event_type": "price_change"}}
{"_local_timestamp": "2026-01-25T23:36:10.118600+00:00", "data": {"market": "0x0fe30790d5ca067059b57d6c6d94950d3f876bca700aea56f9b59d0a4cd22dd7", "price_changes": [{"asset_id": "34394936438358790435438601109131711649445598535780645985101922532307414149819", "price": "0.056", "size": "66.66", "side": "BUY", "hash": "276ab9c686825d1a6b5a0684c7660cf598ddf0c0", "best_bid": "0.057", "best_ask": "0.082"}, {"asset_id": "3544440171910002045810216683333768616599932525559279773281428986031815047400", "price": "0.944", "size": "66.66", "side": "SELL", "hash": "c818d148afdd9ec36ec5eaf44cdf83a674255ffe", "best_bid": "0.918", "best_ask": "0.943"}], "timestamp": "1769384170046", "event_type": "price_change"}}
{"_local_timestamp": "2026-01-25T23:36:10.165095+00:00", "data": {"market": "0x0fe30790d5ca067059b57d6c6d94950d3f876bca700aea56f9b59d0a4cd22dd7", "price_changes": [{"asset_id": "34394936438358790435438601109131711649445598535780645985101922532307414149819", "price": "0.057", "size": "112", "side": "BUY", "hash": "87a633e20e1e4283f51b2272bcecdc30628c9b9f", "best_bid": "0.057", "best_ask": "0.082"}, {"asset_id": "3544440171910002045810216683333768616599932525559279773281428986031815047400", "price": "0.943", "size": "112", "side": "SELL", "hash": "fa444edc3c180ab8edbe291821e5b034d7377474", "best_bid": "0.918", "best_ask": "0.943"}], "timestamp": "1769384170097", "event_type": "price_change"}}
{"_local_timestamp": "2026-01-25T23:36:10.284599+00:00", "data": {"market": "0x0fe30790d5ca067059b57d6c6d94950d3f876bca700aea56f9b59d0a4cd22dd7", "price_changes": [{"asset_id": "34394936438358790435438601109131711649445598535780645985101922532307414149819", "price": "0.057", "size": "30", "side": "BUY", "hash": "e1a2b3e047ce99ef3406ef8d7bb276db7b79e23b", "best_bid": "0.057", "best_ask": "0.082"}, {"asset_id": "3544440171910002045810216683333768616599932525559279773281428986031815047400", "price": "0.943", "size": "30", "side": "SELL", "hash": "32e04ce46af7d9d98004af919c22a0b2d440dddf", "best_bid": "0.918", "best_ask": "0.943"}], "timestamp": "1769384170212", "event_type": "price_change"}}
{"_local_timestamp": "2026-01-25T23:36:10.540783+00:00", "data": {"market": "0x0fe30790d5ca067059b57d6c6d94950d3f876bca700aea56f9b59d0a4cd22dd7", "price_changes": [{"asset_id": "34394936438358790435438601109131711649445598535780645985101922532307414149819", "price": "0.055", "size": "6", "side": "BUY", "hash": "6fb537b9f20fae637134279de51c65c4998c609b", "best_bid": "0.057", "best_ask": "0.082"}, {"asset_id": "3544440171910002045810216683333768616599932525559279773281428986031815047400", "price": "0.945", "size": "6", "side": "SELL", "hash": "440bd56cb640664b973e03687b0dc06520d9a292", "best_bid": "0.918", "best_ask": "0.943"}], "timestamp": "1769384170473", "event_type": "price_change"}}
{"_local_timestamp": "2026-01-25T23:36:10.580804+00:00", "data": {"market": "0x0fe30790d5ca067059b57d6c6d94950d3f876bca700aea56f9b59d0a4cd22dd7", "price_changes": [{"asset_id": "34394936438358790435438601109131711649445598535780645985101922532307414149819", "price": "0.058", "size": "23.56", "side": "BUY", "hash": "6924e9023e8080b458d51b01d65ffdc51566b4fe", "best_bid": "0.058", "best_ask": "0.082"}, {"asset_id": "3544440171910002045810216683333768616599932525559279773281428986031815047400", "price": "0.942", "size": "23.56", "side": "SELL", "hash": "4b4e4fc2d829ef073f19133e17f915e4351bfc84", "best_bid": "0.918", "best_ask": "0.942"}], "timestamp": "1769384170505", "event_type": "price_change"}}
{"_local_timestamp": "2026-01-25T23:36:14.810482+00:00", "data": {"market": "0x0fe30790d5ca067059b57d6c6d94950d3f876bca700aea56f9b59d0a4cd22dd7", "price_changes": [{"asset_id": "3544440171910002045810216683333768616599932525559279773281428986031815047400", "price": "0.919", "size": "50", "side": "BUY", "hash": "ce68145914160c229f8a217864358bcba4347165", "best_bid": "0.919", "best_ask": "0.942"}, {"asset_id": "34394936438358790435438601109131711649445598535780645985101922532307414149819", "price": "0.081", "size": "50", "side": "SELL", "hash": "8b5e457b3316fa54aa2d7c9e1c28116a5bfe308c", "best_bid": "0.058", "best_ask": "0.081"}], "timestamp": "1769384174737", "event_type": "price_change"}}
{"_local_timestamp": "2026-01-25T23:36:15.175395+00:00", "data": {"market": "0x0fe30790d5ca067059b57d6c6d94950d3f876bca700aea56f9b59d0a4cd22dd7", "price_changes": [{"asset_id": "3544440171910002045810216683333768616599932525559279773281428986031815047400", "price": "0.803", "size": "0", "side": "BUY", "hash": "f742c56bb9266c9c4b416c6b51c50a4e75e01c70", "best_bid": "0.919", "best_ask": "0.942"}, {"asset_id": "34394936438358790435438601109131711649445598535780645985101922532307414149819", "price": "0.197", "size": "0", "side": "SELL", "hash": "4910bd37ad4d68feba8b9efacd7f52e2fe4c251e", "best_bid": "0.058", "best_ask": "0.081"}], "timestamp": "1769384175100", "event_type": "price_change"}}
{"_local_timestamp": "2026-01-25T23:36:30.930042+00:00", "data": {"market": "0x0fe30790d5ca067059b57d6c6d94950d3f876bca700aea56f9b59d0a4cd22dd7", "price_changes": [{"asset_id": "34394936438358790435438601109131711649445598535780645985101922532307414149819", "price": "0.011", "size": "818", "side": "BUY", "hash": "efa0a2dcb183439d57fbc73ed0caa779158ebcd5", "best_bid": "0.058", "best_ask": "0.081"}, {"asset_id": "3544440171910002045810216683333768616599932525559279773281428986031815047400", "price": "0.989", "size": "818", "side": "SELL", "hash": "4658f1b33d1c88ceac310288cf9cc488577de9e0", "best_bid": "0.919", "best_ask": "0.942"}], "timestamp": "1769384190850", "event_type": "price_change"}}
{"_local_timestamp": "2026-01-25T23:37:14.993221+00:00", "data": {"market": "0x0fe30790d5ca067059b57d6c6d94950d3f876bca700aea56f9b59d0a4cd22dd7", "price_changes": [{"asset_id": "34394936438358790435438601109131711649445598535780645985101922532307414149819", "price": "0.013", "size": "0", "side": "BUY", "hash": "792e290f86407e30462a2ae14ec94d36d3cba88f", "best_bid": "0.058", "best_ask": "0.081"}, {"asset_id": "3544440171910002045810216683333768616599932525559279773281428986031815047400", "price": "0.987", "size": "0", "side": "SELL", "hash": "533d8e28514f7cda1f2c4747e6676d403d894945", "best_bid": "0.919", "best_ask": "0.942"}], "timestamp": "1769384234915", "event_type": "price_change"}}
{"_local_timestamp": "2026-01-25T23:37:14.993624+00:00", "data": {"market": "0x0fe30790d5ca067059b57d6c6d94950d3f876bca700aea56f9b59d0a4cd22dd7", "price_changes": [{"asset_id": "34394936438358790435438601109131711649445598535780645985101922532307414149819", "price": "0.021", "size": "0", "side": "BUY", "hash": "792e290f86407e30462a2ae14ec94d36d3cba88f", "best_bid": "0.058", "best_ask": "0.081"}, {"asset_id": "3544440171910002045810216683333768616599932525559279773281428986031815047400", "price": "0.979", "size": "0", "side": "SELL", "hash": "533d8e28514f7cda1f2c4747e6676d403d894945", "best_bid": "0.919", "best_ask": "0.942"}], "timestamp": "1769384234915", "event_type": "price_change"}}
{"_local_timestamp": "2026-01-25T23:37:14.993939+00:00", "data": {"market": "0x0fe30790d5ca067059b57d6c6d94950d3f876bca700aea56f9b59d0a4cd22dd7", "price_changes": [{"asset_id": "34394936438358790435438601109131711649445598535780645985101922532307414149819", "price": "0.039", "size": "0", "side": "BUY", "hash": "792e290f86407e30462a2ae14ec94d36d3cba88f", "best_bid": "0.058", "best_ask": "0.081"}, {"asset_id": "3544440171910002045810216683333768616599932525559279773281428986031815047400", "price": "0.961", "size": "0", "side": "SELL", "hash": "533d8e28514f7cda1f2c4747e6676d403d894945", "best_bid": "0.919", "best_ask": "0.942"}], "timestamp": "1769384234915", "event_type": "price_change"}}
{"_local_timestamp": "2026-01-25T23:37:15.510543+00:00", "data": {"market": "0x0fe30790d5ca067059b57d6c6d94950d3f876bca700aea56f9b59d0a4cd22dd7", "price_changes": [{"asset_id": "34394936438358790435438601109131711649445598535780645985101922532307414149819", "price": "0.013", "size": "9.87", "side": "BUY", "hash": "4e18f39acc6672d4a3905e3fe8ac48ab21e6f5af", "best_bid": "0.058", "best_ask": "0.081"}, {"asset_id": "3544440171910002045810216683333768616599932525559279773281428986031815047400", "price": "0.987", "size": "9.87", "side": "SELL", "hash": "d9f3637e05d1bd78d2b8222d4fa1f91a3753286b", "best_bid": "0.919", "best_ask": "0.942"}], "timestamp": "1769384235440", "event_type": "price_change"}}
{"_local_timestamp": "2026-01-25T23:37:15.518326+00:00", "data": {"market": "0x0fe30790d5ca067059b57d6c6d94950d3f876bca700aea56f9b59d0a4cd22dd7", "price_changes": [{"asset_id": "34394936438358790435438601109131711649445598535780645985101922532307414149819", "price": "0.021", "size": "17.46", "side": "BUY", "hash": "e472bf52db9a9b18d0fde61f3f3198ad271fd603", "best_bid": "0.058", "best_ask": "0.081"}, {"asset_id": "3544440171910002045810216683333768616599932525559279773281428986031815047400", "price": "0.979", "size": "17.46", "side": "SELL", "hash": "78f4b7591a9448298f792dea15a3caa21b189984", "best_bid": "0.919", "best_ask": "0.942"}], "timestamp": "1769384235444", "event_type": "price_change"}}
{"_local_timestamp": "2026-01-25T23:37:15.518763+00:00", "data": {"market": "0x0fe30790d5ca067059b57d6c6d94950d3f876bca700aea56f9b59d0a4cd22dd7", "price_changes": [{"asset_id": "34394936438358790435438601109131711649445598535780645985101922532307414149819", "price": "0.039", "size": "8.24", "side": "BUY", "hash": "8ec2f021c3c6677587b2e4b1a7c304b9e74f72db", "best_bid": "0.058", "best_ask": "0.081"}, {"asset_id": "3544440171910002045810216683333768616599932525559279773281428986031815047400", "price": "0.961", "size": "8.24", "side": "SELL", "hash": "f75a11665a720d9d42ac0853a0721fc35cad4711", "best_bid": "0.919", "best_ask": "0.942"}], "timestamp": "1769384235446", "event_type": "price_change"}}
