{"_local_timestamp": "2026-01-25T23:34:22.169534+00:00", "data": [{"market": "0xf95b24793484955b8639b31d1f2c2fe7d31ac5085feb6082265b3bccfe313d4c", "asset_id": "73522426115485101732346287723078525752842293039524395815248567090206694469970", "timestamp": "1769384060875", "hash": "45fbf538a3da0f2f5311aa1725667d145bac46c1", "bids": [{"price": "0.01", "size": "2155"}, {"price": "0.02", "size": "1031.12"}, {"price": "0.03", "size": "250"}, {"price": "0.04", "size": "11.88"}, {"price": "0.06", "size": "6"}, {"price": "0.07", "size": "5.74"}, {"price": "0.14", "size": "235.47"}, {"price": "0.15", "size": "36"}, {"price": "0.16", "size": "6"}, {"price": "0.17", "size": "40"}, {"price": "0.18", "size": "6"}, {"price": "0.19", "size": "539"}, {"price": "0.2", "size": "53.9"}], "asks": [{"price": "0.99", "size": "2160.05"}, {"price": "0.98", "size": "41800"}, {"price": "0.97", "size": "505.95"}, {"price": "0.96", "size": "250"}, {"price": "0.95", "size": "20"}, {"price": "0.94", "size": "200"}, {"price": "0.93", "size": "11.01"}, {"price": "0.88", "size": "67.33"}, {"price": "0.85", "size": "325"}, {"price": "0.84", "size": "1026.18"}, {"price": "0.8", "size": "5250"}, {"price": "0.78", "size": "100"}, {"price": "0.77", "size": "50"}, {"price": "0.76", "size": "150"}, {"price": "0.75", "size": "8"}, {"price": "0.7", "size": "5"}, {"price": "0.55", "size": "5"}, {"price": "0.52", "size": "360"}, {"price": "0.51", "size": "20"}, {"price": "0.5", "size": "40.98"}, {"price": "0.45", "size": "13.51"}, {"price": "0.42", "size": "100"}, {"price": "0.37", "size": "55"}, {"price": "0.36", "size": "209.99"}, {"price": "0.35", "size": "5"}, {"price": "0.34", "size": "6"}, {"price": "0.32", "size": "20.83"}, {"price": "0.31", "size": "31.24"}, {"price": "0.3", "size": "6"}, {"price": "0.29", "size": "32"}, {"price": "0.28", "size": "40.5"}, {"price": "0.27", "size": "9"}, {"price": "0.26", "size": "100.22"}, {"price": "0.25", "size": "33.66"}, {"price": "0.24", "size": "2096.19"}, {"price": "0.23", "size": "120.96"}], "event_type": "book", "last_trade_price": "0.770"}, {"market": "0xf95b24793484955b8639b31d1f2c2fe7d31ac5085feb6082265b3bccfe313d4c", "asset_id": "23571821269896741230736139783378258341781125810499009055556807295440053779566", "timestamp": "1769384060875", "hash": "2b035bbb05c8cb7bb73c450aa51b0314ef15828b", "bids": [{"price": "0.01", "size": "2160.05"}, {"price": "0.02", "size": "41800"}, {"price": "0.03", "size": "505.95"}, {"price": "0.04", "size": "250"}, {"price": "0.05", "size": "20"}, {"price": "0.06", "size": "200"}, {"price": "0.07", "size": "11.01"}, {"price": "0.12", "size": "67.33"}, {"price": "0.15", "size": "325"}, {"price": "0.16", "size": "1026.18"}, {"price": "0.2", "size": "5250"}, {"price": "0.22", "size": "100"}, {"price": "0.23", "size": "50"}, {"price": "0.24", "size": "150"}, {"price": "0.25", "size": "8"}, {"price": "0.3", "size": "5"}, {"price": "0.45", "size": "5"}, {"price": "0.48", "size": "360"}, {"price": "0.49", "size": "20"}, {"price": "0.5", "size": "40.98"}, {"price": "0.55", "size": "13.51"}, {"price": "0.58", "size": "100"}, {"price": "0.63", "size": "55"}, {"price": "0.64", "size": "209.99"}, {"price": "0.65", "size": "5"}, {"price": "0.66", "size": "6"}, {"price": "0.68", "size": "20.83"}, {"price": "0.69", "size": "31.24"}, {"price": "0.7", "size": "6"}, {"price": "0.71", "size": "32"}, {"price": "0.72", "size": "40.5"}, {"price": "0.73", "size": "9"}, {"price": "0.74", "size": "100.22"}, {"price": "0.75", "size": "33.66"}, {"price": "0.76", "size": "2096.19"}, {"price": "0.77", "size": "120.96"}], "asks": [{"price": "0.99", "size": "2155"}, {"price": "0.98", "size": "1031.12"}, {"price": "0.97", "size": "250"}, {"price": "0.96", "size": "11.88"}, {"price": "0.94", "size": "6"}, {"price": "0.93", "size": "5.74"}, {"price": "0.86", "size": "235.47"}, {"price": "0.85", "size": "36"}, {"price": "0.84", "size": "6"}, {"price": "0.83", "size": "40"}, {"price": "0.82", "size": "6"}, {"price": "0.81", "size": "539"}, {"price": "0.8", "size": "53.9"}], "event_type": "book", "last_trade_price": "0.770"}]}
{"_local_timestamp": "2026-01-25T23:34:34.770168+00:00", "data": {"market": "0xf95b24793484955b8639b31d1f2c2fe7d31ac5085feb6082265b3bccfe313d4c", "price_changes": [{"asset_id": "73522426115485101732346287723078525752842293039524395815248567090206694469970", "price": "0.33", "size": "9", "side": "SELL", "hash": "4d225f99412af8be47b4d6865ccea5dc029d5ffe", "best_bid": "0.2", "best_ask": "0.23"}, {"asset_id": "23571821269896741230736139783378258341781125810499009055556807295440053779566", "price": "0.67", "size": "9", "side": "BUY", "hash": "18400964a286eae635d80532b3ef463ac649cb09", "best_bid": "0.77", "best_ask": "0.8"}], "timestamp": "1769384074682", "event_type": "price_change"}}
{"_local_timestamp": "2026-01-25T23:34:35.923736+00:00", "data": {"market": "0xf95b24793484955b8639b31d1f2c2fe7d31ac5085feb6082265b3bccfe313d4c", "price_changes": [{"asset_id": "73522426115485101732346287723078525752842293039524395815248567090206694469970", "price": "0.26", "size": "24.99", "side": "SELL", "hash": "9abc4a8e98d44b102c5256fe9f8300b3bdb6709b", "best_bid": "0.2", "best_ask": "0.23"}, {"asset_id": "23571821269896741230736139783378258341781125810499009055556807295440053779566", "price": "0.74", "size": "24.99", "side": "BUY", "hash": "b18efafa4f75958d77585196587fcb3d2909f338", "best_bid": "0.77", "best_ask": "0.8"}], "timestamp": "1769384075852", "event_type": "price_change"}}
{"_local_timestamp": "2026-01-25T23:34:48.867228+00:00", "data": {"market": "0xf95b24793484955b8639b31d1f2c2fe7d31ac5085feb6082265b3bccfe313d4c", "price_changes": [{"asset_id": "73522426115485101732346287723078525752842293039524395815248567090206694469970", "price": "0.23", "size": "145.55", "side": "SELL", "hash": "784cf9bfc55edfc227171012e2397dd4e851ccc3", "best_bid": "0.2", "best_ask": "0.23"}, {"asset_id": "23571821269896741230736139783378258341781125810499009055556807295440053779566", "price": "0.77", "size": "145.55", "side": "BUY", "hash": "2aa5842ed1b91f1e52d3a196feecd9472c7bca8f", "best_bid": "0.77", "best_ask": "0.8"}], "timestamp": "1769384088779", "event_type": "price_change"}}
{"_local_timestamp": "2026-01-25T23:34:48.867928+00:00", "data": {"market": "0xf95b24793484955b8639b31d1f2c2fe7d31ac5085feb6082265b3bccfe313d4c", "price_changes": [{"asset_id": "73522426115485101732346287723078525752842293039524395815248567090206694469970", "price": "0.23", "size": "170.14", "side": "SELL", "hash": "71217d02e11dc873f0e0f5f3addd3aa289706b45", "best_bid": "0.2", "best_ask": "0.23"}, {"asset_id": "23571821269896741230736139783378258341781125810499009055556807295440053779566", "price": "0.77", "size": "170.14", "side": "BUY", "hash": "be5eb25cbf9bda08df4344f73e432b36ffac0dd0", "best_bid": "0.77", "best_ask": "0.8"}], "timestamp": "1769384088780", "event_type": "price_change"}}
{"_local_timestamp": "2026-01-25T23:34:48.875484+00:00", "data": {"market": "0xf95b24793484955b8639b31d1f2c2fe7d31ac5085feb6082265b3bccfe313d4c", "price_changes": [{"asset_id": "73522426115485101732346287723078525752842293039524395815248567090206694469970", "price": "0.23", "size": "194.73", "side": "SELL", "hash": "a65720d13c2628a94fc0f577717f20d1be7e6683", "best_bid": "0.2", "best_ask": "0.23"}, {"asset_id": "23571821269896741230736139783378258341781125810499009055556807295440053779566", "price": "0.77", "size": "194.73", "side": "BUY", "hash": "98647f64134546250bf9aa3149d80e5dd0fdf292", "best_bid": "0.77", "best_ask": "0.8"}], "timestamp": "1769384088782", "event_type": "price_change"}}
