{"_local_timestamp": "2026-01-25T23:41:22.800025+00:00", "data": [{"market": "0xa9078a563a1c7da087a6899e7f7e0256f0ff278f20e4559edbe0fad14cd2e465", "asset_id": "79669112625924554322021046770332017287948711040261100827335404836892862903686", "timestamp": "1769382483678", "hash": "63e8cf277297982c3608330300e20c95a1c4d32c", "bids": [{"price": "0.01", "size": "644.79"}, {"price": "0.02", "size": "163.72"}, {"price": "0.03", "size": "16"}, {"price": "0.04", "size": "103.21"}, {"price": "0.05", "size": "70"}, {"price": "0.06", "size": "38.48"}], "asks": [{"price": "0.99", "size": "644.79"}, {"price": "0.98", "size": "157.03"}, {"price": "0.97", "size": "12.75"}, {"price": "0.95", "size": "128"}, {"price": "0.94", "size": "43.95"}], "event_type": "book", "last_trade_price": ""}, {"market": "0xf0c933f8f9be5728cac3169ab6fd2622561621d3dcbc46ee8bd8d64a7c7f4f58", "asset_id": "78519660629798217682746133574165388195847185868314497242167834057536041057342", "timestamp": "1769384304322", "hash": "a44e5dc6fa18ad41f5ec448712aaf2c6c9d3d32e", "bids": [{"price": "0.01", "size": "550.31"}, {"price": "0.02", "size": "158.94"}, {"price": "0.03", "size": "203.4"}, {"price": "0.04", "size": "11.77"}, {"price": "0.05", "size": "5.47"}], "asks": [{"price": "0.99", "size": "552.88"}, {"price": "0.98", "size": "302.17"}, {"price": "0.97", "size": "52.57"}], "event_type": "book", "last_trade_price": ""}, {"market": "0xa9078a563a1c7da087a6899e7f7e0256f0ff278f20e4559edbe0fad14cd2e465", "asset_id": "96137328143293353373969181333326764512062604614346926834869955477816952339015", "timestamp": "1769382483678", "hash": "dd1b87537075914e43b53837e7e10c0c0625522e", "bids": [{"price": "0.01", "size": "644.79"}, {"price": "0.02", "size": "157.03"}, {"price": "0.03", "size": "12.75"}, {"price": "0.05", "size": "128"}, {"price": "0.06", "size": "43.95"}], "asks": [{"price": "0.99", "size": "644.79"}, {"price": "0.98", "size": "163.72"}, {"price": "0.97", "size": "16"}, {"price": "0.96", "size": "103.21"}, {"price": "0.95", "size": "70"}, {"price": "0.94", "size": "38.48"}], "event_type": "book", "last_trade_price": ""}, {"market": "0x098aeebd6315fce8aedda1052509806654e7ca336275e12f2cf0245ab026ba4c", "asset_id": "23895040161181685054238453102947881332977037192377894952527493240404083365385", "timestamp": "1769381969955", "hash": "4d744f0b412ffa98be08ec0df26037553c18a54e", "bids": [{"price": "0.01", "size": "140.97"}, {"price": "0.02", "size": "850"}, {"price": "0.03", "size": "9.28"}, {"price": "0.04", "size": "15"}, {"price": "0.05", "size": "12.53"}, {"price": "0.15", "size": "86.66"}, {"price": "0.16", "size": "68.75"}, {"price": "0.24", "size": "100"}], "asks": [{"price": "0.99", "size": "141.36"}, {"price": "0.98", "size": "850"}, {"price": "0.97", "size": "10.3"}, {"price": "0.95", "size": "500"}, {"price": "0.92", "size": "300"}, {"price": "0.91", "size": "6.58"}, {"price": "0.83", "size": "52"}, {"price": "0.74", "size": "50"}, {"price": "0.73", "size": "40.74"}, {"price": "0.34", "size": "100"}], "event_type": "book", "last_trade_price": ""}, {"market": "0xcaceb55472fb4af2cdd9cd06d69835fdbe06a37f277f87114e65b5c501b98116", "asset_id": "46939245937257207863403369540188159717227648996387842933356343418596910042217", "timestamp": "1769384424940", "hash": "b4cfa8e43a7ae32bc0aa84c38e1facd0bc7bd5ca", "bids": [{"price": "0.01", "size": "136.53"}, {"price": "0.02", "size": "859.37"}, {"price": "0.05", "size": "500"}, {"price": "0.06", "size": "12.7"}, {"price": "0.08", "size": "300"}, {"price": "0.16", "size": "104"}, {"price": "0.26", "size": "50"}, {"price": "0.27", "size": "40.74"}, {"price": "0.5", "size": "100"}], "asks": [{"price": "0.99", "size": "136.83"}, {"price": "0.98", "size": "855.2"}, {"price": "0.95", "size": "500"}, {"price": "0.94", "size": "14.04"}, {"price": "0.86", "size": "218"}, {"price": "0.74", "size": "50"}, {"price": "0.73", "size": "40.74"}, {"price": "0.6", "size": "100"}], "event_type": "book", "last_trade_price": ""}, {"market": "0xf46ca0c2793fd0ffe965c0a36a8fc92209a72ed4a9e5c2e8b7f720ba0aa7f44a", "asset_id": "53376289852349413611645602617741877956726383835668843162120615489225737824204", "timestamp": "1769384306994", "hash": "19bc41ca96f27bd6401fc7c90d7a4f17929dd48b", "bids": [{"price": "0.01", "size": "548.58"}, {"price": "0.02", "size": "160.48"}, {"price": "0.03", "size": "86.65"}, {"price": "0.04", "size": "10.5"}, {"price": "0.05", "size": "5.47"}], "asks": [{"price": "0.99", "size": "552.88"}, {"price": "0.98", "size": "410.17"}, {"price": "0.97", "size": "52.57"}], "event_type": "book", "last_trade_price": ""}, {"market": "0xf0c933f8f9be5728cac3169ab6fd2622561621d3dcbc46ee8bd8d64a7c7f4f58", "asset_id": "70244800428518023169984968088239068001616881420511357803016836782470625925656", "timestamp": "1769384304322", "hash": "4e1ef1011d3486c3fcf44e31d7ad464f2492da6f", "bids": [{"price": "0.01", "size": "552.88"}, {"price": "0.02", "size": "302.17"}, {"price": "0.03", "size": "52.57"}], "asks": [{"price": "0.99", "size": "550.31"}, {"price": "0.98", "size": "158.94"}, {"price": "0.97", "size": "203.4"}, {"price": "0.96", "size": "11.77"}, {"price": "0.95", "size": "5.47"}], "event_type": "book", "last_trade_price": ""}, {"market": "0xf46ca0c2793fd0ffe965c0a36a8fc92209a72ed4a9e5c2e8b7f720ba0aa7f44a", "asset_id": "3922237952990247448745916151553855286457731840635231376779036250306619222081", "timestamp": "1769384306994", "hash": "28d035aad18ef3068f4eae02cbb03899abde7f5a", "bids": [{"price": "0.01", "size": "552.88"}, {"price": "0.02", "size": "410.17"}, {"price": "0.03", "size": "52.57"}], "asks": [{"price": "0.99", "size": "548.58"}, {"price": "0.98", "size": "160.48"}, {"price": "0.97", "size": "86.65"}, {"price": "0.96", "size": "10.5"}, {"price": "0.95", "size": "5.47"}], "event_type": "book", "last_trade_price": ""}, {"market": "0x098aeebd6315fce8aedda1052509806654e7ca336275e12f2cf0245ab026ba4c", "asset_id": "33310396247211787524584031690762071041667066792200468867316060245196767340720", "timestamp": "1769381969955", "hash": "7099df119732e16a7ac0cbf60eb03182bc06b59c", "bids": [{"price": "0.01", "size": "141.36"}, {"price": "0.02", "size": "850"}, {"price": "0.03", "size": "10.3"}, {"price": "0.05", "size": "500"}, {"price": "0.08", "size": "300"}, {"price": "0.09", "size": "6.58"}, {"price": "0.17", "size": "52"}, {"price": "0.26", "size": "50"}, {"price": "0.27", "size": "40.74"}, {"price": "0.66", "size": "100"}], "asks": [{"price": "0.99", "size": "140.97"}, {"price": "0.98", "size": "850"}, {"price": "0.97", "size": "9.28"}, {"price": "0.96", "size": "15"}, {"price": "0.95", "size": "12.53"}, {"price": "0.85", "size": "86.66"}, {"price": "0.84", "size": "68.75"}, {"price": "0.76", "size": "100"}], "event_type": "book", "last_trade_price": ""}, {"market": "0xcaceb55472fb4af2cdd9cd06d69835fdbe06a37f277f87114e65b5c501b98116", "asset_id": "42133849548610731834597012536790174312353601773972332099262501576138827497021", "timestamp": "1769384424940", "hash": "878fa6ba2f7c1cd1f32eba77bfd411168caa1518", "bids": [{"price": "0.01", "size": "136.83"}, {"price": "0.02", "size": "855.2"}, {"price": "0.05", "size": "500"}, {"price": "0.06", "size": "14.04"}, {"price": "0.14", "size": "218"}, {"price": "0.26", "size": "50"}, {"price": "0.27", "size": "40.74"}, {"price": "0.4", "size": "100"}], "asks": [{"price": "0.99", "size": "136.53"}, {"price": "0.98", "size": "859.37"}, {"price": "0.95", "size": "500"}, {"price": "0.94", "size": "12.7"}, {"price": "0.92", "size": "300"}, {"price": "0.84", "size": "104"}, {"price": "0.74", "size": "50"}, {"price": "0.73", "size": "40.74"}, {"price": "0.5", "size": "100"}], "event_type": "book", "last_trade_price": ""}]}
