{"_local_timestamp": "2026-01-25T23:41:38.615148+00:00", "data": [{"market": "0x177aef6800649e4db23ac4e0c1469181780e0ad2eeaff247eb917f36aef07ce0", "asset_id": "48128021211808603144006261816221090900292864684384497725054305750980648601128", "timestamp": "1769383751098", "hash": "8ce1ce45758c1b2c5a9998a0b629ee269329a5f3", "bids": [{"price": "0.01", "size": "3119.07"}, {"price": "0.02", "size": "65.46"}], "asks": [{"price": "0.99", "size": "50"}, {"price": "0.98", "size": "5.47"}], "event_type": "book", "last_trade_price": ""}, {"market": "0xc014484612f44468d3a46fc931c076163d9bd0d226613b544bd21b743a84dad8", "asset_id": "104791375720439630946479061175819965249301444631683643929971716743870195512836", "timestamp": "1769383751098", "hash": "94ae4909c7b45e4b3b131759bfeec71ea0e7f189", "bids": [{"price": "0.01", "size": "3119.07"}, {"price": "0.02", "size": "65.46"}], "asks": [{"price": "0.99", "size": "50"}, {"price": "0.98", "size": "5.47"}], "event_type": "book", "last_trade_price": ""}, {"market": "0x177aef6800649e4db23ac4e0c1469181780e0ad2eeaff247eb917f36aef07ce0", "asset_id": "67682016615690499991497252861591445059894188523506219043499681202337663539325", "timestamp": "1769383751098", "hash": "32af83e78455feb9e1f7fd8a02f79ad435675191", "bids": [{"price": "0.01", "size": "50"}, {"price": "0.02", "size": "5.47"}], "asks": [{"price": "0.99", "size": "3119.07"}, {"price": "0.98", "size": "65.46"}], "event_type": "book", "last_trade_price": ""}, {"market": "0x9639515bf23a37d6587bc17d431ee1998bd8d04d2b8d91046ba279ab4fe93f21", "asset_id": "15805045717390812179474311980713790121846125135924469926365980902380788880368", "timestamp": "1769383751098", "hash": "b1b714b2f6155c74cea04cf2c37cb290e9523afd", "bids": [{"price": "0.01", "size": "3119.07"}, {"price": "0.02", "size": "65.46"}], "asks": [{"price": "0.99", "size": "50"}, {"price": "0.98", "size": "5.47"}], "event_type": "book", "last_trade_price": ""}, {"market": "0xc014484612f44468d3a46fc931c076163d9bd0d226613b544bd21b743a84dad8", "asset_id": "97178828249364966051008634206610225382310490710248296168177426973965647068594", "timestamp": "1769383751098", "hash": "e926313332a4c55194a41822db90f0033fcf8584", "bids": [{"price": "0.01", "size": "50"}, {"price": "0.02", "size": "5.47"}], "asks": [{"price": "0.99", "size": "3119.07"}, {"price": "0.98", "size": "65.46"}], "event_type": "book", "last_trade_price": ""}, {"market": "0x9639515bf23a37d6587bc17d431ee1998bd8d04d2b8d91046ba279ab4fe93f21", "asset_id": "48293958035092600538996785729726774515754727907604737758901328484483312270668", "timestamp": "1769383751098", "hash": "7c07b7f7829191bed21e814b264ade0d0485f6a7", "bids": [{"price": "0.01", "size": "50"}, {"price": "0.02", "size": "5.47"}], "asks": [{"price": "0.99", "size": "3119.07"}, {"price": "0.98", "size": "65.46"}], "event_type": "book", "last_trade_price": ""}]}
{"_local_timestamp": "2026-01-25T23:43:30.394363+00:00", "data": {"market": "0xc014484612f44468d3a46fc931c076163d9bd0d226613b544bd21b743a84dad8", "price_changes": [{"asset_id": "97178828249364966051008634206610225382310490710248296168177426973965647068594", "price": "0.01", "size": "116.66", "side": "BUY", "hash": "52c0876341893f6e2ecfbe9323da29e11b4b7f74", "best_bid": "0.02", "best_ask": "0.98"}, {"asset_id": "104791375720439630946479061175819965249301444631683643929971716743870195512836", "price": "0.99", "size": "116.66", "side": "SELL", "hash": "627701b1f0d21a2778ef93a0ec1716a1081d655e", "best_bid": "0.02", "best_ask": "0.98"}], "timestamp": "1769384610298", "event_type": "price_change"}}
{"_local_timestamp": "2026-01-25T23:43:30.395158+00:00", "data": {"market": "0x9639515bf23a37d6587bc17d431ee1998bd8d04d2b8d91046ba279ab4fe93f21", "price_changes": [{"asset_id": "48293958035092600538996785729726774515754727907604737758901328484483312270668", "price": "0.01", "size": "116.66", "side": "BUY", "hash": "2def4567767266f3f0a0fdd77379bf4b96df6582", "best_bid": "0.02", "best_ask": "0.98"}, {"asset_id": "15805045717390812179474311980713790121846125135924469926365980902380788880368", "price": "0.99", "size": "116.66", "side": "SELL", "hash": "bb11220330130d38f8a14f5c47fb36f5d4a98556", "best_bid": "0.02", "best_ask": "0.98"}], "timestamp": "1769384610298", "event_type": "price_change"}}
{"_local_timestamp": "2026-01-25T23:43:31.906908+00:00", "data": {"market": "0x177aef6800649e4db23ac4e0c1469181780e0ad2eeaff247eb917f36aef07ce0", "price_changes": [{"asset_id": "67682016615690499991497252861591445059894188523506219043499681202337663539325", "price": "0.01", "size": "116.66", "side": "BUY", "hash": "510883aaddcd7bfa9b89b95305f817f7f8d067a1", "best_bid": "0.02", "best_ask": "0.98"}, {"asset_id": "48128021211808603144006261816221090900292864684384497725054305750980648601128", "price": "0.99", "size": "116.66", "side": "SELL", "hash": "db33ce7a3c82dcfd2a698dc268965c52461199b2", "best_bid": "0.02", "best_ask": "0.98"}], "timestamp": "1769384611800", "event_type": "price_change"}}
{"_local_timestamp": "2026-01-25T23:44:13.692176+00:00", "data": {"market": "0x177aef6800649e4db23ac4e0c1469181780e0ad2eeaff247eb917f36aef07ce0", "price_changes": [{"asset_id": "67682016615690499991497252861591445059894188523506219043499681202337663539325", "price": "0.01", "size": "50", "side": "BUY", "hash": "552bb1df64be0c3b530f20068f04bed1dcb8671c", "best_bid": "0.02", "best_ask": "0.98"}, {"asset_id": "48128021211808603144006261816221090900292864684384497725054305750980648601128", "price": "0.99", "size": "50", "side": "SELL", "hash": "201a0b0e9593627be0781f822b00e3424ea56b2a", "best_bid": "0.02", "best_ask": "0.98"}], "timestamp": "1769384653545", "event_type": "price_change"}}
{"_local_timestamp": "2026-01-25T23:44:13.709751+00:00", "data": {"market": "0xc014484612f44468d3a46fc931c076163d9bd0d226613b544bd21b743a84dad8", "price_changes": [{"asset_id": "97178828249364966051008634206610225382310490710248296168177426973965647068594", "price": "0.01", "size": "50", "side": "BUY", "hash": "0ee3aa4d83490b57bc7832184a8a2398f5db2561", "best_bid": "0.02", "best_ask": "0.98"}, {"asset_id": "104791375720439630946479061175819965249301444631683643929971716743870195512836", "price": "0.99", "size": "50", "side": "SELL", "hash": "12d5e6f0d58697c134c27f692588271d3a601937", "best_bid": "0.02", "best_ask": "0.98"}], "timestamp": "1769384653545", "event_type": "price_change"}}
{"_local_timestamp": "2026-01-25T23:44:13.710037+00:00", "data": {"market": "0x9639515bf23a37d6587bc17d431ee1998bd8d04d2b8d91046ba279ab4fe93f21", "price_changes": [{"asset_id": "48293958035092600538996785729726774515754727907604737758901328484483312270668", "price": "0.01", "size": "50", "side": "BUY", "hash": "9850189286bbcff946cfcbcdd46343fbfd3d0ceb", "best_bid": "0.02", "best_ask": "0.98"}, {"asset_id": "15805045717390812179474311980713790121846125135924469926365980902380788880368", "price": "0.99", "size": "50", "side": "SELL", "hash": "00b04dfeb6d3a2476ba272edc8ee3e0e2a309403", "best_bid": "0.02", "best_ask": "0.98"}], "timestamp": "1769384653545", "event_type": "price_change"}}
