{"_local_timestamp": "2026-01-25T23:41:22.730888+00:00", "data": [{"market": "0x5069837d666f2f765e55426808c53e2d4d1999869a470e0d2ddc892300814824", "asset_id": "51698466964648192105381904349167504871614871728517457558107193997197302747546", "timestamp": "1769382893966", "hash": "3df38640ab66e15ef06563263537f0864796d201", "bids": [{"price": "0.01", "size": "471.38"}, {"price": "0.02", "size": "298.17"}, {"price": "0.03", "size": "19.42"}, {"price": "0.04", "size": "5.47"}], "asks": [{"price": "0.99", "size": "450"}, {"price": "0.98", "size": "292"}], "event_type": "book", "last_trade_price": ""}, {"market": "0x7c9ae745360a046457bb7243d3079d004543f075e31509076f2bad2d70bc65bc", "asset_id": "72799089949515651317817883459964814812455956995017782820268529270951621533046", "timestamp": "1769382595345", "hash": "932cf4b0322f78d3ec8384afcba717ad22c4a55c", "bids": [{"price": "0.01", "size": "450"}, {"price": "0.02", "size": "292"}], "asks": [{"price": "0.99", "size": "471.38"}, {"price": "0.98", "size": "298.17"}, {"price": "0.97", "size": "19.42"}, {"price": "0.96", "size": "5.47"}], "event_type": "book", "last_trade_price": ""}, {"market": "0x97403a8b16478db2d8bf52bd38f10a937f4e67454a6615153eda79273c1e344d", "asset_id": "837115688605194026163189426327828943812503144944827073064044955138678087005", "timestamp": "1769384424965", "hash": "0e4f39e1dac93788aedfbcdea2bf2759827d277e", "bids": [{"price": "0.01", "size": "65.24"}, {"price": "0.02", "size": "850"}, {"price": "0.04", "size": "6.95"}, {"price": "0.05", "size": "500"}, {"price": "0.11", "size": "5.17"}, {"price": "0.13", "size": "237"}, {"price": "0.2", "size": "65"}, {"price": "0.21", "size": "52.38"}, {"price": "0.48", "size": "100"}], "asks": [{"price": "0.99", "size": "60.77"}, {"price": "0.98", "size": "850"}, {"price": "0.97", "size": "10.08"}, {"price": "0.95", "size": "500"}, {"price": "0.91", "size": "450"}, {"price": "0.9", "size": "5.89"}, {"price": "0.8", "size": "65"}, {"price": "0.79", "size": "52.38"}, {"price": "0.58", "size": "100"}], "event_type": "book", "last_trade_price": ""}, {"market": "0x97403a8b16478db2d8bf52bd38f10a937f4e67454a6615153eda79273c1e344d", "asset_id": "50709181962582374034384063409798402630844793295393752347828621916343470425655", "timestamp": "1769384424965", "hash": "34bb57ed706a61884284674a26744b49f80582a4", "bids": [{"price": "0.01", "size": "60.77"}, {"price": "0.02", "size": "850"}, {"price": "0.03", "size": "10.08"}, {"price": "0.05", "size": "500"}, {"price": "0.09", "size": "450"}, {"price": "0.1", "size": "5.89"}, {"price": "0.2", "size": "65"}, {"price": "0.21", "size": "52.38"}, {"price": "0.42", "size": "100"}], "asks": [{"price": "0.99", "size": "65.24"}, {"price": "0.98", "size": "850"}, {"price": "0.96", "size": "6.95"}, {"price": "0.95", "size": "500"}, {"price": "0.89", "size": "5.17"}, {"price": "0.87", "size": "237"}, {"price": "0.8", "size": "65"}, {"price": "0.79", "size": "52.38"}, {"price": "0.52", "size": "100"}], "event_type": "book", "last_trade_price": ""}, {"market": "0x7c9ae745360a046457bb7243d3079d004543f075e31509076f2bad2d70bc65bc", "asset_id": "15526227870690052638925512857301591257613015798332956637730994002733519555595", "timestamp": "1769382595345", "hash": "ee839ee2962655cfd60cf10c8ba72a95030f236a", "bids": [{"price": "0.01", "size": "471.38"}, {"price": "0.02", "size": "298.17"}, {"price": "0.03", "size": "19.42"}, {"price": "0.04", "size": "5.47"}], "asks": [{"price": "0.99", "size": "450"}, {"price": "0.98", "size": "292"}], "event_type": "book", "last_trade_price": ""}, {"market": "0xb2ea9d7a4d2fc272ca5fd229fa053543989e3e6a63823819408cec852f7503cd", "asset_id": "109316629232364097751282489479771920777485435251717147559768463700099251545514", "timestamp": "1769382484881", "hash": "650f0ee56513ad7d0734908e6dd3100a77f7e358", "bids": [{"price": "0.01", "size": "614.79"}, {"price": "0.02", "size": "163.72"}, {"price": "0.03", "size": "16"}, {"price": "0.04", "size": "39.21"}, {"price": "0.05", "size": "70"}, {"price": "0.06", "size": "43.95"}], "asks": [{"price": "0.99", "size": "614.79"}, {"price": "0.98", "size": "163.72"}, {"price": "0.97", "size": "49"}, {"price": "0.96", "size": "120.21"}, {"price": "0.95", "size": "50"}, {"price": "0.94", "size": "38.48"}], "event_type": "book", "last_trade_price": ""}, {"market": "0xa46fdb2863b3b066e570c668512012d2385aeeb1dee85336e0633160353f8d5c", "asset_id": "3897861699556564461783937838038690965560900303053560534774938458941250304114", "timestamp": "1769382557191", "hash": "4c5c83ff7121ba2c511b49b2afcfe7b84b4bdf36", "bids": [{"price": "0.01", "size": "467.08"}, {"price": "0.02", "size": "160.48"}, {"price": "0.03", "size": "206.65"}, {"price": "0.04", "size": "10.5"}, {"price": "0.05", "size": "5.47"}], "asks": [{"price": "0.99", "size": "450"}, {"price": "0.98", "size": "292"}], "event_type": "book", "last_trade_price": ""}, {"market": "0xa46fdb2863b3b066e570c668512012d2385aeeb1dee85336e0633160353f8d5c", "asset_id": "3506265451552655762138010835101952003096882294099894850809552603469574557442", "timestamp": "1769382557191", "hash": "5eac230ce3fb8d973b0e2f4350648735cf36b232", "bids": [{"price": "0.01", "size": "450"}, {"price": "0.02", "size": "292"}], "asks": [{"price": "0.99", "size": "467.08"}, {"price": "0.98", "size": "160.48"}, {"price": "0.97", "size": "206.65"}, {"price": "0.96", "size": "10.5"}, {"price": "0.95", "size": "5.47"}], "event_type": "book", "last_trade_price": ""}, {"market": "0x5069837d666f2f765e55426808c53e2d4d1999869a470e0d2ddc892300814824", "asset_id": "6719194139439937203305194746982602040153637424237976725434051931289063554983", "timestamp": "1769382893966", "hash": "6da89899a3b3497361e0ff4b3afe78a696c2a839", "bids": [{"price": "0.01", "size": "450"}, {"price": "0.02", "size": "292"}], "asks": [{"price": "0.99", "size": "471.38"}, {"price": "0.98", "size": "298.17"}, {"price": "0.97", "size": "19.42"}, {"price": "0.96", "size": "5.47"}], "event_type": "book", "last_trade_price": ""}, {"market": "0xb2ea9d7a4d2fc272ca5fd229fa053543989e3e6a63823819408cec852f7503cd", "asset_id": "87286065854955859244495932158711002859070043250990918854859576396180082600200", "timestamp": "1769382484881", "hash": "e9ea76812d2e041b3db4ca93b00586f26c42392d", "bids": [{"price": "0.01", "size": "614.79"}, {"price": "0.02", "size": "163.72"}, {"price": "0.03", "size": "49"}, {"price": "0.04", "size": "120.21"}, {"price": "0.05", "size": "50"}, {"price": "0.06", "size": "38.48"}], "asks": [{"price": "0.99", "size": "614.79"}, {"price": "0.98", "size": "163.72"}, {"price": "0.97", "size": "16"}, {"price": "0.96", "size": "39.21"}, {"price": "0.95", "size": "70"}, {"price": "0.94", "size": "43.95"}], "event_type": "book", "last_trade_price": ""}]}
