{"_local_timestamp": "2026-01-25T23:41:38.755006+00:00", "data": [{"market": "0x8e86a8573b082baed9eb38879a5209e90ce0d2b1427dc81dbd8bcb75c3703306", "asset_id": "101245132277634775104807783724925236844425581613753913648483610054627248361915", "timestamp": "1769383751098", "hash": "f054b13af59ea44a8d3e5cb2ae529aadae5dbbef", "bids": [{"price": "0.01", "size": "50"}, {"price": "0.02", "size": "5.47"}], "asks": [{"price": "0.99", "size": "3102.72"}, {"price": "0.98", "size": "475.43"}, {"price": "0.97", "size": "32.13"}], "event_type": "book", "last_trade_price": ""}, {"market": "0x8e86a8573b082baed9eb38879a5209e90ce0d2b1427dc81dbd8bcb75c3703306", "asset_id": "103764062827777539044434159804008454299414232192678967295177454808622490493017", "timestamp": "1769383751098", "hash": "15bfc9e50b74fef7c86342556b8ba246f01f05b5", "bids": [{"price": "0.01", "size": "3102.72"}, {"price": "0.02", "size": "475.43"}, {"price": "0.03", "size": "32.13"}], "asks": [{"price": "0.99", "size": "50"}, {"price": "0.98", "size": "5.47"}], "event_type": "book", "last_trade_price": ""}, {"market": "0xe35514a6dd210ed4a57c4ec64789b43466274894ae2aa83c099e96cceecd4a4d", "asset_id": "77657650102970394895576766328647590900332275842102423487849996772109982997218", "timestamp": "1769383751098", "hash": "c14efbeb3cb07a19a803fce53b69bce8d613b373", "bids": [{"price": "0.01", "size": "3119.07"}, {"price": "0.02", "size": "65.46"}], "asks": [{"price": "0.99", "size": "50"}, {"price": "0.98", "size": "5.47"}], "event_type": "book", "last_trade_price": ""}, {"market": "0x854843522e209c651bd6fbab362d6114b8d765f3e9d227327727d3aa8ba226dc", "asset_id": "70989013285518843588924584697806501898672827977580821156029653033182061032258", "timestamp": "1769383751098", "hash": "f44490303ab4cafa956328da1bdc9f5bc15855f4", "bids": [{"price": "0.01", "size": "3119.07"}, {"price": "0.02", "size": "65.46"}], "asks": [{"price": "0.99", "size": "50"}, {"price": "0.98", "size": "5.47"}], "event_type": "book", "last_trade_price": ""}, {"market": "0x854843522e209c651bd6fbab362d6114b8d765f3e9d227327727d3aa8ba226dc", "asset_id": "63761339560709709002746944630945699101692468645444759264129683362655363370895", "timestamp": "1769383751098", "hash": "d9489812b278fbc3dc3c27f6d2f6e5471a41956f", "bids": [{"price": "0.01", "size": "50"}, {"price": "0.02", "size": "5.47"}], "asks": [{"price": "0.99", "size": "3119.07"}, {"price": "0.98", "size": "65.46"}], "event_type": "book", "last_trade_price": ""}, {"market": "0xe35514a6dd210ed4a57c4ec64789b43466274894ae2aa83c099e96cceecd4a4d", "asset_id": "40354570505515435497179361587073307891206474077683785058416242974061549159414", "timestamp": "1769383751098", "hash": "01f8f89cacc3e12e6041afa1805a03f2eb51ce23", "bids": [{"price": "0.01", "size": "50"}, {"price": "0.02", "size": "5.47"}], "asks": [{"price": "0.99", "size": "3119.07"}, {"price": "0.98", "size": "65.46"}], "event_type": "book", "last_trade_price": ""}]}
