{"_local_timestamp": "2026-01-25T23:41:38.783873+00:00", "data": [{"market": "0x8b2cffc0a8bd892c9ed074a4edf6d055221a799b88fc8bacd0f8394a82824c80", "asset_id": "94698359547069948091691266675753333247252759459100976248071500116211186667417", "timestamp": "1769383751098", "hash": "cea0b874375510aeb5eefc45305619a73468fea9", "bids": [{"price": "0.01", "size": "3119.07"}, {"price": "0.02", "size": "65.46"}], "asks": [{"price": "0.99", "size": "50"}, {"price": "0.98", "size": "5.47"}], "event_type": "book", "last_trade_price": ""}, {"market": "0x94641f2269614b35c14577f5339f9b156451cc38d0a41fc9acf852292fc03f8d", "asset_id": "108935605998774671606680969980156515775273337615757229621413076819388422983694", "timestamp": "1769383751098", "hash": "9bb05ffb8e3a0b1230d4ac33a6534bb40a7ec8c5", "bids": [{"price": "0.01", "size": "3102.72"}, {"price": "0.02", "size": "675.43"}, {"price": "0.03", "size": "32.13"}], "asks": [{"price": "0.99", "size": "550"}, {"price": "0.98", "size": "5.47"}], "event_type": "book", "last_trade_price": ""}, {"market": "0x94641f2269614b35c14577f5339f9b156451cc38d0a41fc9acf852292fc03f8d", "asset_id": "83486847191342660903013518595542144273391166982948037094091237559187143815968", "timestamp": "1769383751098", "hash": "56c35b4a5927d8da8026b43ed3f83642bc381545", "bids": [{"price": "0.01", "size": "550"}, {"price": "0.02", "size": "5.47"}], "asks": [{"price": "0.99", "size": "3102.72"}, {"price": "0.98", "size": "675.43"}, {"price": "0.97", "size": "32.13"}], "event_type": "book", "last_trade_price": ""}, {"market": "0x678e46983398c444a94a94d3f0b3e9e32a15744b75e0341e4377a9b1e334bf1b", "asset_id": "37186568222356706062323814941186424305272469093838214543951310170873432772758", "timestamp": "1769383751098", "hash": "d6bc396f3880b2440f76b5116203eb760d38d4ff", "bids": [{"price": "0.01", "size": "50"}, {"price": "0.02", "size": "5.47"}], "asks": [{"price": "0.99", "size": "3119.07"}, {"price": "0.98", "size": "65.46"}], "event_type": "book", "last_trade_price": ""}, {"market": "0x678e46983398c444a94a94d3f0b3e9e32a15744b75e0341e4377a9b1e334bf1b", "asset_id": "22454318758002775900408634902294762578625987079969593506679078510968297908954", "timestamp": "1769383751098", "hash": "5703c144c61b8409b4e0f3da52b91bdb81889f53", "bids": [{"price": "0.01", "size": "3119.07"}, {"price": "0.02", "size": "65.46"}], "asks": [{"price": "0.99", "size": "50"}, {"price": "0.98", "size": "5.47"}], "event_type": "book", "last_trade_price": ""}, {"market": "0x8b2cffc0a8bd892c9ed074a4edf6d055221a799b88fc8bacd0f8394a82824c80", "asset_id": "32268435133316701356126522081311631507040453481271896518586421989872819218745", "timestamp": "1769383751098", "hash": "d46c834c3792ff7a5af89b0465608eae1b3cc2fb", "bids": [{"price": "0.01", "size": "50"}, {"price": "0.02", "size": "5.47"}], "asks": [{"price": "0.99", "size": "3119.07"}, {"price": "0.98", "size": "65.46"}], "event_type": "book", "last_trade_price": ""}]}
{"_local_timestamp": "2026-01-25T23:43:27.429495+00:00", "data": {"market": "0x8b2cffc0a8bd892c9ed074a4edf6d055221a799b88fc8bacd0f8394a82824c80", "price_changes": [{"asset_id": "32268435133316701356126522081311631507040453481271896518586421989872819218745", "price": "0.01", "size": "116.66", "side": "BUY", "hash": "33ad7929c4b24649207399924ebfaf7e48c7f66d", "best_bid": "0.02", "best_ask": "0.98"}, {"asset_id": "94698359547069948091691266675753333247252759459100976248071500116211186667417", "price": "0.99", "size": "116.66", "side": "SELL", "hash": "02dca430a61878af49af127e4d51c2c020561f3d", "best_bid": "0.02", "best_ask": "0.98"}], "timestamp": "1769384607289", "event_type": "price_change"}}
{"_local_timestamp": "2026-01-25T23:43:27.430215+00:00", "data": {"market": "0x94641f2269614b35c14577f5339f9b156451cc38d0a41fc9acf852292fc03f8d", "price_changes": [{"asset_id": "83486847191342660903013518595542144273391166982948037094091237559187143815968", "price": "0.01", "size": "616.66", "side": "BUY", "hash": "0ecc1c1f1312bbe0664e66e03ae2e7e254736aa7", "best_bid": "0.02", "best_ask": "0.97"}, {"asset_id": "108935605998774671606680969980156515775273337615757229621413076819388422983694", "price": "0.99", "size": "616.66", "side": "SELL", "hash": "9a8be83edc493b752cb7ae6fb9bd5524ce3b8315", "best_bid": "0.03", "best_ask": "0.98"}], "timestamp": "1769384607289", "event_type": "price_change"}}
{"_local_timestamp": "2026-01-25T23:43:27.430493+00:00", "data": {"market": "0x678e46983398c444a94a94d3f0b3e9e32a15744b75e0341e4377a9b1e334bf1b", "price_changes": [{"asset_id": "37186568222356706062323814941186424305272469093838214543951310170873432772758", "price": "0.01", "size": "116.66", "side": "BUY", "hash": "8010951681b469542e705b0012682e744f90168e", "best_bid": "0.02", "best_ask": "0.98"}, {"asset_id": "22454318758002775900408634902294762578625987079969593506679078510968297908954", "price": "0.99", "size": "116.66", "side": "SELL", "hash": "782bc796689acbbd8383926b2fe1bb7d528cf1f7", "best_bid": "0.02", "best_ask": "0.98"}], "timestamp": "1769384607290", "event_type": "price_change"}}
{"_local_timestamp": "2026-01-25T23:44:13.696404+00:00", "data": {"market": "0x94641f2269614b35c14577f5339f9b156451cc38d0a41fc9acf852292fc03f8d", "price_changes": [{"asset_id": "83486847191342660903013518595542144273391166982948037094091237559187143815968", "price": "0.01", "size": "550", "side": "BUY", "hash": "bcc40208c06e56639fabb61eafe3bb86fc5cb66c", "best_bid": "0.02", "best_ask": "0.97"}, {"asset_id": "108935605998774671606680969980156515775273337615757229621413076819388422983694", "price": "0.99", "size": "550", "side": "SELL", "hash": "21b5365ca4d830b77da29e0a946abd1b8b2fd8d2", "best_bid": "0.03", "best_ask": "0.98"}], "timestamp": "1769384653545", "event_type": "price_change"}}
{"_local_timestamp": "2026-01-25T23:44:13.696739+00:00", "data": {"market": "0x678e46983398c444a94a94d3f0b3e9e32a15744b75e0341e4377a9b1e334bf1b", "price_changes": [{"asset_id": "37186568222356706062323814941186424305272469093838214543951310170873432772758", "price": "0.01", "size": "50", "side": "BUY", "hash": "9692f6b720b74ebfa386ff525ae48bbbe0985c05", "best_bid": "0.02", "best_ask": "0.98"}, {"asset_id": "22454318758002775900408634902294762578625987079969593506679078510968297908954", "price": "0.99", "size": "50", "side": "SELL", "hash": "de2836edcd6b1373ad13ffa2050714730d7001e3", "best_bid": "0.02", "best_ask": "0.98"}], "timestamp": "1769384653545", "event_type": "price_change"}}
{"_local_timestamp": "2026-01-25T23:44:13.698453+00:00", "data": {"market": "0x8b2cffc0a8bd892c9ed074a4edf6d055221a799b88fc8bacd0f8394a82824c80", "price_changes": [{"asset_id": "32268435133316701356126522081311631507040453481271896518586421989872819218745", "price": "0.01", "size": "50", "side": "BUY", "hash": "c4f7ddf429618028d14ffcce7f181564663e3dcc", "best_bid": "0.02", "best_ask": "0.98"}, {"asset_id": "94698359547069948091691266675753333247252759459100976248071500116211186667417", "price": "0.99", "size": "50", "side": "SELL", "hash": "2dc711688535abc11a74c33e12602841fb066ba1", "best_bid": "0.02", "best_ask": "0.98"}], "timestamp": "1769384653545", "event_type": "price_change"}}
