{"_local_timestamp": "2026-01-25T23:34:16.302314+00:00", "data": [{"market": "0x0e4fd9cc3345b448c2ca6f067b9943d05f5cb7451e583454c0aa81c74a2c70c2", "asset_id": "85209680044216919652968881840025801638039597969252724379052807922608510747344", "timestamp": "1769382484887", "hash": "b52b0d070172d91c95710d0d1c7befece0daf0bf", "bids": [{"price": "0.01", "size": "450"}, {"price": "0.02", "size": "292"}], "asks": [{"price": "0.99", "size": "468.08"}, {"price": "0.98", "size": "160.56"}, {"price": "0.97", "size": "166.77"}, {"price": "0.95", "size": "11.16"}], "event_type": "book", "last_trade_price": ""}, {"market": "0xbc87353e59ff7e36df0a5ec1d3392f83c10e6c68475d447bd8560564b20ec3b3", "asset_id": "20063061516206518024108138774729205026392765311058442098054888343475784206831", "timestamp": "1769383818952", "hash": "60ac3ef839c56e0b1c07c1cf6cf5e894605027fd", "bids": [{"price": "0.01", "size": "60.51"}, {"price": "0.02", "size": "850"}, {"price": "0.03", "size": "9.84"}, {"price": "0.05", "size": "500"}, {"price": "0.1", "size": "5.99"}, {"price": "0.12", "size": "275"}, {"price": "0.2", "size": "65"}, {"price": "0.21", "size": "52.38"}, {"price": "0.46", "size": "100"}], "asks": [{"price": "0.99", "size": "60.63"}, {"price": "0.98", "size": "850"}, {"price": "0.97", "size": "9.95"}, {"price": "0.95", "size": "500"}, {"price": "0.9", "size": "5.94"}, {"price": "0.88", "size": "275"}, {"price": "0.8", "size": "65"}, {"price": "0.79", "size": "52.38"}, {"price": "0.56", "size": "100"}], "event_type": "book", "last_trade_price": ""}, {"market": "0x1647458a3dbb6c1d2a74fb104b22153385fbf3f509dbdc7e9773017070b87120", "asset_id": "41207851700819843447412457199475844455805286493960808924996144410227788350760", "timestamp": "1769382798517", "hash": "bde781b8f81e859c63ae5090b8a3d7d6daa59600", "bids": [{"price": "0.01", "size": "472.79"}, {"price": "0.02", "size": "160.48"}, {"price": "0.03", "size": "204.65"}, {"price": "0.05", "size": "12.73"}], "asks": [{"price": "0.99", "size": "450"}, {"price": "0.98", "size": "292"}], "event_type": "book", "last_trade_price": ""}, {"market": "0xfaa97d140482c4e2cac3cef27e8e17de0f415893e10b15459d37db672753c14d", "asset_id": "99003560156149882513655464077803060582319078033101164351736786019975426393934", "timestamp": "1769382484885", "hash": "515d13e5b60c92d77db01834ba4bbe06a3ede42b", "bids": [{"price": "0.01", "size": "614.79"}, {"price": "0.02", "size": "157.03"}, {"price": "0.03", "size": "12.74"}, {"price": "0.04", "size": "12"}, {"price": "0.05", "size": "124"}, {"price": "0.06", "size": "43.95"}], "asks": [{"price": "0.99", "size": "614.79"}, {"price": "0.98", "size": "163.72"}, {"price": "0.97", "size": "16"}, {"price": "0.96", "size": "79.21"}, {"price": "0.95", "size": "70"}, {"price": "0.94", "size": "38.48"}], "event_type": "book", "last_trade_price": ""}, {"market": "0xd5f384780be5909700664b338f96be14e4fcb3287e59d808f61f68aa0b4989a6", "asset_id": "49282851065067079913452483838765262986478350570382504378032538034360334879038", "timestamp": "1769382720240", "hash": "08ba0baebcd07f350805693c21e7f2f1fe525984", "bids": [{"price": "0.01", "size": "472.79"}, {"price": "0.02", "size": "160.48"}, {"price": "0.03", "size": "204.65"}, {"price": "0.05", "size": "12.73"}], "asks": [{"price": "0.99", "size": "450"}, {"price": "0.98", "size": "292"}], "event_type": "book", "last_trade_price": ""}, {"market": "0xbc87353e59ff7e36df0a5ec1d3392f83c10e6c68475d447bd8560564b20ec3b3", "asset_id": "97447205725793175882887981109212049888929129164972702108513416931341476988086", "timestamp": "1769383818952", "hash": "1c3a45dffe47c2a1e6a28c6176fa2f744c778cd7", "bids": [{"price": "0.01", "size": "60.63"}, {"price": "0.02", "size": "850"}, {"price": "0.03", "size": "9.95"}, {"price": "0.05", "size": "500"}, {"price": "0.1", "size": "5.94"}, {"price": "0.12", "size": "275"}, {"price": "0.2", "size": "65"}, {"price": "0.21", "size": "52.38"}, {"price": "0.44", "size": "100"}], "asks": [{"price": "0.99", "size": "60.51"}, {"price": "0.98", "size": "850"}, {"price": "0.97", "size": "9.84"}, {"price": "0.95", "size": "500"}, {"price": "0.9", "size": "5.99"}, {"price": "0.88", "size": "275"}, {"price": "0.8", "size": "65"}, {"price": "0.79", "size": "52.38"}, {"price": "0.54", "size": "100"}], "event_type": "book", "last_trade_price": ""}, {"market": "0x0e4fd9cc3345b448c2ca6f067b9943d05f5cb7451e583454c0aa81c74a2c70c2", "asset_id": "91173348363880602368683898668204221731637107707455464479890553956647708543224", "timestamp": "1769382484887", "hash": "b55ba240367d7a031371f35cb882911c2f70627b", "bids": [{"price": "0.01", "size": "468.08"}, {"price": "0.02", "size": "160.56"}, {"price": "0.03", "size": "166.77"}, {"price": "0.05", "size": "11.16"}], "asks": [{"price": "0.99", "size": "450"}, {"price": "0.98", "size": "292"}], "event_type": "book", "last_trade_price": ""}, {"market": "0x1647458a3dbb6c1d2a74fb104b22153385fbf3f509dbdc7e9773017070b87120", "asset_id": "13853461289464040166870263790661153865812842053540329127796625101705302522699", "timestamp": "1769382798517", "hash": "980146bfc3946e9e2c42e143d884c94345783ef0", "bids": [{"price": "0.01", "size": "450"}, {"price": "0.02", "size": "292"}], "asks": [{"price": "0.99", "size": "472.79"}, {"price": "0.98", "size": "160.48"}, {"price": "0.97", "size": "204.65"}, {"price": "0.95", "size": "12.73"}], "event_type": "book", "last_trade_price": ""}, {"market": "0xfaa97d140482c4e2cac3cef27e8e17de0f415893e10b15459d37db672753c14d", "asset_id": "70048122520578275167643159403299300291679140814549950757889979489217606287506", "timestamp": "1769382484885", "hash": "978bfcf7faf1741b061e3a78f1e6107b251b6431", "bids": [{"price": "0.01", "size": "614.79"}, {"price": "0.02", "size": "163.72"}, {"price": "0.03", "size": "16"}, {"price": "0.04", "size": "79.21"}, {"price": "0.05", "size": "70"}, {"price": "0.06", "size": "38.48"}], "asks": [{"price": "0.99", "size": "614.79"}, {"price": "0.98", "size": "157.03"}, {"price": "0.97", "size": "12.74"}, {"price": "0.96", "size": "12"}, {"price": "0.95", "size": "124"}, {"price": "0.94", "size": "43.95"}], "event_type": "book", "last_trade_price": ""}, {"market": "0xd5f384780be5909700664b338f96be14e4fcb3287e59d808f61f68aa0b4989a6", "asset_id": "42351234571693987670091730744536295712645766331041115069375219894291362332691", "timestamp": "1769382720240", "hash": "e0533e857eeca5320d68016421923ffd1a665e2d", "bids": [{"price": "0.01", "size": "450"}, {"price": "0.02", "size": "292"}], "asks": [{"price": "0.99", "size": "472.79"}, {"price": "0.98", "size": "160.48"}, {"price": "0.97", "size": "204.65"}, {"price": "0.95", "size": "12.73"}], "event_type": "book", "last_trade_price": ""}]}
