{"_local_timestamp": "2026-01-25T23:34:16.251829+00:00", "data": [{"market": "0xac94d9fb2139ee414f8db3e92a618902cdefa3d0eec8121d1d135ba858753861", "asset_id": "54612093897211202091980121548577705792351011975673076538508370798910347822645", "timestamp": "1769383818893", "hash": "d9deae3648e60a3cce88f68018b520e131db72e8", "bids": [{"price": "0.01", "size": "59.81"}, {"price": "0.02", "size": "850"}, {"price": "0.03", "size": "9.5"}, {"price": "0.04", "size": "15"}, {"price": "0.05", "size": "12.33"}, {"price": "0.17", "size": "76.47"}, {"price": "0.18", "size": "61.11"}, {"price": "0.29", "size": "100"}], "asks": [{"price": "0.99", "size": "55.01"}, {"price": "0.98", "size": "850"}, {"price": "0.97", "size": "8.63"}, {"price": "0.95", "size": "500"}, {"price": "0.91", "size": "7.67"}, {"price": "0.89", "size": "364"}, {"price": "0.8", "size": "65"}, {"price": "0.79", "size": "52.38"}, {"price": "0.39", "size": "100"}], "event_type": "book", "last_trade_price": ""}, {"market": "0x43980fba557497f72f63771c59fd34538d0dd33cf2b8f1fc1677a53b30956c57", "asset_id": "61391229289113213304895190091259773381391071673034411058357608192539922223280", "timestamp": "1769383818953", "hash": "edc752d2604593d07dab544421a62b0abeba25f1", "bids": [{"price": "0.01", "size": "55.03"}, {"price": "0.02", "size": "859.37"}, {"price": "0.05", "size": "500"}, {"price": "0.06", "size": "12.7"}, {"price": "0.09", "size": "450"}, {"price": "0.2", "size": "65"}, {"price": "0.21", "size": "52.38"}, {"price": "0.5", "size": "100"}], "asks": [{"price": "0.99", "size": "60.92"}, {"price": "0.98", "size": "850"}, {"price": "0.97", "size": "10.22"}, {"price": "0.95", "size": "500"}, {"price": "0.9", "size": "5.84"}, {"price": "0.88", "size": "275"}, {"price": "0.81", "size": "68.42"}, {"price": "0.8", "size": "55"}, {"price": "0.6", "size": "100"}], "event_type": "book", "last_trade_price": ""}, {"market": "0x69858440748b002c9d516fef6cfb652ee029c2fc58d2a69c90da2593b9b69919", "asset_id": "66815624689056499610629737949421453205644159489272397743984829253876661705949", "timestamp": "1769382484879", "hash": "0a66b19532843f3a5a71998a53d9eaf4d42e7692", "bids": [{"price": "0.01", "size": "614.79"}, {"price": "0.02", "size": "157.03"}, {"price": "0.03", "size": "12.74"}, {"price": "0.05", "size": "128"}, {"price": "0.06", "size": "43.95"}], "asks": [{"price": "0.99", "size": "614.79"}, {"price": "0.98", "size": "163.72"}, {"price": "0.97", "size": "16"}, {"price": "0.96", "size": "79.21"}, {"price": "0.95", "size": "70"}, {"price": "0.94", "size": "38.48"}], "event_type": "book", "last_trade_price": ""}, {"market": "0xa31bfe081b1979aba40545faf27f96a457c6f904697e84dc02a191fee73125e7", "asset_id": "107008858480181384344925212269177444835261914370365276243208211863915839322056", "timestamp": "1769382483690", "hash": "817e4d5e52646ad56ca45212f4f913a31a469cbf", "bids": [{"price": "0.01", "size": "450"}, {"price": "0.02", "size": "292"}], "asks": [{"price": "0.99", "size": "472.79"}, {"price": "0.98", "size": "160.48"}, {"price": "0.97", "size": "204.65"}, {"price": "0.95", "size": "12.73"}], "event_type": "book", "last_trade_price": ""}, {"market": "0x69858440748b002c9d516fef6cfb652ee029c2fc58d2a69c90da2593b9b69919", "asset_id": "50719547454467888484156845451593628889504671232328036216596269437293092985007", "timestamp": "1769382484879", "hash": "bee886bc5c3e2ad4b06e3e4cd3a7d6c23ad7fdfa", "bids": [{"price": "0.01", "size": "614.79"}, {"price": "0.02", "size": "163.72"}, {"price": "0.03", "size": "16"}, {"price": "0.04", "size": "79.21"}, {"price": "0.05", "size": "70"}, {"price": "0.06", "size": "38.48"}], "asks": [{"price": "0.99", "size": "614.79"}, {"price": "0.98", "size": "157.03"}, {"price": "0.97", "size": "12.74"}, {"price": "0.95", "size": "128"}, {"price": "0.94", "size": "43.95"}], "event_type": "book", "last_trade_price": ""}, {"market": "0xa31bfe081b1979aba40545faf27f96a457c6f904697e84dc02a191fee73125e7", "asset_id": "48355673552552103514360773082643370462641908494984283541595442644409304347029", "timestamp": "1769382483690", "hash": "1e72f0c8e44f79d74d209b515bdb3beba68353c5", "bids": [{"price": "0.01", "size": "472.79"}, {"price": "0.02", "size": "160.48"}, {"price": "0.03", "size": "204.65"}, {"price": "0.05", "size": "12.73"}], "asks": [{"price": "0.99", "size": "450"}, {"price": "0.98", "size": "292"}], "event_type": "book", "last_trade_price": ""}, {"market": "0x82d17fce4c78db454733504a2aceda2534baf46d0e6ebab463ea192bd689eab4", "asset_id": "108789395729850933451119764516587572693299475174088704984876507136356208778570", "timestamp": "1769382484884", "hash": "4687c5da6e99694a6404996f9a85b0d965618efc", "bids": [{"price": "0.01", "size": "472.79"}, {"price": "0.02", "size": "160.48"}, {"price": "0.03", "size": "204.65"}, {"price": "0.05", "size": "12.73"}], "asks": [{"price": "0.99", "size": "450"}, {"price": "0.98", "size": "292"}], "event_type": "book", "last_trade_price": ""}, {"market": "0x82d17fce4c78db454733504a2aceda2534baf46d0e6ebab463ea192bd689eab4", "asset_id": "113603166530545773816430611213846497772511561242121196233875986271495985593271", "timestamp": "1769382484884", "hash": "2c6bc6af837d4b9f981bf2786c6631ab77fc437f", "bids": [{"price": "0.01", "size": "450"}, {"price": "0.02", "size": "292"}], "asks": [{"price": "0.99", "size": "472.79"}, {"price": "0.98", "size": "160.48"}, {"price": "0.97", "size": "204.65"}, {"price": "0.95", "size": "12.73"}], "event_type": "book", "last_trade_price": ""}, {"market": "0x43980fba557497f72f63771c59fd34538d0dd33cf2b8f1fc1677a53b30956c57", "asset_id": "108202640330047302260808846777336491154397108239873216270398719159754937804359", "timestamp": "1769383818953", "hash": "9475e6af5333cbe86e1b48c69a7163f8eb9d1244", "bids": [{"price": "0.01", "size": "60.92"}, {"price": "0.02", "size": "850"}, {"price": "0.03", "size": "10.22"}, {"price": "0.05", "size": "500"}, {"price": "0.1", "size": "5.84"}, {"price": "0.12", "size": "275"}, {"price": "0.19", "size": "68.42"}, {"price": "0.2", "size": "55"}, {"price": "0.4", "size": "100"}], "asks": [{"price": "0.99", "size": "55.03"}, {"price": "0.98", "size": "859.37"}, {"price": "0.95", "size": "500"}, {"price": "0.94", "size": "12.7"}, {"price": "0.91", "size": "450"}, {"price": "0.8", "size": "65"}, {"price": "0.79", "size": "52.38"}, {"price": "0.5", "size": "100"}], "event_type": "book", "last_trade_price": ""}, {"market": "0xac94d9fb2139ee414f8db3e92a618902cdefa3d0eec8121d1d135ba858753861", "asset_id": "10111825654103874074842884182317320541478159943608362709639003817998048202465", "timestamp": "1769383818893", "hash": "719ba79634f9d600555cebfdcd9d9abf3e47be2a", "bids": [{"price": "0.01", "size": "55.01"}, {"price": "0.02", "size": "850"}, {"price": "0.03", "size": "8.63"}, {"price": "0.05", "size": "500"}, {"price": "0.09", "size": "7.67"}, {"price": "0.11", "size": "364"}, {"price": "0.2", "size": "65"}, {"price": "0.21", "size": "52.38"}, {"price": "0.61", "size": "100"}], "asks": [{"price": "0.99", "size": "59.81"}, {"price": "0.98", "size": "850"}, {"price": "0.97", "size": "9.5"}, {"price": "0.96", "size": "15"}, {"price": "0.95", "size": "12.33"}, {"price": "0.83", "size": "76.47"}, {"price": "0.82", "size": "61.11"}, {"price": "0.71", "size": "100"}], "event_type": "book", "last_trade_price": ""}]}
