{"_local_timestamp": "2026-01-25T23:34:35.873948+00:00", "data": [{"market": "0x7cbae5e6a78f846f5580c9250188a7ad532afa0d8055dc329fc861bae12abb1b", "asset_id": "98207949731994767892622689489723676172365191269587817050557406490317045480519", "timestamp": "1769383751098", "hash": "d4c266e6beb20f2a5153b945aea89b3b6d27403c", "bids": [{"price": "0.01", "size": "3119.07"}, {"price": "0.02", "size": "65.46"}], "asks": [{"price": "0.99", "size": "50"}, {"price": "0.98", "size": "5.47"}], "event_type": "book", "last_trade_price": ""}, {"market": "0xeb19842d21d18a0728be33d70df020217e5d4eb90653b3b0b15370f7d7b81159", "asset_id": "113176931402922784301936613956098576078876207136896285157869128568643603551439", "timestamp": "1769383751098", "hash": "83782efd1b47ea73ec99ce96b2755754bf49ae89", "bids": [{"price": "0.01", "size": "50"}, {"price": "0.02", "size": "5.47"}], "asks": [{"price": "0.99", "size": "3119.07"}, {"price": "0.98", "size": "65.46"}], "event_type": "book", "last_trade_price": ""}, {"market": "0xd74a4a76916be3c7b75d3835544832864458d79d6d3d5430fbc95a49caa814fa", "asset_id": "115367177096919099636535327644846962921007636616463621934614555420916328476591", "timestamp": "1769383751098", "hash": "a608d0e0e5f487a271e09f832ff100e8f96f9da6", "bids": [{"price": "0.01", "size": "3119.07"}, {"price": "0.02", "size": "65.46"}], "asks": [{"price": "0.99", "size": "50"}, {"price": "0.98", "size": "5.47"}], "event_type": "book", "last_trade_price": ""}, {"market": "0xd74a4a76916be3c7b75d3835544832864458d79d6d3d5430fbc95a49caa814fa", "asset_id": "15366769469872733311668043916323536733995695295710610847055179170242442649151", "timestamp": "1769383751098", "hash": "179f703ef69ed55b6996aa8b578737410c27f084", "bids": [{"price": "0.01", "size": "50"}, {"price": "0.02", "size": "5.47"}], "asks": [{"price": "0.99", "size": "3119.07"}, {"price": "0.98", "size": "65.46"}], "event_type": "book", "last_trade_price": ""}, {"market": "0xeb19842d21d18a0728be33d70df020217e5d4eb90653b3b0b15370f7d7b81159", "asset_id": "92448334976049460570097132359745114603882496549279448881488695224311645096212", "timestamp": "1769383751098", "hash": "4dfe4a04d8e85b62769ca4126bc678d46549475d", "bids": [{"price": "0.01", "size": "3119.07"}, {"price": "0.02", "size": "65.46"}], "asks": [{"price": "0.99", "size": "50"}, {"price": "0.98", "size": "5.47"}], "event_type": "book", "last_trade_price": ""}, {"market": "0x7cbae5e6a78f846f5580c9250188a7ad532afa0d8055dc329fc861bae12abb1b", "asset_id": "54832045746002182029815690840602100469514420235356651868431387778440521982296", "timestamp": "1769383751098", "hash": "5e8f0359c8de4666b5830c46efd3856f1758d876", "bids": [{"price": "0.01", "size": "50"}, {"price": "0.02", "size": "5.47"}], "asks": [{"price": "0.99", "size": "3119.07"}, {"price": "0.98", "size": "65.46"}], "event_type": "book", "last_trade_price": ""}]}
