{"_local_timestamp": "2026-01-25T23:34:35.064184+00:00", "data": [{"market": "0x5f80cc5dddb017901d9e428aba1a548ce0bef82237a8ab738abe3e49b70f16ca", "asset_id": "103196935772567379281085210770120026575650647119280774247089814875880878567546", "timestamp": "1769382826768", "hash": "7369a860c4df05948573889fd96784e4f1fea733", "bids": [{"price": "0.01", "size": "3119.07"}, {"price": "0.02", "size": "65.46"}], "asks": [{"price": "0.99", "size": "50"}, {"price": "0.98", "size": "5.47"}], "event_type": "book", "last_trade_price": ""}, {"market": "0xebf3f8f2fc58690f8facf6e1859900614e8e95e17471595db0b72f49d792323b", "asset_id": "14818356419946562569437779812494619317193754130626263432113709610366736211478", "timestamp": "1769382826767", "hash": "e87b160c3060d32534c46886cdda868fccdf1fc6", "bids": [{"price": "0.01", "size": "50"}, {"price": "0.02", "size": "5.47"}], "asks": [{"price": "0.99", "size": "3119.07"}, {"price": "0.98", "size": "65.46"}], "event_type": "book", "last_trade_price": ""}, {"market": "0xf027e2cd580525cb68d0546b6d27834acb0253c677a11030eb9cc8a662057832", "asset_id": "67859414466126320865905952344615788139447027137817402423149350838368890467420", "timestamp": "1769382826768", "hash": "ca66d66a1c6beb2fb8331a2aab7bd19feb8a31c0", "bids": [{"price": "0.01", "size": "3119.07"}, {"price": "0.02", "size": "65.46"}], "asks": [{"price": "0.99", "size": "50"}, {"price": "0.98", "size": "5.47"}], "event_type": "book", "last_trade_price": ""}, {"market": "0xf027e2cd580525cb68d0546b6d27834acb0253c677a11030eb9cc8a662057832", "asset_id": "58635086126383730864657317574784108515539098903332531090835516492461655919183", "timestamp": "1769382826768", "hash": "37a71cc8495f4f647c77589c5a08a3389b2a48db", "bids": [{"price": "0.01", "size": "50"}, {"price": "0.02", "size": "5.47"}], "asks": [{"price": "0.99", "size": "3119.07"}, {"price": "0.98", "size": "65.46"}], "event_type": "book", "last_trade_price": ""}, {"market": "0x5f80cc5dddb017901d9e428aba1a548ce0bef82237a8ab738abe3e49b70f16ca", "asset_id": "31973256811636880354129316259666240421718490804956234607150464934166251383940", "timestamp": "1769382826768", "hash": "51b15d5e7cfbc3c4286bd1f0ad2839ee40846094", "bids": [{"price": "0.01", "size": "50"}, {"price": "0.02", "size": "5.47"}], "asks": [{"price": "0.99", "size": "3119.07"}, {"price": "0.98", "size": "65.46"}], "event_type": "book", "last_trade_price": ""}, {"market": "0xebf3f8f2fc58690f8facf6e1859900614e8e95e17471595db0b72f49d792323b", "asset_id": "70703385857289002816332468278124796904923683697053260560842053413470800922446", "timestamp": "1769382826767", "hash": "786593f75a82f9112b2da5b599d728e6ab48658e", "bids": [{"price": "0.01", "size": "3119.07"}, {"price": "0.02", "size": "65.46"}], "asks": [{"price": "0.99", "size": "50"}, {"price": "0.98", "size": "5.47"}], "event_type": "book", "last_trade_price": ""}]}
