{"_local_timestamp": "2026-01-25T23:41:22.654526+00:00", "data": [{"market": "0x9909ebc723bc70d1413f7261bb1a772eac760a7cb14c6cecfad24d3e7f38383a", "asset_id": "42751477225532502940473734522356441708470362631224345002064428165187270517143", "timestamp": "1769383092300", "hash": "bed33cefd7fdcdd2ad8414d692c6396dcabb3b0b", "bids": [{"price": "0.01", "size": "614.79"}, {"price": "0.02", "size": "163.72"}, {"price": "0.03", "size": "16"}, {"price": "0.04", "size": "6.21"}, {"price": "0.05", "size": "118"}, {"price": "0.06", "size": "43.95"}], "asks": [{"price": "0.99", "size": "614.79"}, {"price": "0.98", "size": "163.72"}, {"price": "0.97", "size": "49"}, {"price": "0.96", "size": "55.21"}, {"price": "0.95", "size": "50"}, {"price": "0.94", "size": "38.48"}], "event_type": "book", "last_trade_price": ""}, {"market": "0x165066d9af315c127c12b18c0f52ad1cdd02a36cdbafadb9491ddd1616fdf511", "asset_id": "95660094983417802659189066867242030769238866467663657851238396748446793508385", "timestamp": "1769384300337", "hash": "fa9dbdf8b2915ce8c5340387884c546f2574217c", "bids": [{"price": "0.01", "size": "450"}, {"price": "0.02", "size": "390"}], "asks": [{"price": "0.99", "size": "467.08"}, {"price": "0.98", "size": "160.48"}, {"price": "0.97", "size": "149.65"}, {"price": "0.96", "size": "15.97"}], "event_type": "book", "last_trade_price": ""}, {"market": "0x9909ebc723bc70d1413f7261bb1a772eac760a7cb14c6cecfad24d3e7f38383a", "asset_id": "80636430000306665338790674531581452386881991947859788097196701371508014217979", "timestamp": "1769383092300", "hash": "f810d587af5f6d7b587ce41aefbcee49c0011f8f", "bids": [{"price": "0.01", "size": "614.79"}, {"price": "0.02", "size": "163.72"}, {"price": "0.03", "size": "49"}, {"price": "0.04", "size": "55.21"}, {"price": "0.05", "size": "50"}, {"price": "0.06", "size": "38.48"}], "asks": [{"price": "0.99", "size": "614.79"}, {"price": "0.98", "size": "163.72"}, {"price": "0.97", "size": "16"}, {"price": "0.96", "size": "6.21"}, {"price": "0.95", "size": "118"}, {"price": "0.94", "size": "43.95"}], "event_type": "book", "last_trade_price": ""}, {"market": "0x165066d9af315c127c12b18c0f52ad1cdd02a36cdbafadb9491ddd1616fdf511", "asset_id": "2592953323190542158472817689669333428128883100360675165753206836204922889274", "timestamp": "1769384300337", "hash": "b24dd2e5d00a61b4a7cf2a5424c8b85b3a0df4ce", "bids": [{"price": "0.01", "size": "467.08"}, {"price": "0.02", "size": "160.48"}, {"price": "0.03", "size": "149.65"}, {"price": "0.04", "size": "15.97"}], "asks": [{"price": "0.99", "size": "450"}, {"price": "0.98", "size": "390"}], "event_type": "book", "last_trade_price": ""}, {"market": "0x1858297309d95aa0ad8705ca6f6ef0277bd7bfb18bfdb9e469900157393309a7", "asset_id": "39557270139446235444454334336121743395921002124269638228707508992465202437928", "timestamp": "1769384297559", "hash": "3e47e61f7dcee0b11fdad2f51b2b115811d88b11", "bids": [{"price": "0.01", "size": "468.08"}, {"price": "0.02", "size": "160.56"}, {"price": "0.03", "size": "83.3"}, {"price": "0.04", "size": "16.69"}], "asks": [{"price": "0.99", "size": "450"}, {"price": "0.98", "size": "390"}], "event_type": "book", "last_trade_price": ""}, {"market": "0xd308fe5481358321f1acdb073a2fd5ba5bf0463d378bc670f8102666af899c15", "asset_id": "59578878672776915839195048246577512108399624535025501907850453537957496502059", "timestamp": "1769384424941", "hash": "746ac0383fc8a390b239b7d66a2566fee58ddc48", "bids": [{"price": "0.01", "size": "55.4"}, {"price": "0.02", "size": "860.17"}, {"price": "0.05", "size": "500"}, {"price": "0.06", "size": "5.35"}, {"price": "0.07", "size": "6"}, {"price": "0.08", "size": "5.26"}, {"price": "0.19", "size": "68.42"}, {"price": "0.2", "size": "55"}, {"price": "0.37", "size": "100"}], "asks": [{"price": "0.99", "size": "60.2"}, {"price": "0.98", "size": "850"}, {"price": "0.97", "size": "10.65"}, {"price": "0.95", "size": "500"}, {"price": "0.9", "size": "525"}, {"price": "0.89", "size": "5.25"}, {"price": "0.82", "size": "72.22"}, {"price": "0.81", "size": "57.89"}, {"price": "0.47", "size": "100"}], "event_type": "book", "last_trade_price": ""}, {"market": "0xc92c652d535aa70801593e3ae84983ca0ef4950dd1b78c4df391cfdc06bf5363", "asset_id": "93984961142753264598654562629570857844174964129254014939405384141070047526860", "timestamp": "1769384424940", "hash": "1f28302a05d059c64379c5c897e19757f95b0c77", "bids": [{"price": "0.01", "size": "59.27"}, {"price": "0.02", "size": "850"}, {"price": "0.03", "size": "9.52"}, {"price": "0.04", "size": "15"}, {"price": "0.05", "size": "12.43"}, {"price": "0.17", "size": "76.47"}, {"price": "0.18", "size": "61.11"}, {"price": "0.27", "size": "100"}], "asks": [{"price": "0.99", "size": "55.07"}, {"price": "0.98", "size": "850"}, {"price": "0.97", "size": "9.76"}, {"price": "0.95", "size": "500"}, {"price": "0.91", "size": "450"}, {"price": "0.9", "size": "6.56"}, {"price": "0.8", "size": "65"}, {"price": "0.79", "size": "52.38"}, {"price": "0.36", "size": "100"}], "event_type": "book", "last_trade_price": ""}, {"market": "0xd308fe5481358321f1acdb073a2fd5ba5bf0463d378bc670f8102666af899c15", "asset_id": "106578657474267865203886688511547518538940443999829873967344882943366379790285", "timestamp": "1769384424941", "hash": "dec851a0bfd7f381128f5ef1e9852362f23220f8", "bids": [{"price": "0.01", "size": "60.2"}, {"price": "0.02", "size": "850"}, {"price": "0.03", "size": "10.65"}, {"price": "0.05", "size": "500"}, {"price": "0.1", "size": "525"}, {"price": "0.11", "size": "5.25"}, {"price": "0.18", "size": "72.22"}, {"price": "0.19", "size": "57.89"}, {"price": "0.53", "size": "100"}], "asks": [{"price": "0.99", "size": "55.4"}, {"price": "0.98", "size": "860.17"}, {"price": "0.95", "size": "500"}, {"price": "0.94", "size": "5.35"}, {"price": "0.93", "size": "6"}, {"price": "0.92", "size": "5.26"}, {"price": "0.81", "size": "68.42"}, {"price": "0.8", "size": "55"}, {"price": "0.63", "size": "100"}], "event_type": "book", "last_trade_price": ""}, {"market": "0x1858297309d95aa0ad8705ca6f6ef0277bd7bfb18bfdb9e469900157393309a7", "asset_id": "58720381606979613497632702401263772231486347741315323290463852094117377477417", "timestamp": "1769384297559", "hash": "141f395b36953e0d1d3dbf4b149f086a23ce428e", "bids": [{"price": "0.01", "size": "450"}, {"price": "0.02", "size": "390"}], "asks": [{"price": "0.99", "size": "468.08"}, {"price": "0.98", "size": "160.56"}, {"price": "0.97", "size": "83.3"}, {"price": "0.96", "size": "16.69"}], "event_type": "book", "last_trade_price": ""}, {"market": "0xc92c652d535aa70801593e3ae84983ca0ef4950dd1b78c4df391cfdc06bf5363", "asset_id": "107671907887112718746202641416632332601204662106057352074642364415582440925449", "timestamp": "1769384424940", "hash": "841a695eac86e8e1083707e7dbbd78871682d904", "bids": [{"price": "0.01", "size": "55.07"}, {"price": "0.02", "size": "850"}, {"price": "0.03", "size": "9.76"}, {"price": "0.05", "size": "500"}, {"price": "0.09", "size": "450"}, {"price": "0.1", "size": "6.56"}, {"price": "0.2", "size": "65"}, {"price": "0.21", "size": "52.38"}, {"price": "0.64", "size": "100"}], "asks": [{"price": "0.99", "size": "59.27"}, {"price": "0.98", "size": "850"}, {"price": "0.97", "size": "9.52"}, {"price": "0.96", "size": "15"}, {"price": "0.95", "size": "12.43"}, {"price": "0.83", "size": "76.47"}, {"price": "0.82", "size": "61.11"}, {"price": "0.73", "size": "100"}], "event_type": "book", "last_trade_price": ""}]}
{"_local_timestamp": "2026-01-25T23:41:27.086812+00:00", "data": {"market": "0x1858297309d95aa0ad8705ca6f6ef0277bd7bfb18bfdb9e469900157393309a7", "price_changes": [{"asset_id": "58720381606979613497632702401263772231486347741315323290463852094117377477417", "price": "0.02", "size": "240", "side": "BUY", "hash": "010602fe5c55d3e19e3936bb95747173bd7113de", "best_bid": "0.02", "best_ask": "0.96"}, {"asset_id": "39557270139446235444454334336121743395921002124269638228707508992465202437928", "price": "0.98", "size": "240", "side": "SELL", "hash": "4bc8bf6d028615210f2e400d06b277ab6f7d457d", "best_bid": "0.04", "best_ask": "0.98"}], "timestamp": "1769384487001", "event_type": "price_change"}}
{"_local_timestamp": "2026-01-25T23:41:35.055368+00:00", "data": {"market": "0x1858297309d95aa0ad8705ca6f6ef0277bd7bfb18bfdb9e469900157393309a7", "price_changes": [{"asset_id": "58720381606979613497632702401263772231486347741315323290463852094117377477417", "price": "0.02", "size": "390", "side": "BUY", "hash": "2efe1cdd71e12d7879da3dfbddcc3c8a943f6f03", "best_bid": "0.02", "best_ask": "0.96"}, {"asset_id": "39557270139446235444454334336121743395921002124269638228707508992465202437928", "price": "0.98", "size": "390", "side": "SELL", "hash": "f65671ed1367f7ef0c6ae7fcfb19d70c8b8d9035", "best_bid": "0.04", "best_ask": "0.98"}], "timestamp": "1769384494980", "event_type": "price_change"}}
