{"_local_timestamp": "2026-01-25T23:41:08.075327+00:00", "data": [{"market": "0x0952b32112c82f2841938178bc365ee74be74e589adf8c032c825c0e3e475473", "asset_id": "105210080699838581082952396249708354131252603568034921725518216298825007167692", "timestamp": "1769383059827", "hash": "22c0f6e1da30f5a6802df11215516e9ebb177ece", "bids": [], "asks": [{"price": "0.999", "size": "3849"}, {"price": "0.99", "size": "1673"}, {"price": "0.98", "size": "1400"}, {"price": "0.97", "size": "600"}, {"price": "0.95", "size": "30"}, {"price": "0.92", "size": "500"}, {"price": "0.86", "size": "200"}, {"price": "0.859", "size": "14"}, {"price": "0.09", "size": "132"}, {"price": "0.02", "size": "213.38"}, {"price": "0.001", "size": "5892.15"}], "event_type": "book", "last_trade_price": ""}, {"market": "0x18e369277d6f216abf744bff64dfbf282c1f3c25b44fcdaa05dbf8e2b6b84b66", "asset_id": "60401462673374489511627746402470470711816250613260307506260060587328348516384", "timestamp": "1769384061222", "hash": "90cceddedf5c1e9909891ae2c1ab6e30dda12d3f", "bids": [], "asks": [{"price": "0.999", "size": "4849"}, {"price": "0.998", "size": "250"}, {"price": "0.99", "size": "1673"}, {"price": "0.98", "size": "1400"}, {"price": "0.97", "size": "600"}, {"price": "0.95", "size": "30"}, {"price": "0.92", "size": "500"}, {"price": "0.86", "size": "200"}, {"price": "0.5", "size": "800"}, {"price": "0.499", "size": "5"}, {"price": "0.11", "size": "5"}, {"price": "0.05", "size": "166.66"}, {"price": "0.005", "size": "45"}, {"price": "0.001", "size": "6492.15"}], "event_type": "book", "last_trade_price": "0.009"}, {"market": "0xaa9f3e80d9f8b4477674e7bec31427783e57a3606b2a975a0586b92ede14e575", "asset_id": "88274654842645878474126232465816154714615374430149431674771041125345754467518", "timestamp": "1769384061222", "hash": "84dfe0f899769dcc9d4da701a4a87339fe233603", "bids": [], "asks": [{"price": "0.999", "size": "3349"}, {"price": "0.998", "size": "250"}, {"price": "0.997", "size": "166"}, {"price": "0.994", "size": "83"}, {"price": "0.99", "size": "1673"}, {"price": "0.98", "size": "1400"}, {"price": "0.97", "size": "600"}, {"price": "0.95", "size": "30"}, {"price": "0.949", "size": "39"}, {"price": "0.92", "size": "500"}, {"price": "0.86", "size": "200"}, {"price": "0.859", "size": "14"}, {"price": "0.36", "size": "16"}, {"price": "0.043", "size": "13"}, {"price": "0.009", "size": "48.99"}, {"price": "0.001", "size": "5633.19"}], "event_type": "book", "last_trade_price": "0.001"}, {"market": "0x9260bd757dc8949edb3053b9221c8bfd9e61a8d58436cebab7884db61edf2888", "asset_id": "59832197477827259388592238600186841120549020036618322926829871546231879661930", "timestamp": "1769384057043", "hash": "23175f2f6416c108765c772f57bdf9a6df2eef17", "bids": [], "asks": [{"price": "0.999", "size": "3983"}, {"price": "0.99", "size": "1673"}, {"price": "0.98", "size": "1400"}, {"price": "0.97", "size": "600"}, {"price": "0.95", "size": "30"}, {"price": "0.92", "size": "500"}, {"price": "0.86", "size": "200"}, {"price": "0.859", "size": "14"}, {"price": "0.458", "size": "37.86"}, {"price": "0.01", "size": "169"}, {"price": "0.008", "size": "5.66"}, {"price": "0.006", "size": "103.29"}, {"price": "0.001", "size": "6492.15"}], "event_type": "book", "last_trade_price": ""}, {"market": "0x2707e366792621c962e6c942fc6eab54cfb43f752d111db52f2f81fe4b8794f9", "asset_id": "40175391698692907697040057132797024591106523726637948686359694908455260669942", "timestamp": "1769384404608", "hash": "db34e3d5393ee706f96aa70a1fbd7694b8e51b84", "bids": [], "asks": [{"price": "0.999", "size": "4849"}, {"price": "0.998", "size": "250"}, {"price": "0.99", "size": "1673"}, {"price": "0.98", "size": "1400"}, {"price": "0.97", "size": "600"}, {"price": "0.95", "size": "30"}, {"price": "0.92", "size": "500"}, {"price": "0.86", "size": "200"}, {"price": "0.859", "size": "14"}, {"price": "0.043", "size": "13"}, {"price": "0.025", "size": "82"}, {"price": "0.005", "size": "291"}, {"price": "0.001", "size": "5910.11"}], "event_type": "book", "last_trade_price": "0.999"}, {"market": "0xc82b6a54ea612964ec99a4253045190049a65ab63a704ed19fd743a92eaec852", "asset_id": "88148247889810614307571838155711762089394102197206402013016391714099396869379", "timestamp": "1769384061227", "hash": "247e21372ef314097b3e1dcdc8ca9f71809d2ed1", "bids": [{"price": "0.001", "size": "3349"}, {"price": "0.002", "size": "250"}, {"price": "0.003", "size": "166"}, {"price": "0.006", "size": "83"}, {"price": "0.01", "size": "1673"}, {"price": "0.02", "size": "1400"}, {"price": "0.03", "size": "600"}, {"price": "0.05", "size": "30"}, {"price": "0.051", "size": "39"}, {"price": "0.08", "size": "500"}, {"price": "0.14", "size": "200"}, {"price": "0.5", "size": "700"}, {"price": "0.501", "size": "5"}, {"price": "0.94", "size": "17"}, {"price": "0.967", "size": "20"}, {"price": "0.968", "size": "22"}, {"price": "0.988", "size": "98.99"}, {"price": "0.999", "size": "11228.83"}], "asks": [], "event_type": "book", "last_trade_price": ""}, {"market": "0x18e369277d6f216abf744bff64dfbf282c1f3c25b44fcdaa05dbf8e2b6b84b66", "asset_id": "6803039870247607549478084009551880902387132219449310090441524798887239441189", "timestamp": "1769384061222", "hash": "d6e38aff656418626f94f98eb7c5166766a8bf33", "bids": [{"price": "0.001", "size": "4849"}, {"price": "0.002", "size": "250"}, {"price": "0.01", "size": "1673"}, {"price": "0.02", "size": "1400"}, {"price": "0.03", "size": "600"}, {"price": "0.05", "size": "30"}, {"price": "0.08", "size": "500"}, {"price": "0.14", "size": "200"}, {"price": "0.5", "size": "800"}, {"price": "0.501", "size": "5"}, {"price": "0.89", "size": "5"}, {"price": "0.95", "size": "166.66"}, {"price": "0.995", "size": "45"}, {"price": "0.999", "size": "6492.15"}], "asks": [], "event_type": "book", "last_trade_price": "0.009"}, {"market": "0x4896175f5a62d7868a9fbf64b8edbe2ead74f771470e47add14c384811850bd3", "asset_id": "56259240978584263861949261621682639614535564886209001473457838190096274323668", "timestamp": "1769384061230", "hash": "233aa005b46d78e3e06368b8c8aeb7ef70816b3a", "bids": [{"price": "0.001", "size": "4849"}, {"price": "0.002", "size": "250"}, {"price": "0.01", "size": "1673"}, {"price": "0.02", "size": "1400"}, {"price": "0.03", "size": "600"}, {"price": "0.05", "size": "30"}, {"price": "0.051", "size": "40.31"}, {"price": "0.08", "size": "500"}, {"price": "0.14", "size": "200"}, {"price": "0.5", "size": "800"}, {"price": "0.523", "size": "16"}, {"price": "0.524", "size": "16.66"}, {"price": "0.525", "size": "5"}, {"price": "0.943", "size": "5.69"}, {"price": "0.944", "size": "33.5"}, {"price": "0.999", "size": "11228.83"}], "asks": [], "event_type": "book", "last_trade_price": "0.999"}, {"market": "0x1dd376919a2216f7c8781d1cc110c54dccf839896634280b9c07193018f8a3be", "asset_id": "103804231892231441752838870677370387999308535899330262051531772474423050459260", "timestamp": "1769383064148", "hash": "18e811d68a1b34f29b8103239361b6af3714912b", "bids": [], "asks": [{"price": "0.999", "size": "3983"}, {"price": "0.99", "size": "1673"}, {"price": "0.98", "size": "1400"}, {"price": "0.97", "size": "600"}, {"price": "0.95", "size": "30"}, {"price": "0.92", "size": "500"}, {"price": "0.86", "size": "200"}, {"price": "0.594", "size": "5"}, {"price": "0.01", "size": "134"}, {"price": "0.006", "size": "187.88"}, {"price": "0.005", "size": "24"}, {"price": "0.001", "size": "6492.15"}], "event_type": "book", "last_trade_price": ""}, {"market": "0x3261e7d00b5095fb1c11d211e436ee26ed70c3447a314df8590f317e6cd41388", "asset_id": "89321988668026973069553072052379864760287423216448499630018600505743102405484", "timestamp": "1769384204402", "hash": "748540157a88d336dcc18fee48dc55a0dc241ff3", "bids": [], "asks": [{"price": "0.999", "size": "3349"}, {"price": "0.998", "size": "250"}, {"price": "0.997", "size": "166"}, {"price": "0.994", "size": "83"}, {"price": "0.99", "size": "1673"}, {"price": "0.98", "size": "1400"}, {"price": "0.97", "size": "600"}, {"price": "0.95", "size": "30"}, {"price": "0.949", "size": "39"}, {"price": "0.92", "size": "500"}, {"price": "0.86", "size": "200"}, {"price": "0.859", "size": "14"}, {"price": "0.015", "size": "59.99"}, {"price": "0.01", "size": "1324.1"}, {"price": "0.005", "size": "120"}, {"price": "0.001", "size": "5313.52"}], "event_type": "book", "last_trade_price": "0.004"}, {"market": "0x0d6a76b434e45550240a012bb22d47239ead17b046c3227422db7e91557240ee", "asset_id": "105672920595138872195934095569085357229091501245883497830481633020421160984187", "timestamp": "1769384322002", "hash": "fc7c84b3d35492fab8078a1fceaa62d3a3d33ddb", "bids": [{"price": "0.001", "size": "3349"}, {"price": "0.002", "size": "250"}, {"price": "0.003", "size": "166"}, {"price": "0.006", "size": "83"}, {"price": "0.01", "size": "1673"}, {"price": "0.02", "size": "1400"}, {"price": "0.03", "size": "600"}, {"price": "0.05", "size": "30"}, {"price": "0.051", "size": "39"}, {"price": "0.08", "size": "500"}, {"price": "0.14", "size": "200"}, {"price": "0.141", "size": "14"}, {"price": "0.975", "size": "59.98"}, {"price": "0.982", "size": "130.41"}, {"price": "0.99", "size": "536.88"}, {"price": "0.999", "size": "10892.15"}], "asks": [], "event_type": "book", "last_trade_price": "0.004"}, {"market": "0x466d88f7685d8c2d226e94b548668ef3dc13c630d06441054ffde2d4e80b05ae", "asset_id": "89158014585853313296425211301446740111731386287840275762061115601265021414110", "timestamp": "1769384061230", "hash": "e2c09eadc0220d8fd10abb07cecef0402af82cb5", "bids": [{"price": "0.001", "size": "6349"}, {"price": "0.002", "size": "250"}, {"price": "0.003", "size": "166"}, {"price": "0.01", "size": "1673"}, {"price": "0.02", "size": "1400"}, {"price": "0.03", "size": "600"}, {"price": "0.05", "size": "30"}, {"price": "0.08", "size": "400"}, {"price": "0.144", "size": "1166.02"}, {"price": "0.5", "size": "637"}, {"price": "0.501", "size": "5"}, {"price": "0.947", "size": "51"}, {"price": "0.988", "size": "113.81"}, {"price": "0.999", "size": "1332.15"}], "asks": [], "event_type": "book", "last_trade_price": "0.001"}, {"market": "0xb29d690dfe01a8d5af9cff0d20691b57abee64255c3dd387d5762aa5190774af", "asset_id": "39623086759284615640371299476573794906969101079430736046861680256642865952878", "timestamp": "1769384061218", "hash": "2e6c9f3ba5ca16dfa9f55d9cf10b73fa047023f9", "bids": [], "asks": [{"price": "0.999", "size": "4850"}, {"price": "0.998", "size": "250"}, {"price": "0.99", "size": "1673"}, {"price": "0.98", "size": "1400"}, {"price": "0.97", "size": "600"}, {"price": "0.95", "size": "30"}, {"price": "0.949", "size": "40.31"}, {"price": "0.92", "size": "500"}, {"price": "0.86", "size": "200"}, {"price": "0.5", "size": "750"}, {"price": "0.499", "size": "5"}, {"price": "0.243", "size": "12.2"}, {"price": "0.2", "size": "22"}, {"price": "0.199", "size": "22"}, {"price": "0.136", "size": "23.72"}, {"price": "0.001", "size": "5910.11"}], "event_type": "book", "last_trade_price": ""}, {"market": "0x87915ad7e924b82f5f8f8ed2372da0942e4fe36780fac7b271b416fc9375d61b", "asset_id": "55836899438741476282362107617999808170404469395774044022981953015464022947801", "timestamp": "1769383047860", "hash": "44028dbd1076bd1d9bd995ea41bd5599ef4bc0e6", "bids": [{"price": "0.001", "size": "4849"}, {"price": "0.01", "size": "1673"}, {"price": "0.02", "size": "1400"}, {"price": "0.03", "size": "600"}, {"price": "0.05", "size": "30"}, {"price": "0.08", "size": "500"}, {"price": "0.14", "size": "200"}, {"price": "0.141", "size": "14"}, {"price": "0.9", "size": "100"}, {"price": "0.903", "size": "16"}, {"price": "0.988", "size": "38.56"}, {"price": "0.989", "size": "23.2"}, {"price": "0.995", "size": "57"}, {"price": "0.999", "size": "10892.15"}], "asks": [], "event_type": "book", "last_trade_price": ""}, {"market": "0x2ff0afa74a699f1a6a4871f12c02bdb5ae1b9cf2b024c351bc509e918a0c99e5", "asset_id": "108244299727239815290652551965910850455036179943380700225348123860403389643435", "timestamp": "1769384061219", "hash": "85d45526547c2f57b44e2cca2fbc53db00b625ba", "bids": [{"price": "0.001", "size": "3349"}, {"price": "0.003", "size": "166"}, {"price": "0.006", "size": "83"}, {"price": "0.01", "size": "1673"}, {"price": "0.02", "size": "1400"}, {"price": "0.03", "size": "600"}, {"price": "0.05", "size": "30"}, {"price": "0.051", "size": "39"}, {"price": "0.052", "size": "40.31"}, {"price": "0.08", "size": "500"}, {"price": "0.14", "size": "200"}, {"price": "0.4", "size": "200"}, {"price": "0.5", "size": "600"}, {"price": "0.501", "size": "5"}, {"price": "0.776", "size": "37"}, {"price": "0.777", "size": "22"}, {"price": "0.815", "size": "98.99"}, {"price": "0.999", "size": "6492.15"}], "asks": [], "event_type": "book", "last_trade_price": ""}, {"market": "0xb29d690dfe01a8d5af9cff0d20691b57abee64255c3dd387d5762aa5190774af", "asset_id": "45271373559478962714878667610114037660624633874357204460569261449353315633798", "timestamp": "1769384061218", "hash": "46d6c8dd8b6bf0fba8d1b353cfd232e74ed26dbf", "bids": [{"price": "0.001", "size": "4850"}, {"price": "0.002", "size": "250"}, {"price": "0.01", "size": "1673"}, {"price": "0.02", "size": "1400"}, {"price": "0.03", "size": "600"}, {"price": "0.05", "size": "30"}, {"price": "0.051", "size": "40.31"}, {"price": "0.08", "size": "500"}, {"price": "0.14", "size": "200"}, {"price": "0.5", "size": "750"}, {"price": "0.501", "size": "5"}, {"price": "0.757", "size": "12.2"}, {"price": "0.8", "size": "22"}, {"price": "0.801", "size": "22"}, {"price": "0.864", "size": "23.72"}, {"price": "0.999", "size": "5910.11"}], "asks": [], "event_type": "book", "last_trade_price": ""}, {"market": "0x96f27c8017c9bdcbd9b002b7a8830024a3fd73ab6ce293edd14f3e4b4d322319", "asset_id": "80893144881416921074077837996406694571978522871465924299866026203315270733727", "timestamp": "1769383784489", "hash": "b5fdaa745736d71b7db7e093e0c9f36943069fb2", "bids": [{"price": "0.001", "size": "4983"}, {"price": "0.002", "size": "250"}, {"price": "0.01", "size": "1673"}, {"price": "0.02", "size": "1400"}, {"price": "0.03", "size": "600"}, {"price": "0.05", "size": "30"}, {"price": "0.08", "size": "500"}, {"price": "0.14", "size": "200"}, {"price": "0.141", "size": "9.33"}, {"price": "0.42", "size": "5"}, {"price": "0.437", "size": "50"}, {"price": "0.472", "size": "198.98"}, {"price": "0.473", "size": "5"}, {"price": "0.999", "size": "5910.11"}], "asks": [], "event_type": "book", "last_trade_price": "0.002"}, {"market": "0xcdf697d56940cda1ad7fa49a225ae75389b04a994c16765349d9258405c96faa", "asset_id": "60880179920959317458927928943782751656715045284246507262963235128236447289497", "timestamp": "1769384061227", "hash": "17f583ea8c605a8f5e515965b5c7ec8fb44e8d6f", "bids": [], "asks": [{"price": "0.999", "size": "3849"}, {"price": "0.99", "size": "1623"}, {"price": "0.98", "size": "1400"}, {"price": "0.97", "size": "600"}, {"price": "0.95", "size": "30"}, {"price": "0.92", "size": "400"}, {"price": "0.86", "size": "433.33"}, {"price": "0.859", "size": "23"}, {"price": "0.005", "size": "125"}, {"price": "0.004", "size": "207.97"}, {"price": "0.001", "size": "5951.31"}], "event_type": "book", "last_trade_price": ""}, {"market": "0xd51830e102bc868bfae373920d2a2ba5b7ccb1b67c7a21db6feb06da3db9b096", "asset_id": "82056425654938873733724423210087568617787512417781456190805167479175037391954", "timestamp": "1769384453524", "hash": "90d2b360e407f1b83e08da1b1cd44a3785471dec", "bids": [{"price": "0.001", "size": "130"}, {"price": "0.01", "size": "1573"}, {"price": "0.02", "size": "1000"}, {"price": "0.04", "size": "1000"}, {"price": "0.05", "size": "199.99"}, {"price": "0.06", "size": "33"}, {"price": "0.08", "size": "500"}, {"price": "0.14", "size": "200"}, {"price": "0.223", "size": "31"}, {"price": "0.523", "size": "199"}, {"price": "0.723", "size": "143"}, {"price": "0.823", "size": "215"}, {"price": "0.841", "size": "30"}, {"price": "0.92", "size": "108"}, {"price": "0.923", "size": "348"}, {"price": "0.999", "size": "5740.03"}], "asks": [], "event_type": "book", "last_trade_price": "0.999"}, {"market": "0x8976a2ce7c8e4cb052ab04c8c289b23c4056b7df53c83cf7db71fc4b01aed984", "asset_id": "5369936988190256015368576827215996108143349570859940327644661292493826146881", "timestamp": "1769384304902", "hash": "5575dacf2e5f594f66d6cb9075a3c87250f584c3", "bids": [], "asks": [{"price": "0.999", "size": "3349"}, {"price": "0.998", "size": "250"}, {"price": "0.997", "size": "166"}, {"price": "0.994", "size": "83"}, {"price": "0.99", "size": "1673"}, {"price": "0.98", "size": "1400"}, {"price": "0.97", "size": "600"}, {"price": "0.95", "size": "30"}, {"price": "0.949", "size": "39"}, {"price": "0.92", "size": "500"}, {"price": "0.86", "size": "200"}, {"price": "0.859", "size": "14"}, {"price": "0.11", "size": "10.19"}, {"price": "0.022", "size": "17.9"}, {"price": "0.006", "size": "199.96"}, {"price": "0.001", "size": "9570.11"}], "event_type": "book", "last_trade_price": "0.001"}, {"market": "0x549ab85d5c40d56b3264dd6dd0f38fa12795fa4023bdacbb1c4cfac2015cdb74", "asset_id": "5705029408259968076312579100776703603550893489984211225655056728623670843907", "timestamp": "1769384061227", "hash": "051101a5e697779a36475f61f5fad2b03c3c3418", "bids": [], "asks": [{"price": "0.999", "size": "4849"}, {"price": "0.998", "size": "250"}, {"price": "0.99", "size": "1673"}, {"price": "0.98", "size": "1400"}, {"price": "0.97", "size": "600"}, {"price": "0.95", "size": "30"}, {"price": "0.92", "size": "500"}, {"price": "0.86", "size": "200"}, {"price": "0.5", "size": "486"}, {"price": "0.499", "size": "5"}, {"price": "0.043", "size": "13"}, {"price": "0.008", "size": "181.81"}, {"price": "0.005", "size": "51.1"}, {"price": "0.001", "size": "6492.15"}], "event_type": "book", "last_trade_price": "0.005"}, {"market": "0xc82b6a54ea612964ec99a4253045190049a65ab63a704ed19fd743a92eaec852", "asset_id": "21915211131930130948031833878592980430711935546042633929090104503989904859836", "timestamp": "1769384061227", "hash": "6c553661f5f10c902ae87f6b639832ca0f970fe0", "bids": [], "asks": [{"price": "0.999", "size": "3349"}, {"price": "0.998", "size": "250"}, {"price": "0.997", "size": "166"}, {"price": "0.994", "size": "83"}, {"price": "0.99", "size": "1673"}, {"price": "0.98", "size": "1400"}, {"price": "0.97", "size": "600"}, {"price": "0.95", "size": "30"}, {"price": "0.949", "size": "39"}, {"price": "0.92", "size": "500"}, {"price": "0.86", "size": "200"}, {"price": "0.5", "size": "700"}, {"price": "0.499", "size": "5"}, {"price": "0.06", "size": "17"}, {"price": "0.033", "size": "20"}, {"price": "0.032", "size": "22"}, {"price": "0.012", "size": "98.99"}, {"price": "0.001", "size": "11228.83"}], "event_type": "book", "last_trade_price": ""}, {"market": "0x5f91e5f8315ece28551c5fc148da5a1be195c2971229765714f217bc65b6dd37", "asset_id": "567362046012389627477920292688332143292062945670563321354044182552196143396", "timestamp": "1769384061218", "hash": "ef47165c9d55c025f4ab7ed283ae2bc804a6e843", "bids": [{"price": "0.001", "size": "4849"}, {"price": "0.002", "size": "250"}, {"price": "0.01", "size": "1673"}, {"price": "0.02", "size": "1400"}, {"price": "0.03", "size": "600"}, {"price": "0.05", "size": "30"}, {"price": "0.08", "size": "500"}, {"price": "0.14", "size": "200"}, {"price": "0.5", "size": "100"}, {"price": "0.501", "size": "5"}, {"price": "0.87", "size": "7.51"}, {"price": "0.979", "size": "41"}, {"price": "0.987", "size": "100.4"}, {"price": "0.995", "size": "285"}, {"price": "0.999", "size": "5929.2"}], "asks": [], "event_type": "book", "last_trade_price": "0.002"}, {"market": "0x04235f756e316614bc6fa0fcef6e2111069e169c25be6b50b01d78a6e308c93c", "asset_id": "68195286802270744226223657194959644880753824389678820343636106961512218218122", "timestamp": "1769384033521", "hash": "f40d6d2e4922e77ffb191c6c6fafadd937076dec", "bids": [], "asks": [{"price": "0.999", "size": "3972"}, {"price": "0.99", "size": "1673"}, {"price": "0.98", "size": "1400"}, {"price": "0.97", "size": "600"}, {"price": "0.95", "size": "30"}, {"price": "0.92", "size": "500"}, {"price": "0.86", "size": "200"}, {"price": "0.859", "size": "14"}, {"price": "0.01", "size": "130"}, {"price": "0.006", "size": "209.58"}, {"price": "0.005", "size": "32"}, {"price": "0.001", "size": "5910.11"}], "event_type": "book", "last_trade_price": ""}, {"market": "0x206bcb50198431857abb6a828b413c330e96d6630c252bad4497d95c32d78cd9", "asset_id": "46588203024024391290407471404752419816944222300669335175689013513207631154674", "timestamp": "1769384118377", "hash": "fb6d200c1cf95552f4b5e927ed1b09c81bbee267", "bids": [{"price": "0.001", "size": "4849"}, {"price": "0.002", "size": "250"}, {"price": "0.01", "size": "1673"}, {"price": "0.02", "size": "1400"}, {"price": "0.03", "size": "600"}, {"price": "0.05", "size": "30"}, {"price": "0.051", "size": "40.31"}, {"price": "0.08", "size": "500"}, {"price": "0.14", "size": "200"}, {"price": "0.5", "size": "795"}, {"price": "0.501", "size": "5"}, {"price": "0.795", "size": "8.24"}, {"price": "0.845", "size": "31"}, {"price": "0.846", "size": "22"}, {"price": "0.885", "size": "92.94"}, {"price": "0.999", "size": "5892.15"}], "asks": [], "event_type": "book", "last_trade_price": ""}, {"market": "0x62a37f896940ff29a0edb3ee01b8a1ccffd019f2d66c28d2e1e9e635bff41556", "asset_id": "91692686090729329821880338381191329870240638148359763871758837451950119723984", "timestamp": "1769384061226", "hash": "12399c030fcf927c618e741676e5b3d4340f6502", "bids": [{"price": "0.001", "size": "3349"}, {"price": "0.002", "size": "250"}, {"price": "0.003", "size": "166"}, {"price": "0.006", "size": "83"}, {"price": "0.01", "size": "1673"}, {"price": "0.02", "size": "1400"}, {"price": "0.03", "size": "600"}, {"price": "0.05", "size": "30"}, {"price": "0.051", "size": "39"}, {"price": "0.08", "size": "500"}, {"price": "0.14", "size": "200"}, {"price": "0.5", "size": "616"}, {"price": "0.501", "size": "5"}, {"price": "0.957", "size": "13"}, {"price": "0.988", "size": "51.5"}, {"price": "0.991", "size": "153.29"}, {"price": "0.999", "size": "5892.15"}], "asks": [], "event_type": "book", "last_trade_price": "0.010"}, {"market": "0x0cb94793a52a65ec1a35fdc1ddef92beb132cbb6a49af16b27c3cb57eb646bea", "asset_id": "50072367450510791084290688299789316477060217708687796984143605323224744871176", "timestamp": "1769383784779", "hash": "d669f3c804af28ae3bed02153f30bbdb93ce5fd1", "bids": [], "asks": [{"price": "0.999", "size": "4983"}, {"price": "0.998", "size": "250"}, {"price": "0.99", "size": "1673"}, {"price": "0.98", "size": "1400"}, {"price": "0.97", "size": "600"}, {"price": "0.95", "size": "30"}, {"price": "0.92", "size": "500"}, {"price": "0.86", "size": "200"}, {"price": "0.859", "size": "14"}, {"price": "0.01", "size": "129"}, {"price": "0.009", "size": "193.98"}, {"price": "0.008", "size": "18.5"}, {"price": "0.001", "size": "5910.11"}], "event_type": "book", "last_trade_price": ""}, {"market": "0x5f91e5f8315ece28551c5fc148da5a1be195c2971229765714f217bc65b6dd37", "asset_id": "55524315710472933169212119035809286785875371062798494964123235690823124427085", "timestamp": "1769384061218", "hash": "8367ab2c718c61d883568acf065a8aad80888ece", "bids": [], "asks": [{"price": "0.999", "size": "4849"}, {"price": "0.998", "size": "250"}, {"price": "0.99", "size": "1673"}, {"price": "0.98", "size": "1400"}, {"price": "0.97", "size": "600"}, {"price": "0.95", "size": "30"}, {"price": "0.92", "size": "500"}, {"price": "0.86", "size": "200"}, {"price": "0.5", "size": "100"}, {"price": "0.499", "size": "5"}, {"price": "0.13", "size": "7.51"}, {"price": "0.021", "size": "41"}, {"price": "0.013", "size": "100.4"}, {"price": "0.005", "size": "285"}, {"price": "0.001", "size": "5929.2"}], "event_type": "book", "last_trade_price": "0.002"}, {"market": "0x793f39496cf477074433bbdbaad4936b944566e60b956c8cd9794540046d69ad", "asset_id": "115700797368591447001187103154628487062200813983834606948465551676373241053927", "timestamp": "1769384025558", "hash": "4f6408003fb968668b92167de56776ba3f5ac4ee", "bids": [], "asks": [{"price": "0.999", "size": "8483"}, {"price": "0.997", "size": "166"}, {"price": "0.994", "size": "83"}, {"price": "0.99", "size": "1673"}, {"price": "0.98", "size": "1400"}, {"price": "0.97", "size": "600"}, {"price": "0.95", "size": "30"}, {"price": "0.949", "size": "39"}, {"price": "0.939", "size": "32"}, {"price": "0.92", "size": "500"}, {"price": "0.86", "size": "200"}, {"price": "0.849", "size": "8.66"}, {"price": "0.848", "size": "13"}, {"price": "0.013", "size": "122.79"}, {"price": "0.012", "size": "30"}, {"price": "0.005", "size": "72"}, {"price": "0.001", "size": "11228.83"}], "event_type": "book", "last_trade_price": "0.001"}, {"market": "0x0d6a76b434e45550240a012bb22d47239ead17b046c3227422db7e91557240ee", "asset_id": "55191278225684156410249111134571247366674586899112298004631845350579150785486", "timestamp": "1769384322002", "hash": "994e4c5f064932deafbfb1c61ce3e320dcbb8040", "bids": [], "asks": [{"price": "0.999", "size": "3349"}, {"price": "0.998", "size": "250"}, {"price": "0.997", "size": "166"}, {"price": "0.994", "size": "83"}, {"price": "0.99", "size": "1673"}, {"price": "0.98", "size": "1400"}, {"price": "0.97", "size": "600"}, {"price": "0.95", "size": "30"}, {"price": "0.949", "size": "39"}, {"price": "0.92", "size": "500"}, {"price": "0.86", "size": "200"}, {"price": "0.859", "size": "14"}, {"price": "0.025", "size": "59.98"}, {"price": "0.018", "size": "130.41"}, {"price": "0.01", "size": "536.88"}, {"price": "0.001", "size": "10892.15"}], "event_type": "book", "last_trade_price": "0.004"}, {"market": "0x415e4ffc0718e43273329416184b5f5ad9cef12e39f4b45ec029b828e4511255", "asset_id": "37850249219129170632656409159548970159892550021792123106727734318254571035492", "timestamp": "1769384321875", "hash": "692cba5b3b280f382d1b92f6880b68b135709a4f", "bids": [], "asks": [{"price": "0.999", "size": "4860.93"}, {"price": "0.998", "size": "250"}, {"price": "0.99", "size": "1673"}, {"price": "0.98", "size": "1400"}, {"price": "0.97", "size": "600"}, {"price": "0.95", "size": "30"}, {"price": "0.92", "size": "500"}, {"price": "0.86", "size": "200"}, {"price": "0.859", "size": "14"}, {"price": "0.009", "size": "4625.85"}, {"price": "0.008", "size": "4074.5"}, {"price": "0.007", "size": "12.85"}, {"price": "0.005", "size": "96"}, {"price": "0.004", "size": "112.03"}], "event_type": "book", "last_trade_price": "0.001"}, {"market": "0x86f1ba283617c0f9385fd8e8ee1608e5de2de6a6d2de944dc135b3d5f1fa8cb2", "asset_id": "30275119091374543839023300165465799403268233879258102399233169729879995891400", "timestamp": "1769384061222", "hash": "7eec0bcb8bbd3dc0b28307727fb3ff3113483ebd", "bids": [], "asks": [{"price": "0.999", "size": "4849"}, {"price": "0.998", "size": "250"}, {"price": "0.99", "size": "1673"}, {"price": "0.98", "size": "1400"}, {"price": "0.97", "size": "600"}, {"price": "0.95", "size": "30"}, {"price": "0.92", "size": "500"}, {"price": "0.86", "size": "200"}, {"price": "0.859", "size": "14"}, {"price": "0.5", "size": "61"}, {"price": "0.008", "size": "170"}, {"price": "0.006", "size": "70.53"}, {"price": "0.005", "size": "147.2"}, {"price": "0.001", "size": "5892.15"}], "event_type": "book", "last_trade_price": ""}, {"market": "0x87915ad7e924b82f5f8f8ed2372da0942e4fe36780fac7b271b416fc9375d61b", "asset_id": "40042212913202825053871493189591063850570502681637584546127006249239013695871", "timestamp": "1769383047860", "hash": "e95750dc62bd7e4fac75386fc07a9c8d42df0ec0", "bids": [], "asks": [{"price": "0.999", "size": "4849"}, {"price": "0.99", "size": "1673"}, {"price": "0.98", "size": "1400"}, {"price": "0.97", "size": "600"}, {"price": "0.95", "size": "30"}, {"price": "0.92", "size": "500"}, {"price": "0.86", "size": "200"}, {"price": "0.859", "size": "14"}, {"price": "0.1", "size": "100"}, {"price": "0.097", "size": "16"}, {"price": "0.012", "size": "38.56"}, {"price": "0.011", "size": "23.2"}, {"price": "0.005", "size": "57"}, {"price": "0.001", "size": "10892.15"}], "event_type": "book", "last_trade_price": ""}, {"market": "0x6a8b25718cb939225313ad400091e62474a6b114baeda53c3881445c46adffaf", "asset_id": "11813172257046320663995980556232978626545081848899906252347459457332560168631", "timestamp": "1769383067677", "hash": "be52949fb6b13de6ca02884cb727afcba0b0d41f", "bids": [], "asks": [{"price": "0.999", "size": "8349"}, {"price": "0.997", "size": "166"}, {"price": "0.994", "size": "83"}, {"price": "0.99", "size": "1673"}, {"price": "0.98", "size": "1400"}, {"price": "0.97", "size": "600"}, {"price": "0.95", "size": "30"}, {"price": "0.949", "size": "39"}, {"price": "0.939", "size": "32"}, {"price": "0.92", "size": "500"}, {"price": "0.86", "size": "200"}, {"price": "0.859", "size": "14"}, {"price": "0.012", "size": "59.99"}, {"price": "0.01", "size": "248.5"}, {"price": "0.009", "size": "20.2"}, {"price": "0.001", "size": "5892.15"}], "event_type": "book", "last_trade_price": ""}, {"market": "0x8500316ba655c53a808e383227009d81f9178c649d63d7be59c5b4ed5ad450d1", "asset_id": "38670649991877998462946328059464228988314264333843899065115029148216041880908", "timestamp": "1769384347381", "hash": "62e299aa9f18d9b97baac5162b1a37b246e5945e", "bids": [], "asks": [{"price": "0.999", "size": "4839"}, {"price": "0.99", "size": "1673"}, {"price": "0.98", "size": "1400"}, {"price": "0.97", "size": "600"}, {"price": "0.95", "size": "30"}, {"price": "0.92", "size": "500"}, {"price": "0.86", "size": "200"}, {"price": "0.859", "size": "14"}, {"price": "0.216", "size": "119.98"}, {"price": "0.214", "size": "16"}, {"price": "0.213", "size": "16.66"}, {"price": "0.212", "size": "16.66"}, {"price": "0.005", "size": "75"}, {"price": "0.001", "size": "5916.93"}], "event_type": "book", "last_trade_price": ""}, {"market": "0x122ed8c6e4b30e94ce4bc6c2f80e96b6519c521b566b051bc80bb4e3b9c0e393", "asset_id": "24799867324534297928760972383029443197045152242050495021373948863884298251162", "timestamp": "1769384061222", "hash": "96ee76c6398e61d468df04b870e8a44242ef4c57", "bids": [], "asks": [{"price": "0.999", "size": "3349"}, {"price": "0.998", "size": "250"}, {"price": "0.997", "size": "166"}, {"price": "0.994", "size": "83"}, {"price": "0.99", "size": "1673"}, {"price": "0.98", "size": "1400"}, {"price": "0.97", "size": "600"}, {"price": "0.95", "size": "30"}, {"price": "0.92", "size": "400"}, {"price": "0.859", "size": "604"}, {"price": "0.858", "size": "21"}, {"price": "0.101", "size": "5"}, {"price": "0.1", "size": "7.5"}, {"price": "0.094", "size": "88"}, {"price": "0.093", "size": "112.5"}, {"price": "0.092", "size": "50"}, {"price": "0.069", "size": "30"}, {"price": "0.019", "size": "10"}, {"price": "0.018", "size": "10"}, {"price": "0.017", "size": "15"}], "event_type": "book", "last_trade_price": "0.016"}, {"market": "0xe7037c23b3bc4b08f8320ec3bcabdab8bf2408ddc13e6ced1c31bfa984eaafc3", "asset_id": "36466207084805629680486644317046029965489357695604691912061330347043447558629", "timestamp": "1769384464578", "hash": "88d79ff3cabd3308fde43e5a65a72e7b6c929378", "bids": [{"price": "0.001", "size": "4983"}, {"price": "0.002", "size": "250"}, {"price": "0.01", "size": "1673"}, {"price": "0.02", "size": "1000"}, {"price": "0.021", "size": "2403.12"}, {"price": "0.03", "size": "600"}, {"price": "0.05", "size": "30"}, {"price": "0.051", "size": "45"}, {"price": "0.08", "size": "500"}, {"price": "0.14", "size": "200"}, {"price": "0.141", "size": "14"}, {"price": "0.142", "size": "21"}, {"price": "0.8", "size": "34.48"}, {"price": "0.801", "size": "103.43"}, {"price": "0.884", "size": "5"}, {"price": "0.885", "size": "22.5"}, {"price": "0.941", "size": "48"}, {"price": "0.942", "size": "30"}, {"price": "0.943", "size": "49.5"}, {"price": "0.944", "size": "26.67"}, {"price": "0.945", "size": "16.5"}, {"price": "0.949", "size": "75"}, {"price": "0.95", "size": "30"}, {"price": "0.951", "size": "50"}, {"price": "0.979", "size": "23.85"}, {"price": "0.98", "size": "35.77"}], "asks": [], "event_type": "book", "last_trade_price": "0.999"}, {"market": "0x7ed17e939558fd82798dc41c8e7000fdeb6e40cb23ad91ed1b3d6da70fcfa63b", "asset_id": "71538434574605673171110680651552028476557200283922424691572218324695302209680", "timestamp": "1769383066565", "hash": "9d8fb1d96e00565cb5ba75832524f0f0955f90c9", "bids": [{"price": "0.001", "size": "8483"}, {"price": "0.003", "size": "166"}, {"price": "0.006", "size": "83"}, {"price": "0.01", "size": "1673"}, {"price": "0.02", "size": "1400"}, {"price": "0.03", "size": "600"}, {"price": "0.05", "size": "30"}, {"price": "0.051", "size": "39"}, {"price": "0.08", "size": "500"}, {"price": "0.14", "size": "200"}, {"price": "0.251", "size": "16"}, {"price": "0.252", "size": "16.66"}, {"price": "0.253", "size": "23.66"}, {"price": "0.987", "size": "99.98"}, {"price": "0.999", "size": "6492.15"}], "asks": [], "event_type": "book", "last_trade_price": ""}, {"market": "0x19bf29a007bf6e607f0faee0dfa225b3b3c36526e28a3f2bd46837ae7c989627", "asset_id": "66234456879009692858096808025909990152227255009842767011554982995843860041803", "timestamp": "1769383058388", "hash": "d4d48f7942a8d8a69adb90e79eecfe448ffeb000", "bids": [], "asks": [{"price": "0.999", "size": "4983"}, {"price": "0.998", "size": "250"}, {"price": "0.99", "size": "1673"}, {"price": "0.98", "size": "1400"}, {"price": "0.97", "size": "600"}, {"price": "0.95", "size": "30"}, {"price": "0.92", "size": "500"}, {"price": "0.86", "size": "200"}, {"price": "0.577", "size": "5"}, {"price": "0.016", "size": "199.96"}, {"price": "0.005", "size": "32"}, {"price": "0.001", "size": "10628.83"}], "event_type": "book", "last_trade_price": ""}, {"market": "0x793f39496cf477074433bbdbaad4936b944566e60b956c8cd9794540046d69ad", "asset_id": "98794959863805278227294245642764616382854832140341127281449483107744781383294", "timestamp": "1769384025558", "hash": "ef64ba2cf640f52c1c9453fd35c372976908c385", "bids": [{"price": "0.001", "size": "8483"}, {"price": "0.003", "size": "166"}, {"price": "0.006", "size": "83"}, {"price": "0.01", "size": "1673"}, {"price": "0.02", "size": "1400"}, {"price": "0.03", "size": "600"}, {"price": "0.05", "size": "30"}, {"price": "0.051", "size": "39"}, {"price": "0.061", "size": "32"}, {"price": "0.08", "size": "500"}, {"price": "0.14", "size": "200"}, {"price": "0.151", "size": "8.66"}, {"price": "0.152", "size": "13"}, {"price": "0.987", "size": "122.79"}, {"price": "0.988", "size": "30"}, {"price": "0.995", "size": "72"}, {"price": "0.999", "size": "11228.83"}], "asks": [], "event_type": "book", "last_trade_price": "0.001"}, {"market": "0x86f1ba283617c0f9385fd8e8ee1608e5de2de6a6d2de944dc135b3d5f1fa8cb2", "asset_id": "30900202440542762956607480222041335704706507849059505539805768751737392189874", "timestamp": "1769384061222", "hash": "7865b9a41fdae5a707d53420a7f498311c0774b7", "bids": [{"price": "0.001", "size": "4849"}, {"price": "0.002", "size": "250"}, {"price": "0.01", "size": "1673"}, {"price": "0.02", "size": "1400"}, {"price": "0.03", "size": "600"}, {"price": "0.05", "size": "30"}, {"price": "0.08", "size": "500"}, {"price": "0.14", "size": "200"}, {"price": "0.141", "size": "14"}, {"price": "0.5", "size": "61"}, {"price": "0.992", "size": "170"}, {"price": "0.994", "size": "70.53"}, {"price": "0.995", "size": "147.2"}, {"price": "0.999", "size": "5892.15"}], "asks": [], "event_type": "book", "last_trade_price": ""}, {"market": "0x82ae0eb7fb313895daf4306582b1d88546449f91628144a3133145cb94743e87", "asset_id": "2712130055520056285199135316195487833836464546673141544387693694374060679565", "timestamp": "1769383061629", "hash": "57f9c503cd687ab565dc4998a23c8670bd83f984", "bids": [{"price": "0.001", "size": "4764"}, {"price": "0.002", "size": "250"}, {"price": "0.01", "size": "1673"}, {"price": "0.02", "size": "1400"}, {"price": "0.03", "size": "600"}, {"price": "0.05", "size": "30"}, {"price": "0.08", "size": "500"}, {"price": "0.14", "size": "200"}, {"price": "0.141", "size": "14"}, {"price": "0.688", "size": "16.66"}, {"price": "0.981", "size": "199.96"}, {"price": "0.995", "size": "8"}, {"price": "0.998", "size": "36.8"}, {"price": "0.999", "size": "6492.15"}], "asks": [], "event_type": "book", "last_trade_price": ""}, {"market": "0x91f917bc1d15fc18d03c0297c5c0d2345306c3d249a4a4b91bc2158528683d0a", "asset_id": "80938586570905783450961817351883865496438307545451273211448893787539691317615", "timestamp": "1769384061224", "hash": "f5e92fbaee660e1cde7965546f61877563059108", "bids": [], "asks": [{"price": "0.999", "size": "4849"}, {"price": "0.998", "size": "250"}, {"price": "0.99", "size": "1673"}, {"price": "0.98", "size": "1400"}, {"price": "0.97", "size": "600"}, {"price": "0.95", "size": "30"}, {"price": "0.949", "size": "40.31"}, {"price": "0.92", "size": "500"}, {"price": "0.86", "size": "200"}, {"price": "0.5", "size": "700"}, {"price": "0.499", "size": "5"}, {"price": "0.064", "size": "51.7"}, {"price": "0.034", "size": "8.24"}, {"price": "0.033", "size": "24.83"}, {"price": "0.032", "size": "132.99"}, {"price": "0.001", "size": "5063.57"}], "event_type": "book", "last_trade_price": ""}, {"market": "0x4c3d5493e6a7b863b45bb2b40ef3ee1f52556763e3cfff80e3f4e5372bee8e0f", "asset_id": "26746281220866480142144364532244529760224127487355422947121817205988565488986", "timestamp": "1769383044961", "hash": "9cabbb79335003cbad1523ffc764460106417343", "bids": [{"price": "0.001", "size": "3349"}, {"price": "0.003", "size": "166"}, {"price": "0.006", "size": "83"}, {"price": "0.01", "size": "1673"}, {"price": "0.02", "size": "1400"}, {"price": "0.03", "size": "600"}, {"price": "0.05", "size": "30"}, {"price": "0.051", "size": "39"}, {"price": "0.08", "size": "500"}, {"price": "0.14", "size": "200"}, {"price": "0.141", "size": "14"}, {"price": "0.91", "size": "135"}, {"price": "0.978", "size": "14.3"}, {"price": "0.987", "size": "113.98"}, {"price": "0.988", "size": "15.15"}, {"price": "0.995", "size": "61"}, {"price": "0.999", "size": "10892.15"}], "asks": [], "event_type": "book", "last_trade_price": ""}, {"market": "0xaa9f3e80d9f8b4477674e7bec31427783e57a3606b2a975a0586b92ede14e575", "asset_id": "9000468829388475900589545139822743956311941435510084691229997905533539687375", "timestamp": "1769384061222", "hash": "a9e79b9eef53fdec07e68b6424ea066972850845", "bids": [{"price": "0.001", "size": "3349"}, {"price": "0.002", "size": "250"}, {"price": "0.003", "size": "166"}, {"price": "0.006", "size": "83"}, {"price": "0.01", "size": "1673"}, {"price": "0.02", "size": "1400"}, {"price": "0.03", "size": "600"}, {"price": "0.05", "size": "30"}, {"price": "0.051", "size": "39"}, {"price": "0.08", "size": "500"}, {"price": "0.14", "size": "200"}, {"price": "0.141", "size": "14"}, {"price": "0.64", "size": "16"}, {"price": "0.957", "size": "13"}, {"price": "0.991", "size": "48.99"}, {"price": "0.999", "size": "5633.19"}], "asks": [], "event_type": "book", "last_trade_price": "0.001"}, {"market": "0xe7037c23b3bc4b08f8320ec3bcabdab8bf2408ddc13e6ced1c31bfa984eaafc3", "asset_id": "71323586724701114006878112591240637118521817759881447720530871051995401523578", "timestamp": "1769384464578", "hash": "e19aed132bfbfe120dcfdf2fac39a3d36974446e", "bids": [], "asks": [{"price": "0.999", "size": "4983"}, {"price": "0.998", "size": "250"}, {"price": "0.99", "size": "1673"}, {"price": "0.98", "size": "1000"}, {"price": "0.979", "size": "2403.12"}, {"price": "0.97", "size": "600"}, {"price": "0.95", "size": "30"}, {"price": "0.949", "size": "45"}, {"price": "0.92", "size": "500"}, {"price": "0.86", "size": "200"}, {"price": "0.859", "size": "14"}, {"price": "0.858", "size": "21"}, {"price": "0.2", "size": "34.48"}, {"price": "0.199", "size": "103.43"}, {"price": "0.116", "size": "5"}, {"price": "0.115", "size": "22.5"}, {"price": "0.059", "size": "48"}, {"price": "0.058", "size": "30"}, {"price": "0.057", "size": "49.5"}, {"price": "0.056", "size": "26.67"}, {"price": "0.055", "size": "16.5"}, {"price": "0.051", "size": "75"}, {"price": "0.05", "size": "30"}, {"price": "0.049", "size": "50"}, {"price": "0.021", "size": "23.85"}, {"price": "0.02", "size": "35.77"}], "event_type": "book", "last_trade_price": "0.999"}, {"market": "0x56dda766c0cc324d049d3143c3b2f9a2f766c6f6cfb85089f4bd2cb8fb9767f6", "asset_id": "34362779616500511997943215970542761523869985973874999471734604421678173072131", "timestamp": "1769384140065", "hash": "517745ec059fc3919c798f72b8d2ffd490c75a5a", "bids": [], "asks": [{"price": "0.999", "size": "2052"}, {"price": "0.997", "size": "166"}, {"price": "0.99", "size": "617.87"}, {"price": "0.98", "size": "1400"}, {"price": "0.97", "size": "600"}, {"price": "0.95", "size": "50"}, {"price": "0.949", "size": "39"}, {"price": "0.92", "size": "833"}, {"price": "0.86", "size": "333"}, {"price": "0.001", "size": "9466.87"}], "event_type": "book", "last_trade_price": "0.001"}, {"market": "0x62a37f896940ff29a0edb3ee01b8a1ccffd019f2d66c28d2e1e9e635bff41556", "asset_id": "48314487451457154824439488175333600648984131128876312794932645463005504990985", "timestamp": "1769384061226", "hash": "9dde0fbe8daf883c70d108a82835a275c7500dcf", "bids": [], "asks": [{"price": "0.999", "size": "3349"}, {"price": "0.998", "size": "250"}, {"price": "0.997", "size": "166"}, {"price": "0.994", "size": "83"}, {"price": "0.99", "size": "1673"}, {"price": "0.98", "size": "1400"}, {"price": "0.97", "size": "600"}, {"price": "0.95", "size": "30"}, {"price": "0.949", "size": "39"}, {"price": "0.92", "size": "500"}, {"price": "0.86", "size": "200"}, {"price": "0.5", "size": "616"}, {"price": "0.499", "size": "5"}, {"price": "0.043", "size": "13"}, {"price": "0.012", "size": "51.5"}, {"price": "0.009", "size": "153.29"}, {"price": "0.001", "size": "5892.15"}], "event_type": "book", "last_trade_price": "0.010"}, {"market": "0x3edf0644d36f3369bbfc0f0f42a0fa0cc50b45236c9d9c9e80eb092ed43f47fa", "asset_id": "103074853779036079354001360233832045218451427413117282205581230091685765600107", "timestamp": "1769384061226", "hash": "dc52ab3785b7723cb0d998b3319bbfc5ea369e53", "bids": [], "asks": [{"price": "0.999", "size": "4853"}, {"price": "0.998", "size": "250"}, {"price": "0.99", "size": "1673"}, {"price": "0.98", "size": "1400"}, {"price": "0.97", "size": "600"}, {"price": "0.95", "size": "30"}, {"price": "0.92", "size": "500"}, {"price": "0.86", "size": "200"}, {"price": "0.5", "size": "211"}, {"price": "0.499", "size": "5"}, {"price": "0.054", "size": "89.08"}, {"price": "0.044", "size": "13"}, {"price": "0.01", "size": "7.25"}, {"price": "0.005", "size": "137"}, {"price": "0.001", "size": "6011.59"}], "event_type": "book", "last_trade_price": "0.001"}, {"market": "0x9db6eb77b4e145b408187b9ffc51ad08f3add952ec92769a41682ae6363dfa6f", "asset_id": "82141812592116124481005178159433461148997434541029373243021862842342565125668", "timestamp": "1769383842914", "hash": "d308b99bbe022777194ea96cf9aa8115653c5b60", "bids": [{"price": "0.001", "size": "8483"}, {"price": "0.003", "size": "166"}, {"price": "0.006", "size": "83"}, {"price": "0.01", "size": "1673"}, {"price": "0.02", "size": "1400"}, {"price": "0.03", "size": "600"}, {"price": "0.05", "size": "30"}, {"price": "0.051", "size": "39"}, {"price": "0.08", "size": "500"}, {"price": "0.14", "size": "200"}, {"price": "0.141", "size": "14"}, {"price": "0.975", "size": "59.99"}, {"price": "0.99", "size": "221.5"}, {"price": "0.999", "size": "5892.15"}], "asks": [], "event_type": "book", "last_trade_price": ""}, {"market": "0x47ecd077f30ce96efafeef6b55d220a82dbe2785feb17c6162b2f007bdf2e837", "asset_id": "90880593021356308112949071397897869761605968960042038152926071569455773679273", "timestamp": "1769384240598", "hash": "9f2118c58eed877175cb54db505e4b4889810cf8", "bids": [{"price": "0.001", "size": "3349"}, {"price": "0.002", "size": "250"}, {"price": "0.003", "size": "166"}, {"price": "0.006", "size": "83"}, {"price": "0.01", "size": "1673"}, {"price": "0.02", "size": "1400"}, {"price": "0.03", "size": "600"}, {"price": "0.05", "size": "30"}, {"price": "0.051", "size": "39"}, {"price": "0.08", "size": "500"}, {"price": "0.14", "size": "200"}, {"price": "0.141", "size": "14"}, {"price": "0.889", "size": "10"}, {"price": "0.92", "size": "19"}, {"price": "0.968", "size": "35.8"}, {"price": "0.978", "size": "30"}, {"price": "0.979", "size": "82"}, {"price": "0.98", "size": "59.99"}, {"price": "0.999", "size": "10908.64"}], "asks": [], "event_type": "book", "last_trade_price": "0.002"}, {"market": "0x00b414409b27d104dcfa11beb9becb38dd1767f3a2093b4803f96a60784ed470", "asset_id": "65371622773278289019895785928249269900903568193395403513190947230721577393417", "timestamp": "1769384061217", "hash": "a80faa5aa26470cefdbe162f3bd48b3afd23d9a3", "bids": [], "asks": [{"price": "0.999", "size": "5097.99"}, {"price": "0.998", "size": "250"}, {"price": "0.99", "size": "1673"}, {"price": "0.98", "size": "1400"}, {"price": "0.97", "size": "600"}, {"price": "0.95", "size": "30"}, {"price": "0.92", "size": "500"}, {"price": "0.86", "size": "200"}, {"price": "0.5", "size": "800"}, {"price": "0.499", "size": "858.58"}, {"price": "0.497", "size": "13.53"}, {"price": "0.478", "size": "7.5"}, {"price": "0.452", "size": "79.77"}, {"price": "0.45", "size": "37.5"}, {"price": "0.449", "size": "35"}, {"price": "0.016", "size": "9.4"}, {"price": "0.015", "size": "14.09"}, {"price": "0.014", "size": "21.13"}, {"price": "0.009", "size": "46"}, {"price": "0.008", "size": "131.36"}], "event_type": "book", "last_trade_price": "0.998"}, {"market": "0x2707e366792621c962e6c942fc6eab54cfb43f752d111db52f2f81fe4b8794f9", "asset_id": "43400743217320295116860399715572232796778689571210064689696778224607186524064", "timestamp": "1769384404608", "hash": "4bdccd308281f43884666479147d8b949e14bdfa", "bids": [{"price": "0.001", "size": "4849"}, {"price": "0.002", "size": "250"}, {"price": "0.01", "size": "1673"}, {"price": "0.02", "size": "1400"}, {"price": "0.03", "size": "600"}, {"price": "0.05", "size": "30"}, {"price": "0.08", "size": "500"}, {"price": "0.14", "size": "200"}, {"price": "0.141", "size": "14"}, {"price": "0.957", "size": "13"}, {"price": "0.975", "size": "82"}, {"price": "0.995", "size": "291"}, {"price": "0.999", "size": "5910.11"}], "asks": [], "event_type": "book", "last_trade_price": "0.999"}, {"market": "0x3261e7d00b5095fb1c11d211e436ee26ed70c3447a314df8590f317e6cd41388", "asset_id": "81889120556120783394449324208352912463871800594396198551577724607721682220579", "timestamp": "1769384204402", "hash": "553b8c8f34fc4b1042b44234c947d60400bee839", "bids": [{"price": "0.001", "size": "3349"}, {"price": "0.002", "size": "250"}, {"price": "0.003", "size": "166"}, {"price": "0.006", "size": "83"}, {"price": "0.01", "size": "1673"}, {"price": "0.02", "size": "1400"}, {"price": "0.03", "size": "600"}, {"price": "0.05", "size": "30"}, {"price": "0.051", "size": "39"}, {"price": "0.08", "size": "500"}, {"price": "0.14", "size": "200"}, {"price": "0.141", "size": "14"}, {"price": "0.985", "size": "59.99"}, {"price": "0.99", "size": "1324.1"}, {"price": "0.995", "size": "120"}, {"price": "0.999", "size": "5313.52"}], "asks": [], "event_type": "book", "last_trade_price": "0.004"}, {"market": "0x49184568b31de293e2ffeb22ddb9fedff80c4f2e0ce8afd56f4743dcf2288648", "asset_id": "86345683734805448656025135961091424095073745041749578794023356635307233861242", "timestamp": "1769384061221", "hash": "211ae341d3743d4572893a02d837dedbaecaacec", "bids": [{"price": "0.001", "size": "3983"}, {"price": "0.002", "size": "250"}, {"price": "0.01", "size": "1673"}, {"price": "0.02", "size": "1400"}, {"price": "0.03", "size": "600"}, {"price": "0.05", "size": "30"}, {"price": "0.08", "size": "500"}, {"price": "0.14", "size": "200"}, {"price": "0.5", "size": "521"}, {"price": "0.501", "size": "5"}, {"price": "0.957", "size": "13"}, {"price": "0.994", "size": "199.96"}, {"price": "0.995", "size": "126"}, {"price": "0.999", "size": "5892.15"}], "asks": [], "event_type": "book", "last_trade_price": "0.001"}, {"market": "0xe8db85686dd8352cab9e03983d3b213a05b7ff3454cdc7ec9a914eb7cb7428c0", "asset_id": "78347130470527084595593617493455784585316644373702168320745023064161570783116", "timestamp": "1769384061221", "hash": "b8fd5e17e0d7b7e1281455a185cb3bdd9b581e48", "bids": [{"price": "0.001", "size": "4849"}, {"price": "0.002", "size": "250"}, {"price": "0.01", "size": "1673"}, {"price": "0.02", "size": "1400"}, {"price": "0.03", "size": "600"}, {"price": "0.05", "size": "30"}, {"price": "0.08", "size": "500"}, {"price": "0.14", "size": "200"}, {"price": "0.141", "size": "14"}, {"price": "0.244", "size": "16.66"}, {"price": "0.957", "size": "13"}, {"price": "0.995", "size": "107"}, {"price": "0.999", "size": "5910.11"}], "asks": [], "event_type": "book", "last_trade_price": "0.010"}, {"market": "0xb41dc2512ccf35a67de990934116f4fe7d3e8a15f2a3b92a3fc6cb4ce0347a99", "asset_id": "92839165135451276282421968842170422752206228910568002410415495388569608410087", "timestamp": "1769384360643", "hash": "eef17e3b7c280744251a5329e417a029505dd5da", "bids": [], "asks": [{"price": "0.999", "size": "8483"}, {"price": "0.998", "size": "250"}, {"price": "0.997", "size": "166"}, {"price": "0.994", "size": "83"}, {"price": "0.99", "size": "1673"}, {"price": "0.98", "size": "1400"}, {"price": "0.97", "size": "600"}, {"price": "0.95", "size": "30"}, {"price": "0.949", "size": "39"}, {"price": "0.939", "size": "32"}, {"price": "0.92", "size": "500"}, {"price": "0.86", "size": "200"}, {"price": "0.859", "size": "14"}, {"price": "0.121", "size": "5"}, {"price": "0.114", "size": "7.14"}, {"price": "0.1", "size": "25"}, {"price": "0.066", "size": "93.9"}, {"price": "0.06", "size": "36.4"}, {"price": "0.059", "size": "6"}, {"price": "0.049", "size": "57.75"}, {"price": "0.019", "size": "241.05"}, {"price": "0.005", "size": "147"}, {"price": "0.001", "size": "1200.52"}], "event_type": "book", "last_trade_price": "0.001"}, {"market": "0xb41dc2512ccf35a67de990934116f4fe7d3e8a15f2a3b92a3fc6cb4ce0347a99", "asset_id": "45117927113510341519327515865374197187747717970334082604808342509483984810812", "timestamp": "1769384360643", "hash": "b8933b81fe8f3c348e37d1340b8d3cf25b1663fc", "bids": [{"price": "0.001", "size": "8483"}, {"price": "0.002", "size": "250"}, {"price": "0.003", "size": "166"}, {"price": "0.006", "size": "83"}, {"price": "0.01", "size": "1673"}, {"price": "0.02", "size": "1400"}, {"price": "0.03", "size": "600"}, {"price": "0.05", "size": "30"}, {"price": "0.051", "size": "39"}, {"price": "0.061", "size": "32"}, {"price": "0.08", "size": "500"}, {"price": "0.14", "size": "200"}, {"price": "0.141", "size": "14"}, {"price": "0.879", "size": "5"}, {"price": "0.886", "size": "7.14"}, {"price": "0.9", "size": "25"}, {"price": "0.934", "size": "93.9"}, {"price": "0.94", "size": "36.4"}, {"price": "0.941", "size": "6"}, {"price": "0.951", "size": "57.75"}, {"price": "0.981", "size": "241.05"}, {"price": "0.995", "size": "147"}, {"price": "0.999", "size": "1200.52"}], "asks": [], "event_type": "book", "last_trade_price": "0.001"}, {"market": "0x4896175f5a62d7868a9fbf64b8edbe2ead74f771470e47add14c384811850bd3", "asset_id": "103186065752640019988282324376418440303263743247337862173373293890388119080699", "timestamp": "1769384061230", "hash": "e7ab26eccc2f46c61011f4fdf7de777c95bbf534", "bids": [], "asks": [{"price": "0.999", "size": "4849"}, {"price": "0.998", "size": "250"}, {"price": "0.99", "size": "1673"}, {"price": "0.98", "size": "1400"}, {"price": "0.97", "size": "600"}, {"price": "0.95", "size": "30"}, {"price": "0.949", "size": "40.31"}, {"price": "0.92", "size": "500"}, {"price": "0.86", "size": "200"}, {"price": "0.5", "size": "800"}, {"price": "0.477", "size": "16"}, {"price": "0.476", "size": "16.66"}, {"price": "0.475", "size": "5"}, {"price": "0.057", "size": "5.69"}, {"price": "0.056", "size": "33.5"}, {"price": "0.001", "size": "11228.83"}], "event_type": "book", "last_trade_price": "0.999"}, {"market": "0x91f917bc1d15fc18d03c0297c5c0d2345306c3d249a4a4b91bc2158528683d0a", "asset_id": "41148233916878521014718345939196220803259704035200655843416195040994085090438", "timestamp": "1769384061224", "hash": "0117e140e0a9c6cc59c55bbfa14b59d51cbab32f", "bids": [{"price": "0.001", "size": "4849"}, {"price": "0.002", "size": "250"}, {"price": "0.01", "size": "1673"}, {"price": "0.02", "size": "1400"}, {"price": "0.03", "size": "600"}, {"price": "0.05", "size": "30"}, {"price": "0.051", "size": "40.31"}, {"price": "0.08", "size": "500"}, {"price": "0.14", "size": "200"}, {"price": "0.5", "size": "700"}, {"price": "0.501", "size": "5"}, {"price": "0.936", "size": "51.7"}, {"price": "0.966", "size": "8.24"}, {"price": "0.967", "size": "24.83"}, {"price": "0.968", "size": "132.99"}, {"price": "0.999", "size": "5063.57"}], "asks": [], "event_type": "book", "last_trade_price": ""}, {"market": "0x96f27c8017c9bdcbd9b002b7a8830024a3fd73ab6ce293edd14f3e4b4d322319", "asset_id": "46255058185125279542234171386240420816646961411979410883484930919142763664484", "timestamp": "1769383784489", "hash": "f4b334907738e2a42379e8abc023e6a24da51fe7", "bids": [], "asks": [{"price": "0.999", "size": "4983"}, {"price": "0.998", "size": "250"}, {"price": "0.99", "size": "1673"}, {"price": "0.98", "size": "1400"}, {"price": "0.97", "size": "600"}, {"price": "0.95", "size": "30"}, {"price": "0.92", "size": "500"}, {"price": "0.86", "size": "200"}, {"price": "0.859", "size": "9.33"}, {"price": "0.58", "size": "5"}, {"price": "0.563", "size": "50"}, {"price": "0.528", "size": "198.98"}, {"price": "0.527", "size": "5"}, {"price": "0.001", "size": "5910.11"}], "event_type": "book", "last_trade_price": "0.002"}, {"market": "0xcdf697d56940cda1ad7fa49a225ae75389b04a994c16765349d9258405c96faa", "asset_id": "46945369190424287576099416770658167213830106581283043466266945631904310927773", "timestamp": "1769384061227", "hash": "b427817909f2f95210a84d380a974b2383336c9f", "bids": [{"price": "0.001", "size": "3849"}, {"price": "0.01", "size": "1623"}, {"price": "0.02", "size": "1400"}, {"price": "0.03", "size": "600"}, {"price": "0.05", "size": "30"}, {"price": "0.08", "size": "400"}, {"price": "0.14", "size": "433.33"}, {"price": "0.141", "size": "23"}, {"price": "0.995", "size": "125"}, {"price": "0.996", "size": "207.97"}, {"price": "0.999", "size": "5951.31"}], "asks": [], "event_type": "book", "last_trade_price": ""}, {"market": "0x0f448e0ef142e9c30e2806b1ab7e38f96c3c0b9715aa11aa61e00300a362b592", "asset_id": "85320736060605532355019668413576201496467707791411099386130229329673580244488", "timestamp": "1769383784210", "hash": "163c6f0ca95f6ffdffcdf8ac0061721ae248de70", "bids": [{"price": "0.001", "size": "4983"}, {"price": "0.01", "size": "1673"}, {"price": "0.02", "size": "1400"}, {"price": "0.03", "size": "600"}, {"price": "0.05", "size": "30"}, {"price": "0.08", "size": "400"}, {"price": "0.14", "size": "384"}, {"price": "0.141", "size": "14"}, {"price": "0.825", "size": "32.98"}, {"price": "0.995", "size": "50"}, {"price": "0.999", "size": "5910.11"}], "asks": [], "event_type": "book", "last_trade_price": "0.001"}, {"market": "0x0952b32112c82f2841938178bc365ee74be74e589adf8c032c825c0e3e475473", "asset_id": "62227789364996402577384568391650744113834239291881847212688307850626217986200", "timestamp": "1769383059827", "hash": "dffd2c3ac2e6b7e9061743d2aaad6a1da8402816", "bids": [{"price": "0.001", "size": "3849"}, {"price": "0.01", "size": "1673"}, {"price": "0.02", "size": "1400"}, {"price": "0.03", "size": "600"}, {"price": "0.05", "size": "30"}, {"price": "0.08", "size": "500"}, {"price": "0.14", "size": "200"}, {"price": "0.141", "size": "14"}, {"price": "0.91", "size": "132"}, {"price": "0.98", "size": "213.38"}, {"price": "0.999", "size": "5892.15"}], "asks": [], "event_type": "book", "last_trade_price": ""}, {"market": "0x19bf29a007bf6e607f0faee0dfa225b3b3c36526e28a3f2bd46837ae7c989627", "asset_id": "104259783347769014294750768612673457256363880860516331428490397490795310533753", "timestamp": "1769383058388", "hash": "e70be212dfb3b0d406ecb1a40468b7f806357049", "bids": [{"price": "0.001", "size": "4983"}, {"price": "0.002", "size": "250"}, {"price": "0.01", "size": "1673"}, {"price": "0.02", "size": "1400"}, {"price": "0.03", "size": "600"}, {"price": "0.05", "size": "30"}, {"price": "0.08", "size": "500"}, {"price": "0.14", "size": "200"}, {"price": "0.423", "size": "5"}, {"price": "0.984", "size": "199.96"}, {"price": "0.995", "size": "32"}, {"price": "0.999", "size": "10628.83"}], "asks": [], "event_type": "book", "last_trade_price": ""}, {"market": "0x7ed17e939558fd82798dc41c8e7000fdeb6e40cb23ad91ed1b3d6da70fcfa63b", "asset_id": "19587871877719109993529378566775882819588145531521285473578855421157572916357", "timestamp": "1769383066565", "hash": "d58feda7be46a05df78047d7f5f7a5a0c8509c09", "bids": [], "asks": [{"price": "0.999", "size": "8483"}, {"price": "0.997", "size": "166"}, {"price": "0.994", "size": "83"}, {"price": "0.99", "size": "1673"}, {"price": "0.98", "size": "1400"}, {"price": "0.97", "size": "600"}, {"price": "0.95", "size": "30"}, {"price": "0.949", "size": "39"}, {"price": "0.92", "size": "500"}, {"price": "0.86", "size": "200"}, {"price": "0.749", "size": "16"}, {"price": "0.748", "size": "16.66"}, {"price": "0.747", "size": "23.66"}, {"price": "0.013", "size": "99.98"}, {"price": "0.001", "size": "6492.15"}], "event_type": "book", "last_trade_price": ""}, {"market": "0x3edf0644d36f3369bbfc0f0f42a0fa0cc50b45236c9d9c9e80eb092ed43f47fa", "asset_id": "79584496252334401633277512510188868672518120449821559950547607930028492927839", "timestamp": "1769384061226", "hash": "06a48b3277ddcad2ec0d14c62b479c2d0e7cd1d0", "bids": [{"price": "0.001", "size": "4853"}, {"price": "0.002", "size": "250"}, {"price": "0.01", "size": "1673"}, {"price": "0.02", "size": "1400"}, {"price": "0.03", "size": "600"}, {"price": "0.05", "size": "30"}, {"price": "0.08", "size": "500"}, {"price": "0.14", "size": "200"}, {"price": "0.5", "size": "211"}, {"price": "0.501", "size": "5"}, {"price": "0.946", "size": "89.08"}, {"price": "0.956", "size": "13"}, {"price": "0.99", "size": "7.25"}, {"price": "0.995", "size": "137"}, {"price": "0.999", "size": "6011.59"}], "asks": [], "event_type": "book", "last_trade_price": "0.001"}, {"market": "0x24e9e95a093cbb9996eeb6c6b9b36608bcbaf8f8ac4dc1f71ee1d4fbb719d055", "asset_id": "90687384034213687744018123152466698493617459741736539653973233694866673212783", "timestamp": "1769384177979", "hash": "6eb449de8329e0b9cfa914dedb243b6f07997125", "bids": [], "asks": [{"price": "0.999", "size": "3849"}, {"price": "0.99", "size": "1623"}, {"price": "0.98", "size": "1400"}, {"price": "0.97", "size": "600"}, {"price": "0.95", "size": "30"}, {"price": "0.92", "size": "500"}, {"price": "0.86", "size": "200"}, {"price": "0.859", "size": "14"}, {"price": "0.318", "size": "16.66"}, {"price": "0.317", "size": "16.66"}, {"price": "0.008", "size": "2.73"}, {"price": "0.005", "size": "25"}, {"price": "0.001", "size": "5892.15"}], "event_type": "book", "last_trade_price": ""}, {"market": "0x4c3d5493e6a7b863b45bb2b40ef3ee1f52556763e3cfff80e3f4e5372bee8e0f", "asset_id": "75220124986852409189855189568456234473902106961518053937186984281328094787333", "timestamp": "1769383044961", "hash": "c1065f29a9a11dc93e3fc04fde84f2e7eb34f9e1", "bids": [], "asks": [{"price": "0.999", "size": "3349"}, {"price": "0.997", "size": "166"}, {"price": "0.994", "size": "83"}, {"price": "0.99", "size": "1673"}, {"price": "0.98", "size": "1400"}, {"price": "0.97", "size": "600"}, {"price": "0.95", "size": "30"}, {"price": "0.949", "size": "39"}, {"price": "0.92", "size": "500"}, {"price": "0.86", "size": "200"}, {"price": "0.859", "size": "14"}, {"price": "0.09", "size": "135"}, {"price": "0.022", "size": "14.3"}, {"price": "0.013", "size": "113.98"}, {"price": "0.012", "size": "15.15"}, {"price": "0.005", "size": "61"}, {"price": "0.001", "size": "10892.15"}], "event_type": "book", "last_trade_price": ""}, {"market": "0x1c67086576385555cb761a4afad6d2da8e7d2f0b6ca4e8a0fc1da83e70efa599", "asset_id": "52630670700738318904904159947619322632162482988317222327732009102679415683880", "timestamp": "1769383786529", "hash": "f4a6d5940b58d35dd1294d7be4799876379ff51d", "bids": [{"price": "0.001", "size": "8483"}, {"price": "0.003", "size": "166"}, {"price": "0.006", "size": "83"}, {"price": "0.01", "size": "1673"}, {"price": "0.02", "size": "1400"}, {"price": "0.03", "size": "600"}, {"price": "0.05", "size": "30"}, {"price": "0.051", "size": "39"}, {"price": "0.061", "size": "32"}, {"price": "0.08", "size": "500"}, {"price": "0.14", "size": "200"}, {"price": "0.141", "size": "14"}, {"price": "0.953", "size": "59.99"}, {"price": "0.99", "size": "202"}, {"price": "0.991", "size": "20.8"}, {"price": "0.995", "size": "131"}, {"price": "0.999", "size": "5910.11"}], "asks": [], "event_type": "book", "last_trade_price": ""}, {"market": "0x3a6e4952ca4adcd64fcd67fa5a4911bc991cbf89adcbca3fcecb451899c22037", "asset_id": "18010582303737220800601761704475900923052504644785674952014648913077099997888", "timestamp": "1769383068547", "hash": "24cf9de92de2e2d8097c027085c2d830a5cd618a", "bids": [{"price": "0.001", "size": "3349"}, {"price": "0.003", "size": "166"}, {"price": "0.006", "size": "83"}, {"price": "0.01", "size": "1673"}, {"price": "0.02", "size": "1400"}, {"price": "0.03", "size": "600"}, {"price": "0.05", "size": "30"}, {"price": "0.051", "size": "39"}, {"price": "0.08", "size": "500"}, {"price": "0.14", "size": "200"}, {"price": "0.141", "size": "14"}, {"price": "0.985", "size": "59.99"}, {"price": "0.99", "size": "222.5"}, {"price": "0.999", "size": "5892.15"}], "asks": [], "event_type": "book", "last_trade_price": ""}, {"market": "0x9db6eb77b4e145b408187b9ffc51ad08f3add952ec92769a41682ae6363dfa6f", "asset_id": "52699666774779474139226338255304936225311076084823849621612650403555243892556", "timestamp": "1769383842914", "hash": "61635c0c51231f78a66906d0ca2a389ace78634f", "bids": [], "asks": [{"price": "0.999", "size": "8483"}, {"price": "0.997", "size": "166"}, {"price": "0.994", "size": "83"}, {"price": "0.99", "size": "1673"}, {"price": "0.98", "size": "1400"}, {"price": "0.97", "size": "600"}, {"price": "0.95", "size": "30"}, {"price": "0.949", "size": "39"}, {"price": "0.92", "size": "500"}, {"price": "0.86", "size": "200"}, {"price": "0.859", "size": "14"}, {"price": "0.025", "size": "59.99"}, {"price": "0.01", "size": "221.5"}, {"price": "0.001", "size": "5892.15"}], "event_type": "book", "last_trade_price": ""}, {"market": "0x49184568b31de293e2ffeb22ddb9fedff80c4f2e0ce8afd56f4743dcf2288648", "asset_id": "7917649513129217282357479923609284837291807118193306322473079973554420741995", "timestamp": "1769384061221", "hash": "191ee5fe8e7b20683a99d76c2cfa8f464ed651e6", "bids": [], "asks": [{"price": "0.999", "size": "3983"}, {"price": "0.998", "size": "250"}, {"price": "0.99", "size": "1673"}, {"price": "0.98", "size": "1400"}, {"price": "0.97", "size": "600"}, {"price": "0.95", "size": "30"}, {"price": "0.92", "size": "500"}, {"price": "0.86", "size": "200"}, {"price": "0.5", "size": "521"}, {"price": "0.499", "size": "5"}, {"price": "0.043", "size": "13"}, {"price": "0.006", "size": "199.96"}, {"price": "0.005", "size": "126"}, {"price": "0.001", "size": "5892.15"}], "event_type": "book", "last_trade_price": "0.001"}, {"market": "0xf5b2d6498a639441517b864e029d1fa1817bb1d4d692112b0ed6373dcee2f6a5", "asset_id": "81697145225431249950218080418755289885479144433028889780543587361150686919686", "timestamp": "1769384134496", "hash": "15689d0defc936632a80ef731a5d7676d3caa253", "bids": [{"price": "0.001", "size": "4849"}, {"price": "0.002", "size": "250"}, {"price": "0.01", "size": "1673"}, {"price": "0.02", "size": "1400"}, {"price": "0.03", "size": "600"}, {"price": "0.05", "size": "30"}, {"price": "0.08", "size": "500"}, {"price": "0.14", "size": "200"}, {"price": "0.5", "size": "492"}, {"price": "0.501", "size": "5"}, {"price": "0.899", "size": "9.89"}, {"price": "0.99", "size": "143"}, {"price": "0.991", "size": "111.2"}, {"price": "0.992", "size": "73.92"}, {"price": "0.999", "size": "5908.64"}], "asks": [], "event_type": "book", "last_trade_price": "0.008"}, {"market": "0x29d86530e695aafb1774ae928742ce703878f9da9ed0676629b28fad59432794", "asset_id": "49863599153859665271355881474108626698894472696325473612294755882496282418535", "timestamp": "1769384303548", "hash": "ad23fe082caa29104a59a099e2ddb4ce8031fef2", "bids": [], "asks": [{"price": "0.999", "size": "4849"}, {"price": "0.998", "size": "250"}, {"price": "0.99", "size": "1673"}, {"price": "0.98", "size": "1400"}, {"price": "0.97", "size": "600"}, {"price": "0.95", "size": "30"}, {"price": "0.92", "size": "500"}, {"price": "0.919", "size": "24"}, {"price": "0.86", "size": "200"}, {"price": "0.131", "size": "5"}, {"price": "0.126", "size": "8.52"}, {"price": "0.021", "size": "82"}, {"price": "0.001", "size": "5974.1"}], "event_type": "book", "last_trade_price": "0.001"}, {"market": "0x466d88f7685d8c2d226e94b548668ef3dc13c630d06441054ffde2d4e80b05ae", "asset_id": "92233834726107608553886150601889591710795914953383361871805563674179899396976", "timestamp": "1769384061230", "hash": "19fe09f14131ebb73ef5076458558fbb49b6d239", "bids": [], "asks": [{"price": "0.999", "size": "6349"}, {"price": "0.998", "size": "250"}, {"price": "0.997", "size": "166"}, {"price": "0.99", "size": "1673"}, {"price": "0.98", "size": "1400"}, {"price": "0.97", "size": "600"}, {"price": "0.95", "size": "30"}, {"price": "0.92", "size": "400"}, {"price": "0.856", "size": "1166.02"}, {"price": "0.5", "size": "637"}, {"price": "0.499", "size": "5"}, {"price": "0.053", "size": "51"}, {"price": "0.012", "size": "113.81"}, {"price": "0.001", "size": "1332.15"}], "event_type": "book", "last_trade_price": "0.001"}, {"market": "0x415e4ffc0718e43273329416184b5f5ad9cef12e39f4b45ec029b828e4511255", "asset_id": "8924131690539776909778392338138891499631628549771328482599100200296197113313", "timestamp": "1769384321875", "hash": "ef69b9a2aeefe0285d74f4131bab986d5db4d037", "bids": [{"price": "0.001", "size": "4860.93"}, {"price": "0.002", "size": "250"}, {"price": "0.01", "size": "1673"}, {"price": "0.02", "size": "1400"}, {"price": "0.03", "size": "600"}, {"price": "0.05", "size": "30"}, {"price": "0.08", "size": "500"}, {"price": "0.14", "size": "200"}, {"price": "0.141", "size": "14"}, {"price": "0.991", "size": "4625.85"}, {"price": "0.992", "size": "4074.5"}, {"price": "0.993", "size": "12.85"}, {"price": "0.995", "size": "96"}, {"price": "0.996", "size": "112.03"}], "asks": [], "event_type": "book", "last_trade_price": "0.001"}, {"market": "0x3a6e4952ca4adcd64fcd67fa5a4911bc991cbf89adcbca3fcecb451899c22037", "asset_id": "15915802961668705835098359703567135276560332346662374321862997288317229810789", "timestamp": "1769383068547", "hash": "48541f3dd87c497bea2f1b243253e2f72c1d5236", "bids": [], "asks": [{"price": "0.999", "size": "3349"}, {"price": "0.997", "size": "166"}, {"price": "0.994", "size": "83"}, {"price": "0.99", "size": "1673"}, {"price": "0.98", "size": "1400"}, {"price": "0.97", "size": "600"}, {"price": "0.95", "size": "30"}, {"price": "0.949", "size": "39"}, {"price": "0.92", "size": "500"}, {"price": "0.86", "size": "200"}, {"price": "0.859", "size": "14"}, {"price": "0.015", "size": "59.99"}, {"price": "0.01", "size": "222.5"}, {"price": "0.001", "size": "5892.15"}], "event_type": "book", "last_trade_price": ""}, {"market": "0x2ff0afa74a699f1a6a4871f12c02bdb5ae1b9cf2b024c351bc509e918a0c99e5", "asset_id": "97527685697895506043002980718553315828719029032567367331759571986874215899572", "timestamp": "1769384061219", "hash": "173baa3eb66b13a03f9f093d05696cabedf6b2d4", "bids": [], "asks": [{"price": "0.999", "size": "3349"}, {"price": "0.997", "size": "166"}, {"price": "0.994", "size": "83"}, {"price": "0.99", "size": "1673"}, {"price": "0.98", "size": "1400"}, {"price": "0.97", "size": "600"}, {"price": "0.95", "size": "30"}, {"price": "0.949", "size": "39"}, {"price": "0.948", "size": "40.31"}, {"price": "0.92", "size": "500"}, {"price": "0.86", "size": "200"}, {"price": "0.6", "size": "200"}, {"price": "0.5", "size": "600"}, {"price": "0.499", "size": "5"}, {"price": "0.224", "size": "37"}, {"price": "0.223", "size": "22"}, {"price": "0.185", "size": "98.99"}, {"price": "0.001", "size": "6492.15"}], "event_type": "book", "last_trade_price": ""}, {"market": "0x19928de962fa42be6dfae34e44bf04366a81904963ac5b7a4379284a70f5e6fa", "asset_id": "4583085845603840956257247310046823746784639615161643805621257728483610593693", "timestamp": "1769383079232", "hash": "e7a96ea4c782aa0b2bfb295b397f8030aed9f4c9", "bids": [{"price": "0.001", "size": "3349"}, {"price": "0.002", "size": "250"}, {"price": "0.003", "size": "166"}, {"price": "0.006", "size": "83"}, {"price": "0.01", "size": "1673"}, {"price": "0.02", "size": "1400"}, {"price": "0.03", "size": "600"}, {"price": "0.05", "size": "30"}, {"price": "0.051", "size": "39"}, {"price": "0.08", "size": "400"}, {"price": "0.14", "size": "358"}, {"price": "0.168", "size": "18"}, {"price": "0.982", "size": "40.26"}, {"price": "0.999", "size": "5892.15"}], "asks": [], "event_type": "book", "last_trade_price": "0.001"}, {"market": "0x24e9e95a093cbb9996eeb6c6b9b36608bcbaf8f8ac4dc1f71ee1d4fbb719d055", "asset_id": "56010351729819089255162595273229198002797878593017435748416150127933198383583", "timestamp": "1769384177979", "hash": "ec423cd467c3f70eb62a2001e14d318e4683a1c3", "bids": [{"price": "0.001", "size": "3849"}, {"price": "0.01", "size": "1623"}, {"price": "0.02", "size": "1400"}, {"price": "0.03", "size": "600"}, {"price": "0.05", "size": "30"}, {"price": "0.08", "size": "500"}, {"price": "0.14", "size": "200"}, {"price": "0.141", "size": "14"}, {"price": "0.682", "size": "16.66"}, {"price": "0.683", "size": "16.66"}, {"price": "0.992", "size": "2.73"}, {"price": "0.995", "size": "25"}, {"price": "0.999", "size": "5892.15"}], "asks": [], "event_type": "book", "last_trade_price": ""}, {"market": "0x549ab85d5c40d56b3264dd6dd0f38fa12795fa4023bdacbb1c4cfac2015cdb74", "asset_id": "24397530334733514915808319032080797641473437276164458596174210392655274085926", "timestamp": "1769384061227", "hash": "fd54626970079d7c8be2090acc666651d942685e", "bids": [{"price": "0.001", "size": "4849"}, {"price": "0.002", "size": "250"}, {"price": "0.01", "size": "1673"}, {"price": "0.02", "size": "1400"}, {"price": "0.03", "size": "600"}, {"price": "0.05", "size": "30"}, {"price": "0.08", "size": "500"}, {"price": "0.14", "size": "200"}, {"price": "0.5", "size": "486"}, {"price": "0.501", "size": "5"}, {"price": "0.957", "size": "13"}, {"price": "0.992", "size": "181.81"}, {"price": "0.995", "size": "51.1"}, {"price": "0.999", "size": "6492.15"}], "asks": [], "event_type": "book", "last_trade_price": "0.005"}, {"market": "0x19928de962fa42be6dfae34e44bf04366a81904963ac5b7a4379284a70f5e6fa", "asset_id": "111522564641878284625974325002165101894117366082941681071658207767467413675315", "timestamp": "1769383079232", "hash": "716a00ddadc32f0380d5f91e6ec5f8e937894bb1", "bids": [], "asks": [{"price": "0.999", "size": "3349"}, {"price": "0.998", "size": "250"}, {"price": "0.997", "size": "166"}, {"price": "0.994", "size": "83"}, {"price": "0.99", "size": "1673"}, {"price": "0.98", "size": "1400"}, {"price": "0.97", "size": "600"}, {"price": "0.95", "size": "30"}, {"price": "0.949", "size": "39"}, {"price": "0.92", "size": "400"}, {"price": "0.86", "size": "358"}, {"price": "0.832", "size": "18"}, {"price": "0.018", "size": "40.26"}, {"price": "0.001", "size": "5892.15"}], "event_type": "book", "last_trade_price": "0.001"}, {"market": "0x244b18f9cf2a7c51235632069eebafbd97207ff406eca71e955be560e498d80e", "asset_id": "40258454311141479379962378622491098667196068537468728808680027815634849722175", "timestamp": "1769384061227", "hash": "b5e4ca7ccb3714d3f8a6477f87f6ad07b7dfbfa6", "bids": [{"price": "0.001", "size": "3983"}, {"price": "0.002", "size": "250"}, {"price": "0.01", "size": "1673"}, {"price": "0.02", "size": "1400"}, {"price": "0.03", "size": "600"}, {"price": "0.05", "size": "30"}, {"price": "0.08", "size": "500"}, {"price": "0.14", "size": "200"}, {"price": "0.5", "size": "429"}, {"price": "0.501", "size": "5"}, {"price": "0.99", "size": "63.28"}, {"price": "0.993", "size": "119.98"}, {"price": "0.994", "size": "80"}, {"price": "0.995", "size": "126"}, {"price": "0.999", "size": "5910.11"}], "asks": [], "event_type": "book", "last_trade_price": "0.010"}, {"market": "0x1dd376919a2216f7c8781d1cc110c54dccf839896634280b9c07193018f8a3be", "asset_id": "19260381030336994595198123563222028589089605489042087433666013699607950039126", "timestamp": "1769383064148", "hash": "fa5ac1a777de6391575df6565376d3d153f07e78", "bids": [{"price": "0.001", "size": "3983"}, {"price": "0.01", "size": "1673"}, {"price": "0.02", "size": "1400"}, {"price": "0.03", "size": "600"}, {"price": "0.05", "size": "30"}, {"price": "0.08", "size": "500"}, {"price": "0.14", "size": "200"}, {"price": "0.406", "size": "5"}, {"price": "0.99", "size": "134"}, {"price": "0.994", "size": "187.88"}, {"price": "0.995", "size": "24"}, {"price": "0.999", "size": "6492.15"}], "asks": [], "event_type": "book", "last_trade_price": ""}, {"market": "0x8500316ba655c53a808e383227009d81f9178c649d63d7be59c5b4ed5ad450d1", "asset_id": "90669156944491508746181473693548538539624958012896955516014013463322461942391", "timestamp": "1769384347381", "hash": "e8d3e2b693cc9828c23ed9af5ed329bb47097632", "bids": [{"price": "0.001", "size": "4839"}, {"price": "0.01", "size": "1673"}, {"price": "0.02", "size": "1400"}, {"price": "0.03", "size": "600"}, {"price": "0.05", "size": "30"}, {"price": "0.08", "size": "500"}, {"price": "0.14", "size": "200"}, {"price": "0.141", "size": "14"}, {"price": "0.784", "size": "119.98"}, {"price": "0.786", "size": "16"}, {"price": "0.787", "size": "16.66"}, {"price": "0.788", "size": "16.66"}, {"price": "0.995", "size": "75"}, {"price": "0.999", "size": "5916.93"}], "asks": [], "event_type": "book", "last_trade_price": ""}, {"market": "0x56dda766c0cc324d049d3143c3b2f9a2f766c6f6cfb85089f4bd2cb8fb9767f6", "asset_id": "92272785958580115831694740733434334832159832878797186435508539370188550614778", "timestamp": "1769384140065", "hash": "445b915245bd88e23b47a9d80b08725f66de1919", "bids": [{"price": "0.001", "size": "2052"}, {"price": "0.003", "size": "166"}, {"price": "0.01", "size": "617.87"}, {"price": "0.02", "size": "1400"}, {"price": "0.03", "size": "600"}, {"price": "0.05", "size": "50"}, {"price": "0.051", "size": "39"}, {"price": "0.08", "size": "833"}, {"price": "0.14", "size": "333"}, {"price": "0.999", "size": "9466.87"}], "asks": [], "event_type": "book", "last_trade_price": "0.001"}, {"market": "0x6a8b25718cb939225313ad400091e62474a6b114baeda53c3881445c46adffaf", "asset_id": "53934807425146784436250759216063373081921088987915860039672062939860278019092", "timestamp": "1769383067677", "hash": "52c49876064fd8f5413e05b0cc081d6fee02c2d1", "bids": [{"price": "0.001", "size": "8349"}, {"price": "0.003", "size": "166"}, {"price": "0.006", "size": "83"}, {"price": "0.01", "size": "1673"}, {"price": "0.02", "size": "1400"}, {"price": "0.03", "size": "600"}, {"price": "0.05", "size": "30"}, {"price": "0.051", "size": "39"}, {"price": "0.061", "size": "32"}, {"price": "0.08", "size": "500"}, {"price": "0.14", "size": "200"}, {"price": "0.141", "size": "14"}, {"price": "0.988", "size": "59.99"}, {"price": "0.99", "size": "248.5"}, {"price": "0.991", "size": "20.2"}, {"price": "0.999", "size": "5892.15"}], "asks": [], "event_type": "book", "last_trade_price": ""}, {"market": "0x04235f756e316614bc6fa0fcef6e2111069e169c25be6b50b01d78a6e308c93c", "asset_id": "53914219484916140963399805310915795076043111629583240116031184510762212215458", "timestamp": "1769384033521", "hash": "441648ce5d9ecd6836ae66c1cba744d99496ee67", "bids": [{"price": "0.001", "size": "3972"}, {"price": "0.01", "size": "1673"}, {"price": "0.02", "size": "1400"}, {"price": "0.03", "size": "600"}, {"price": "0.05", "size": "30"}, {"price": "0.08", "size": "500"}, {"price": "0.14", "size": "200"}, {"price": "0.141", "size": "14"}, {"price": "0.99", "size": "130"}, {"price": "0.994", "size": "209.58"}, {"price": "0.995", "size": "32"}, {"price": "0.999", "size": "5910.11"}], "asks": [], "event_type": "book", "last_trade_price": ""}, {"market": "0x0f448e0ef142e9c30e2806b1ab7e38f96c3c0b9715aa11aa61e00300a362b592", "asset_id": "35060793816937046393402670116618727566082146364279375646779567156705350606350", "timestamp": "1769383784210", "hash": "27e77b30471efefd08b1c3ee4802b4944e574626", "bids": [], "asks": [{"price": "0.999", "size": "4983"}, {"price": "0.99", "size": "1673"}, {"price": "0.98", "size": "1400"}, {"price": "0.97", "size": "600"}, {"price": "0.95", "size": "30"}, {"price": "0.92", "size": "400"}, {"price": "0.86", "size": "384"}, {"price": "0.859", "size": "14"}, {"price": "0.175", "size": "32.98"}, {"price": "0.005", "size": "50"}, {"price": "0.001", "size": "5910.11"}], "event_type": "book", "last_trade_price": "0.001"}, {"market": "0x82ae0eb7fb313895daf4306582b1d88546449f91628144a3133145cb94743e87", "asset_id": "18647379954525845864894544345454114832767118367617294673887652160051034145717", "timestamp": "1769383061629", "hash": "350dea044e2830d24e4918d694ccc37c0c50271a", "bids": [], "asks": [{"price": "0.999", "size": "4764"}, {"price": "0.998", "size": "250"}, {"price": "0.99", "size": "1673"}, {"price": "0.98", "size": "1400"}, {"price": "0.97", "size": "600"}, {"price": "0.95", "size": "30"}, {"price": "0.92", "size": "500"}, {"price": "0.86", "size": "200"}, {"price": "0.859", "size": "14"}, {"price": "0.312", "size": "16.66"}, {"price": "0.019", "size": "199.96"}, {"price": "0.005", "size": "8"}, {"price": "0.002", "size": "36.8"}, {"price": "0.001", "size": "6492.15"}], "event_type": "book", "last_trade_price": ""}, {"market": "0xd1e529852023d3603a5c029507ff0c8a9b74e7df1161971576eb4e638ac3890f", "asset_id": "84637404708705710601848817610260580181820928653906238291587960790248463660624", "timestamp": "1769384061226", "hash": "490c42752cf78a0066a36735776d3ead14dbf305", "bids": [{"price": "0.001", "size": "4983"}, {"price": "0.002", "size": "250"}, {"price": "0.01", "size": "1673"}, {"price": "0.02", "size": "1400"}, {"price": "0.03", "size": "600"}, {"price": "0.05", "size": "30"}, {"price": "0.051", "size": "40.31"}, {"price": "0.08", "size": "500"}, {"price": "0.14", "size": "200"}, {"price": "0.141", "size": "14"}, {"price": "0.788", "size": "704.03"}, {"price": "0.999", "size": "5892.15"}], "asks": [], "event_type": "book", "last_trade_price": ""}, {"market": "0x9260bd757dc8949edb3053b9221c8bfd9e61a8d58436cebab7884db61edf2888", "asset_id": "31536667287103064941501674856702902157801899954208680110449732585305432659771", "timestamp": "1769384057043", "hash": "6e2b8d5b6e3a1432bc267dc69028d2e65a733456", "bids": [{"price": "0.001", "size": "3983"}, {"price": "0.01", "size": "1673"}, {"price": "0.02", "size": "1400"}, {"price": "0.03", "size": "600"}, {"price": "0.05", "size": "30"}, {"price": "0.08", "size": "500"}, {"price": "0.14", "size": "200"}, {"price": "0.141", "size": "14"}, {"price": "0.542", "size": "37.86"}, {"price": "0.99", "size": "169"}, {"price": "0.992", "size": "5.66"}, {"price": "0.994", "size": "103.29"}, {"price": "0.999", "size": "6492.15"}], "asks": [], "event_type": "book", "last_trade_price": ""}, {"market": "0x244b18f9cf2a7c51235632069eebafbd97207ff406eca71e955be560e498d80e", "asset_id": "76954195537296441860893281812330400634637809171182368812675131610987337665638", "timestamp": "1769384061227", "hash": "e36d0b177cd5dd60b65080f5e6e6050f7b89382b", "bids": [], "asks": [{"price": "0.999", "size": "3983"}, {"price": "0.998", "size": "250"}, {"price": "0.99", "size": "1673"}, {"price": "0.98", "size": "1400"}, {"price": "0.97", "size": "600"}, {"price": "0.95", "size": "30"}, {"price": "0.92", "size": "500"}, {"price": "0.86", "size": "200"}, {"price": "0.5", "size": "429"}, {"price": "0.499", "size": "5"}, {"price": "0.01", "size": "63.28"}, {"price": "0.007", "size": "119.98"}, {"price": "0.006", "size": "80"}, {"price": "0.005", "size": "126"}, {"price": "0.001", "size": "5910.11"}], "event_type": "book", "last_trade_price": "0.010"}, {"market": "0x0cb94793a52a65ec1a35fdc1ddef92beb132cbb6a49af16b27c3cb57eb646bea", "asset_id": "67360161629245935177256858456357448895367469557611325212917726724421284480257", "timestamp": "1769383784779", "hash": "57233a812124ac161cee1d8c11ef7bb4a4894cbe", "bids": [{"price": "0.001", "size": "4983"}, {"price": "0.002", "size": "250"}, {"price": "0.01", "size": "1673"}, {"price": "0.02", "size": "1400"}, {"price": "0.03", "size": "600"}, {"price": "0.05", "size": "30"}, {"price": "0.08", "size": "500"}, {"price": "0.14", "size": "200"}, {"price": "0.141", "size": "14"}, {"price": "0.99", "size": "129"}, {"price": "0.991", "size": "193.98"}, {"price": "0.992", "size": "18.5"}, {"price": "0.999", "size": "5910.11"}], "asks": [], "event_type": "book", "last_trade_price": ""}, {"market": "0xc3b2ab7c9c9ae4aace3e434b4ac12af9d1066188926346e8f268ae10b503eb60", "asset_id": "91803060109370282028465934208902792139924631367476151559019400651144485343783", "timestamp": "1769384061276", "hash": "a0a07d67e874c7afa7fe29e0a48e40ccfdb5c9cb", "bids": [{"price": "0.001", "size": "5855"}, {"price": "0.002", "size": "250"}, {"price": "0.01", "size": "1673"}, {"price": "0.02", "size": "1400"}, {"price": "0.03", "size": "600"}, {"price": "0.05", "size": "30"}, {"price": "0.08", "size": "500"}, {"price": "0.14", "size": "200"}, {"price": "0.141", "size": "14"}, {"price": "0.867", "size": "5"}, {"price": "0.868", "size": "11.56"}, {"price": "0.957", "size": "57.42"}, {"price": "0.975", "size": "1004.7"}, {"price": "0.983", "size": "356"}, {"price": "0.984", "size": "83"}, {"price": "0.995", "size": "295"}, {"price": "0.999", "size": "5910.11"}], "asks": [], "event_type": "book", "last_trade_price": "0.004"}, {"market": "0x8976a2ce7c8e4cb052ab04c8c289b23c4056b7df53c83cf7db71fc4b01aed984", "asset_id": "56027400376042736240219321224722657027239547950543371996731220609485845971392", "timestamp": "1769384304902", "hash": "5346de9118fa88d7b6d2b646563a2b2eea36a452", "bids": [{"price": "0.001", "size": "3349"}, {"price": "0.002", "size": "250"}, {"price": "0.003", "size": "166"}, {"price": "0.006", "size": "83"}, {"price": "0.01", "size": "1673"}, {"price": "0.02", "size": "1400"}, {"price": "0.03", "size": "600"}, {"price": "0.05", "size": "30"}, {"price": "0.051", "size": "39"}, {"price": "0.08", "size": "500"}, {"price": "0.14", "size": "200"}, {"price": "0.141", "size": "14"}, {"price": "0.89", "size": "10.19"}, {"price": "0.978", "size": "17.9"}, {"price": "0.994", "size": "199.96"}, {"price": "0.999", "size": "9570.11"}], "asks": [], "event_type": "book", "last_trade_price": "0.001"}, {"market": "0xebb085eefc299f01f01cbb471b371aacbf78ab326bad7e7cce5f4b3ba5d30f71", "asset_id": "60354100257030572250039483025601857812664832362757797261440452209868620395286", "timestamp": "1769383780615", "hash": "f338b2ca6658290fd4b25cd19c4ba4427a2e6374", "bids": [{"price": "0.001", "size": "3983"}, {"price": "0.01", "size": "1673"}, {"price": "0.02", "size": "1400"}, {"price": "0.03", "size": "600"}, {"price": "0.05", "size": "30"}, {"price": "0.08", "size": "500"}, {"price": "0.14", "size": "200"}, {"price": "0.317", "size": "6"}, {"price": "0.99", "size": "132"}, {"price": "0.994", "size": "214.68"}, {"price": "0.995", "size": "32"}, {"price": "0.999", "size": "5910.11"}], "asks": [], "event_type": "book", "last_trade_price": "0.001"}, {"market": "0x65054aec2ecc60ad148b2d7f25e931c6a89edbe381dd0cf9bb8f339a57fc0677", "asset_id": "6359438982695317324664748621707024424195744923436573110324801480745415124803", "timestamp": "1769384061225", "hash": "21bd98a37f0f51e06ca9adb2c5f5c818525fdb9f", "bids": [{"price": "0.001", "size": "4849"}, {"price": "0.002", "size": "250"}, {"price": "0.01", "size": "1673"}, {"price": "0.02", "size": "1400"}, {"price": "0.03", "size": "600"}, {"price": "0.05", "size": "30"}, {"price": "0.051", "size": "40.31"}, {"price": "0.08", "size": "500"}, {"price": "0.14", "size": "200"}, {"price": "0.5", "size": "700"}, {"price": "0.501", "size": "5"}, {"price": "0.767", "size": "20"}, {"price": "0.809", "size": "198.98"}, {"price": "0.999", "size": "6492.15"}], "asks": [], "event_type": "book", "last_trade_price": ""}, {"market": "0xe8db85686dd8352cab9e03983d3b213a05b7ff3454cdc7ec9a914eb7cb7428c0", "asset_id": "65716656054879517346427051994370643939377632387160363437877828806999942364598", "timestamp": "1769384061221", "hash": "b851ca51304c1b95db54b3c3678b2a9656e127ae", "bids": [], "asks": [{"price": "0.999", "size": "4849"}, {"price": "0.998", "size": "250"}, {"price": "0.99", "size": "1673"}, {"price": "0.98", "size": "1400"}, {"price": "0.97", "size": "600"}, {"price": "0.95", "size": "30"}, {"price": "0.92", "size": "500"}, {"price": "0.86", "size": "200"}, {"price": "0.859", "size": "14"}, {"price": "0.756", "size": "16.66"}, {"price": "0.043", "size": "13"}, {"price": "0.005", "size": "107"}, {"price": "0.001", "size": "5910.11"}], "event_type": "book", "last_trade_price": "0.010"}, {"market": "0x206bcb50198431857abb6a828b413c330e96d6630c252bad4497d95c32d78cd9", "asset_id": "19921657313216015164646221553543649315455424808168103545953049950574823695454", "timestamp": "1769384118377", "hash": "fc54277dc2c2f87ac81f5ccb4279a26a52fa0da8", "bids": [], "asks": [{"price": "0.999", "size": "4849"}, {"price": "0.998", "size": "250"}, {"price": "0.99", "size": "1673"}, {"price": "0.98", "size": "1400"}, {"price": "0.97", "size": "600"}, {"price": "0.95", "size": "30"}, {"price": "0.949", "size": "40.31"}, {"price": "0.92", "size": "500"}, {"price": "0.86", "size": "200"}, {"price": "0.5", "size": "795"}, {"price": "0.499", "size": "5"}, {"price": "0.205", "size": "8.24"}, {"price": "0.155", "size": "31"}, {"price": "0.154", "size": "22"}, {"price": "0.115", "size": "92.94"}, {"price": "0.001", "size": "5892.15"}], "event_type": "book", "last_trade_price": ""}, {"market": "0xebb085eefc299f01f01cbb471b371aacbf78ab326bad7e7cce5f4b3ba5d30f71", "asset_id": "13282637202798818131969163591812699726713534715582456995222014031905144224778", "timestamp": "1769383780615", "hash": "6f954a04ead5200a2d8848759c80f76529616917", "bids": [], "asks": [{"price": "0.999", "size": "3983"}, {"price": "0.99", "size": "1673"}, {"price": "0.98", "size": "1400"}, {"price": "0.97", "size": "600"}, {"price": "0.95", "size": "30"}, {"price": "0.92", "size": "500"}, {"price": "0.86", "size": "200"}, {"price": "0.683", "size": "6"}, {"price": "0.01", "size": "132"}, {"price": "0.006", "size": "214.68"}, {"price": "0.005", "size": "32"}, {"price": "0.001", "size": "5910.11"}], "event_type": "book", "last_trade_price": "0.001"}, {"market": "0x122ed8c6e4b30e94ce4bc6c2f80e96b6519c521b566b051bc80bb4e3b9c0e393", "asset_id": "82807992606976345078184564504553664990961954365696297806709035713917355249178", "timestamp": "1769384061222", "hash": "404f5cb40f48ab171f2e6e2dc64adb5f5bebf2ab", "bids": [{"price": "0.001", "size": "3349"}, {"price": "0.002", "size": "250"}, {"price": "0.003", "size": "166"}, {"price": "0.006", "size": "83"}, {"price": "0.01", "size": "1673"}, {"price": "0.02", "size": "1400"}, {"price": "0.03", "size": "600"}, {"price": "0.05", "size": "30"}, {"price": "0.08", "size": "400"}, {"price": "0.141", "size": "604"}, {"price": "0.142", "size": "21"}, {"price": "0.899", "size": "5"}, {"price": "0.9", "size": "7.5"}, {"price": "0.906", "size": "88"}, {"price": "0.907", "size": "112.5"}, {"price": "0.908", "size": "50"}, {"price": "0.931", "size": "30"}, {"price": "0.981", "size": "10"}, {"price": "0.982", "size": "10"}, {"price": "0.983", "size": "15"}], "asks": [], "event_type": "book", "last_trade_price": "0.016"}, {"market": "0x65054aec2ecc60ad148b2d7f25e931c6a89edbe381dd0cf9bb8f339a57fc0677", "asset_id": "94550613653048213673118039712102439018860119816124590420938646760649512731017", "timestamp": "1769384061225", "hash": "88d15a5b06f17cd46747cb6d60adecfab0eeb774", "bids": [], "asks": [{"price": "0.999", "size": "4849"}, {"price": "0.998", "size": "250"}, {"price": "0.99", "size": "1673"}, {"price": "0.98", "size": "1400"}, {"price": "0.97", "size": "600"}, {"price": "0.95", "size": "30"}, {"price": "0.949", "size": "40.31"}, {"price": "0.92", "size": "500"}, {"price": "0.86", "size": "200"}, {"price": "0.5", "size": "700"}, {"price": "0.499", "size": "5"}, {"price": "0.233", "size": "20"}, {"price": "0.191", "size": "198.98"}, {"price": "0.001", "size": "6492.15"}], "event_type": "book", "last_trade_price": ""}, {"market": "0xf5b2d6498a639441517b864e029d1fa1817bb1d4d692112b0ed6373dcee2f6a5", "asset_id": "46146913898013654562771983865507895915661062085542745520672966282373790371428", "timestamp": "1769384134496", "hash": "480b43847fde05d0d999273c7e0e78dce2c77145", "bids": [], "asks": [{"price": "0.999", "size": "4849"}, {"price": "0.998", "size": "250"}, {"price": "0.99", "size": "1673"}, {"price": "0.98", "size": "1400"}, {"price": "0.97", "size": "600"}, {"price": "0.95", "size": "30"}, {"price": "0.92", "size": "500"}, {"price": "0.86", "size": "200"}, {"price": "0.5", "size": "492"}, {"price": "0.499", "size": "5"}, {"price": "0.101", "size": "9.89"}, {"price": "0.01", "size": "143"}, {"price": "0.009", "size": "111.2"}, {"price": "0.008", "size": "73.92"}, {"price": "0.001", "size": "5908.64"}], "event_type": "book", "last_trade_price": "0.008"}, {"market": "0x29d86530e695aafb1774ae928742ce703878f9da9ed0676629b28fad59432794", "asset_id": "87458683493839895993966870496617403986135626946893090374981220594803645861738", "timestamp": "1769384303548", "hash": "5e878bc1434e1f4d4f2f1f72446571d2dcfa1a6c", "bids": [{"price": "0.001", "size": "4849"}, {"price": "0.002", "size": "250"}, {"price": "0.01", "size": "1673"}, {"price": "0.02", "size": "1400"}, {"price": "0.03", "size": "600"}, {"price": "0.05", "size": "30"}, {"price": "0.08", "size": "500"}, {"price": "0.081", "size": "24"}, {"price": "0.14", "size": "200"}, {"price": "0.869", "size": "5"}, {"price": "0.874", "size": "8.52"}, {"price": "0.979", "size": "82"}, {"price": "0.999", "size": "5974.1"}], "asks": [], "event_type": "book", "last_trade_price": "0.001"}, {"market": "0xc3b2ab7c9c9ae4aace3e434b4ac12af9d1066188926346e8f268ae10b503eb60", "asset_id": "93926471928800454968996902575936189802825124590009148791402255021546978834735", "timestamp": "1769384061276", "hash": "e5ca254d77e5c2bf9e866174f7f8b7d1243c4609", "bids": [], "asks": [{"price": "0.999", "size": "5855"}, {"price": "0.998", "size": "250"}, {"price": "0.99", "size": "1673"}, {"price": "0.98", "size": "1400"}, {"price": "0.97", "size": "600"}, {"price": "0.95", "size": "30"}, {"price": "0.92", "size": "500"}, {"price": "0.86", "size": "200"}, {"price": "0.859", "size": "14"}, {"price": "0.133", "size": "5"}, {"price": "0.132", "size": "11.56"}, {"price": "0.043", "size": "57.42"}, {"price": "0.025", "size": "1004.7"}, {"price": "0.017", "size": "356"}, {"price": "0.016", "size": "83"}, {"price": "0.005", "size": "295"}, {"price": "0.001", "size": "5910.11"}], "event_type": "book", "last_trade_price": "0.004"}, {"market": "0x1c67086576385555cb761a4afad6d2da8e7d2f0b6ca4e8a0fc1da83e70efa599", "asset_id": "40595537635827617250294307142331728229774548761954922341611563277393995781167", "timestamp": "1769383786529", "hash": "a919c856de44465a1c81bfa0bde561a74ac8881b", "bids": [], "asks": [{"price": "0.999", "size": "8483"}, {"price": "0.997", "size": "166"}, {"price": "0.994", "size": "83"}, {"price": "0.99", "size": "1673"}, {"price": "0.98", "size": "1400"}, {"price": "0.97", "size": "600"}, {"price": "0.95", "size": "30"}, {"price": "0.949", "size": "39"}, {"price": "0.939", "size": "32"}, {"price": "0.92", "size": "500"}, {"price": "0.86", "size": "200"}, {"price": "0.859", "size": "14"}, {"price": "0.047", "size": "59.99"}, {"price": "0.01", "size": "202"}, {"price": "0.009", "size": "20.8"}, {"price": "0.005", "size": "131"}, {"price": "0.001", "size": "5910.11"}], "event_type": "book", "last_trade_price": ""}, {"market": "0x00b414409b27d104dcfa11beb9becb38dd1767f3a2093b4803f96a60784ed470", "asset_id": "115450019518530475366503214967310223663337435474573321124132849916512259636110", "timestamp": "1769384061217", "hash": "6e4644d8aa8fb007694812983507e402385f297b", "bids": [{"price": "0.001", "size": "5097.99"}, {"price": "0.002", "size": "250"}, {"price": "0.01", "size": "1673"}, {"price": "0.02", "size": "1400"}, {"price": "0.03", "size": "600"}, {"price": "0.05", "size": "30"}, {"price": "0.08", "size": "500"}, {"price": "0.14", "size": "200"}, {"price": "0.5", "size": "800"}, {"price": "0.501", "size": "858.58"}, {"price": "0.503", "size": "13.53"}, {"price": "0.522", "size": "7.5"}, {"price": "0.548", "size": "79.77"}, {"price": "0.55", "size": "37.5"}, {"price": "0.551", "size": "35"}, {"price": "0.984", "size": "9.4"}, {"price": "0.985", "size": "14.09"}, {"price": "0.986", "size": "21.13"}, {"price": "0.991", "size": "46"}, {"price": "0.992", "size": "131.36"}], "asks": [], "event_type": "book", "last_trade_price": "0.998"}, {"market": "0x47ecd077f30ce96efafeef6b55d220a82dbe2785feb17c6162b2f007bdf2e837", "asset_id": "92350651285693838708323924971618015409681316231841167481195535297442881245348", "timestamp": "1769384240598", "hash": "530a112a286740bd508fb5c7d1081a6e4f4ab229", "bids": [], "asks": [{"price": "0.999", "size": "3349"}, {"price": "0.998", "size": "250"}, {"price": "0.997", "size": "166"}, {"price": "0.994", "size": "83"}, {"price": "0.99", "size": "1673"}, {"price": "0.98", "size": "1400"}, {"price": "0.97", "size": "600"}, {"price": "0.95", "size": "30"}, {"price": "0.949", "size": "39"}, {"price": "0.92", "size": "500"}, {"price": "0.86", "size": "200"}, {"price": "0.859", "size": "14"}, {"price": "0.111", "size": "10"}, {"price": "0.08", "size": "19"}, {"price": "0.032", "size": "35.8"}, {"price": "0.022", "size": "30"}, {"price": "0.021", "size": "82"}, {"price": "0.02", "size": "59.99"}, {"price": "0.001", "size": "10908.64"}], "event_type": "book", "last_trade_price": "0.002"}, {"market": "0xd51830e102bc868bfae373920d2a2ba5b7ccb1b67c7a21db6feb06da3db9b096", "asset_id": "92020689117367267658344001911364685111870363867057718773747016681021881776902", "timestamp": "1769384453524", "hash": "8d6b67e4d382750335a5595530819b085bd0c85d", "bids": [], "asks": [{"price": "0.999", "size": "130"}, {"price": "0.99", "size": "1573"}, {"price": "0.98", "size": "1000"}, {"price": "0.96", "size": "1000"}, {"price": "0.95", "size": "199.99"}, {"price": "0.94", "size": "33"}, {"price": "0.92", "size": "500"}, {"price": "0.86", "size": "200"}, {"price": "0.777", "size": "31"}, {"price": "0.477", "size": "199"}, {"price": "0.277", "size": "143"}, {"price": "0.177", "size": "215"}, {"price": "0.159", "size": "30"}, {"price": "0.08", "size": "108"}, {"price": "0.077", "size": "348"}, {"price": "0.001", "size": "5740.03"}], "event_type": "book", "last_trade_price": "0.999"}, {"market": "0xd1e529852023d3603a5c029507ff0c8a9b74e7df1161971576eb4e638ac3890f", "asset_id": "65351168353634398433820070034058743389410247872764475849144139244373907279282", "timestamp": "1769384061226", "hash": "fb9defc053a5bce34d198d0059fbfcba82ef8aed", "bids": [], "asks": [{"price": "0.999", "size": "4983"}, {"price": "0.998", "size": "250"}, {"price": "0.99", "size": "1673"}, {"price": "0.98", "size": "1400"}, {"price": "0.97", "size": "600"}, {"price": "0.95", "size": "30"}, {"price": "0.949", "size": "40.31"}, {"price": "0.92", "size": "500"}, {"price": "0.86", "size": "200"}, {"price": "0.859", "size": "14"}, {"price": "0.212", "size": "704.03"}, {"price": "0.001", "size": "5892.15"}], "event_type": "book", "last_trade_price": ""}]}
{"_local_timestamp": "2026-01-25T23:41:15.130483+00:00", "data": {"market": "0xe7037c23b3bc4b08f8320ec3bcabdab8bf2408ddc13e6ced1c31bfa984eaafc3", "price_changes": [{"asset_id": "71323586724701114006878112591240637118521817759881447720530871051995401523578", "price": "0.115", "size": "7.5", "side": "SELL", "hash": "25d66676d1e1e742911b87bc455fb383373f2e0b", "best_bid": "0", "best_ask": "0.02"}, {"asset_id": "36466207084805629680486644317046029965489357695604691912061330347043447558629", "price": "0.885", "size": "7.5", "side": "BUY", "hash": "6cb61564c7150f63b1ae081a41cbcf6d12229816", "best_bid": "0.98", "best_ask": "1"}], "timestamp": "1769384475046", "event_type": "price_change"}}
{"_local_timestamp": "2026-01-25T23:41:15.133194+00:00", "data": {"market": "0xe7037c23b3bc4b08f8320ec3bcabdab8bf2408ddc13e6ced1c31bfa984eaafc3", "price_changes": [{"asset_id": "71323586724701114006878112591240637118521817759881447720530871051995401523578", "price": "0.199", "size": "51.71", "side": "SELL", "hash": "25d66676d1e1e742911b87bc455fb383373f2e0b", "best_bid": "0", "best_ask": "0.02"}, {"asset_id": "36466207084805629680486644317046029965489357695604691912061330347043447558629", "price": "0.801", "size": "51.71", "side": "BUY", "hash": "6cb61564c7150f63b1ae081a41cbcf6d12229816", "best_bid": "0.98", "best_ask": "1"}], "timestamp": "1769384475046", "event_type": "price_change"}}
{"_local_timestamp": "2026-01-25T23:41:15.134269+00:00", "data": {"market": "0xe7037c23b3bc4b08f8320ec3bcabdab8bf2408ddc13e6ced1c31bfa984eaafc3", "price_changes": [{"asset_id": "71323586724701114006878112591240637118521817759881447720530871051995401523578", "price": "0.858", "size": "0", "side": "SELL", "hash": "25d66676d1e1e742911b87bc455fb383373f2e0b", "best_bid": "0", "best_ask": "0.02"}, {"asset_id": "36466207084805629680486644317046029965489357695604691912061330347043447558629", "price": "0.142", "size": "0", "side": "BUY", "hash": "6cb61564c7150f63b1ae081a41cbcf6d12229816", "best_bid": "0.98", "best_ask": "1"}], "timestamp": "1769384475046", "event_type": "price_change"}}
{"_local_timestamp": "2026-01-25T23:41:15.135098+00:00", "data": {"market": "0xe7037c23b3bc4b08f8320ec3bcabdab8bf2408ddc13e6ced1c31bfa984eaafc3", "price_changes": [{"asset_id": "71323586724701114006878112591240637118521817759881447720530871051995401523578", "price": "0.949", "size": "0", "side": "SELL", "hash": "25d66676d1e1e742911b87bc455fb383373f2e0b", "best_bid": "0", "best_ask": "0.02"}, {"asset_id": "36466207084805629680486644317046029965489357695604691912061330347043447558629", "price": "0.051", "size": "0", "side": "BUY", "hash": "6cb61564c7150f63b1ae081a41cbcf6d12229816", "best_bid": "0.98", "best_ask": "1"}], "timestamp": "1769384475046", "event_type": "price_change"}}
{"_local_timestamp": "2026-01-25T23:41:17.703222+00:00", "data": {"market": "0xe7037c23b3bc4b08f8320ec3bcabdab8bf2408ddc13e6ced1c31bfa984eaafc3", "price_changes": [{"asset_id": "71323586724701114006878112591240637118521817759881447720530871051995401523578", "price": "0.048", "size": "49.72", "side": "SELL", "hash": "7197d1688bddb6c2f77ff84fd6c32a28b3d7614d", "best_bid": "0", "best_ask": "0.02"}, {"asset_id": "36466207084805629680486644317046029965489357695604691912061330347043447558629", "price": "0.952", "size": "49.72", "side": "BUY", "hash": "02852b4c0e271435067ec526ea3d617aa6642ba8", "best_bid": "0.98", "best_ask": "1"}], "timestamp": "1769384477539", "event_type": "price_change"}}
{"_local_timestamp": "2026-01-25T23:41:19.776133+00:00", "data": {"market": "0x04235f756e316614bc6fa0fcef6e2111069e169c25be6b50b01d78a6e308c93c", "price_changes": [{"asset_id": "53914219484916140963399805310915795076043111629583240116031184510762212215458", "price": "0.999", "size": "5930.11", "side": "BUY", "hash": "5b27dcff733ab54afb7d4abbeb34553bc5c9b023", "best_bid": "0.999", "best_ask": "1"}, {"asset_id": "68195286802270744226223657194959644880753824389678820343636106961512218218122", "price": "0.001", "size": "5930.11", "side": "SELL", "hash": "c76fa37fd41cce3018b4544f58180e4cd2f2351b", "best_bid": "0", "best_ask": "0.001"}], "timestamp": "1769384479629", "event_type": "price_change"}}
