{"_local_timestamp": "2026-01-25T23:41:15.764898+00:00", "data": [{"market": "0xe27ecdfe0e61429f85c0752cf011dd1059b28521726153255d750077df577c4a", "asset_id": "82723421580711865209426195771673776828317955005214727613058698009878998022886", "timestamp": "1769384475650", "hash": "d4dc7a6a96e1a6c3c4d958cc139bcc2862dbadf3", "bids": [{"price": "0.01", "size": "10455.78"}, {"price": "0.02", "size": "2116.13"}, {"price": "0.03", "size": "15.49"}, {"price": "0.04", "size": "50"}, {"price": "0.05", "size": "182.81"}, {"price": "0.07", "size": "5.15"}, {"price": "0.08", "size": "25"}, {"price": "0.09", "size": "13.14"}, {"price": "0.12", "size": "6.49"}, {"price": "0.13", "size": "100"}, {"price": "0.14", "size": "78.57"}, {"price": "0.16", "size": "12.5"}, {"price": "0.17", "size": "5.83"}, {"price": "0.19", "size": "5.26"}, {"price": "0.21", "size": "25"}, {"price": "0.26", "size": "5"}], "asks": [{"price": "0.99", "size": "450.86"}, {"price": "0.98", "size": "110.85"}, {"price": "0.97", "size": "155.26"}, {"price": "0.96", "size": "63.08"}, {"price": "0.95", "size": "20"}, {"price": "0.94", "size": "8.67"}, {"price": "0.92", "size": "25"}, {"price": "0.91", "size": "15.04"}, {"price": "0.84", "size": "12.5"}, {"price": "0.83", "size": "5.73"}, {"price": "0.79", "size": "61.9"}, {"price": "0.78", "size": "50"}, {"price": "0.77", "size": "10"}], "event_type": "book", "last_trade_price": "0.230"}, {"market": "0xe27ecdfe0e61429f85c0752cf011dd1059b28521726153255d750077df577c4a", "asset_id": "62185190948670742717351165961194153942640386790239187999687676048885642242273", "timestamp": "1769384475650", "hash": "62e41dc5b4a1ea96309eb9ad90925af3caf7a5c3", "bids": [{"price": "0.01", "size": "450.86"}, {"price": "0.02", "size": "110.85"}, {"price": "0.03", "size": "155.26"}, {"price": "0.04", "size": "63.08"}, {"price": "0.05", "size": "20"}, {"price": "0.06", "size": "8.67"}, {"price": "0.08", "size": "25"}, {"price": "0.09", "size": "15.04"}, {"price": "0.16", "size": "12.5"}, {"price": "0.17", "size": "5.73"}, {"price": "0.21", "size": "61.9"}, {"price": "0.22", "size": "50"}, {"price": "0.23", "size": "10"}], "asks": [{"price": "0.99", "size": "10455.78"}, {"price": "0.98", "size": "2116.13"}, {"price": "0.97", "size": "15.49"}, {"price": "0.96", "size": "50"}, {"price": "0.95", "size": "182.81"}, {"price": "0.93", "size": "5.15"}, {"price": "0.92", "size": "25"}, {"price": "0.91", "size": "13.14"}, {"price": "0.88", "size": "6.49"}, {"price": "0.87", "size": "100"}, {"price": "0.86", "size": "78.57"}, {"price": "0.84", "size": "12.5"}, {"price": "0.83", "size": "5.83"}, {"price": "0.81", "size": "5.26"}, {"price": "0.79", "size": "25"}, {"price": "0.74", "size": "5"}], "event_type": "book", "last_trade_price": "0.230"}]}
{"_local_timestamp": "2026-01-25T23:41:17.569684+00:00", "data": {"market": "0xe27ecdfe0e61429f85c0752cf011dd1059b28521726153255d750077df577c4a", "price_changes": [{"asset_id": "82723421580711865209426195771673776828317955005214727613058698009878998022886", "price": "0.05", "size": "175.87", "side": "BUY", "hash": "65ede6c2ffbcbf004cdd9f7d5b3baf94bb252845", "best_bid": "0.21", "best_ask": "0.77"}, {"asset_id": "62185190948670742717351165961194153942640386790239187999687676048885642242273", "price": "0.95", "size": "175.87", "side": "SELL", "hash": "6303b9601038380c290b8e11e8c6cd0b11e75566", "best_bid": "0.23", "best_ask": "0.79"}], "timestamp": "1769384477449", "event_type": "price_change"}}
{"_local_timestamp": "2026-01-25T23:41:17.570819+00:00", "data": {"market": "0xe27ecdfe0e61429f85c0752cf011dd1059b28521726153255d750077df577c4a", "price_changes": [{"asset_id": "82723421580711865209426195771673776828317955005214727613058698009878998022886", "price": "0.12", "size": "0", "side": "BUY", "hash": "65ede6c2ffbcbf004cdd9f7d5b3baf94bb252845", "best_bid": "0.21", "best_ask": "0.77"}, {"asset_id": "62185190948670742717351165961194153942640386790239187999687676048885642242273", "price": "0.88", "size": "0", "side": "SELL", "hash": "6303b9601038380c290b8e11e8c6cd0b11e75566", "best_bid": "0.23", "best_ask": "0.79"}], "timestamp": "1769384477449", "event_type": "price_change"}}
{"_local_timestamp": "2026-01-25T23:41:17.571449+00:00", "data": {"market": "0xe27ecdfe0e61429f85c0752cf011dd1059b28521726153255d750077df577c4a", "price_changes": [{"asset_id": "82723421580711865209426195771673776828317955005214727613058698009878998022886", "price": "0.26", "size": "0", "side": "BUY", "hash": "65ede6c2ffbcbf004cdd9f7d5b3baf94bb252845", "best_bid": "0.21", "best_ask": "0.77"}, {"asset_id": "62185190948670742717351165961194153942640386790239187999687676048885642242273", "price": "0.74", "size": "0", "side": "SELL", "hash": "6303b9601038380c290b8e11e8c6cd0b11e75566", "best_bid": "0.23", "best_ask": "0.79"}], "timestamp": "1769384477449", "event_type": "price_change"}}
{"_local_timestamp": "2026-01-25T23:41:17.828632+00:00", "data": {"market": "0xe27ecdfe0e61429f85c0752cf011dd1059b28521726153255d750077df577c4a", "price_changes": [{"asset_id": "62185190948670742717351165961194153942640386790239187999687676048885642242273", "price": "0.04", "size": "55.21", "side": "BUY", "hash": "5ad2704f4a933b0788e253ee150ab8b146d95eae", "best_bid": "0.23", "best_ask": "0.79"}, {"asset_id": "82723421580711865209426195771673776828317955005214727613058698009878998022886", "price": "0.96", "size": "55.21", "side": "SELL", "hash": "599a81af6d0908a564abb78d4ae3699dfd2cc934", "best_bid": "0.21", "best_ask": "0.77"}], "timestamp": "1769384477450", "event_type": "price_change"}}
{"_local_timestamp": "2026-01-25T23:41:18.103348+00:00", "data": {"market": "0xe27ecdfe0e61429f85c0752cf011dd1059b28521726153255d750077df577c4a", "price_changes": [{"asset_id": "62185190948670742717351165961194153942640386790239187999687676048885642242273", "price": "0.04", "size": "63.08", "side": "BUY", "hash": "ab47c7ea18960891f303a3bcdb19c7c434a52318", "best_bid": "0.23", "best_ask": "0.79"}, {"asset_id": "82723421580711865209426195771673776828317955005214727613058698009878998022886", "price": "0.96", "size": "63.08", "side": "SELL", "hash": "f671455bbdce85df1dbcf90b3691e848fbbdeab8", "best_bid": "0.21", "best_ask": "0.77"}], "timestamp": "1769384477951", "event_type": "price_change"}}
{"_local_timestamp": "2026-01-25T23:41:18.103788+00:00", "data": {"market": "0xe27ecdfe0e61429f85c0752cf011dd1059b28521726153255d750077df577c4a", "price_changes": [{"asset_id": "82723421580711865209426195771673776828317955005214727613058698009878998022886", "price": "0.22", "size": "5", "side": "BUY", "hash": "53b49927012fd7a680c53cf3d9a670aa7391e8d1", "best_bid": "0.22", "best_ask": "0.77"}, {"asset_id": "62185190948670742717351165961194153942640386790239187999687676048885642242273", "price": "0.78", "size": "5", "side": "SELL", "hash": "bf592bec5651dfd16060330f8d90e6d0242afcfa", "best_bid": "0.23", "best_ask": "0.78"}], "timestamp": "1769384477957", "event_type": "price_change"}}
{"_local_timestamp": "2026-01-25T23:41:18.104106+00:00", "data": {"market": "0xe27ecdfe0e61429f85c0752cf011dd1059b28521726153255d750077df577c4a", "price_changes": [{"asset_id": "82723421580711865209426195771673776828317955005214727613058698009878998022886", "price": "0.11", "size": "7.66", "side": "BUY", "hash": "f4e2522456720c09885f040504828f93b6e27513", "best_bid": "0.22", "best_ask": "0.77"}, {"asset_id": "62185190948670742717351165961194153942640386790239187999687676048885642242273", "price": "0.89", "size": "7.66", "side": "SELL", "hash": "f8239ec05d43d4292df574e8bcaba413e29f8aa1", "best_bid": "0.23", "best_ask": "0.78"}], "timestamp": "1769384477960", "event_type": "price_change"}}
{"_local_timestamp": "2026-01-25T23:41:18.104380+00:00", "data": {"market": "0xe27ecdfe0e61429f85c0752cf011dd1059b28521726153255d750077df577c4a", "price_changes": [{"asset_id": "82723421580711865209426195771673776828317955005214727613058698009878998022886", "price": "0.04", "size": "57.09", "side": "BUY", "hash": "2660df9f597a263fb1b60bb4866fa8edcbeb0695", "best_bid": "0.22", "best_ask": "0.77"}, {"asset_id": "62185190948670742717351165961194153942640386790239187999687676048885642242273", "price": "0.96", "size": "57.09", "side": "SELL", "hash": "3acf61a75a4ee85ed6eef0217ad8207dbcf5f08f", "best_bid": "0.23", "best_ask": "0.78"}], "timestamp": "1769384477963", "event_type": "price_change"}}
{"_local_timestamp": "2026-01-25T23:41:18.901184+00:00", "data": {"market": "0xe27ecdfe0e61429f85c0752cf011dd1059b28521726153255d750077df577c4a", "price_changes": [{"asset_id": "62185190948670742717351165961194153942640386790239187999687676048885642242273", "price": "0.04", "size": "55.21", "side": "BUY", "hash": "5251721641306ff7338db34df52ce7e5dbd3123b", "best_bid": "0.23", "best_ask": "0.78"}, {"asset_id": "82723421580711865209426195771673776828317955005214727613058698009878998022886", "price": "0.96", "size": "55.21", "side": "SELL", "hash": "4b607f45ae0c8695cece19524c2b87a5ed786612", "best_bid": "0.22", "best_ask": "0.77"}], "timestamp": "1769384478771", "event_type": "price_change"}}
{"_local_timestamp": "2026-01-25T23:41:19.314192+00:00", "data": {"market": "0xe27ecdfe0e61429f85c0752cf011dd1059b28521726153255d750077df577c4a", "price_changes": [{"asset_id": "62185190948670742717351165961194153942640386790239187999687676048885642242273", "price": "0.04", "size": "63.08", "side": "BUY", "hash": "9ccf69f1dcc541d0a2896fa1a6bee7f3c5a4c12b", "best_bid": "0.23", "best_ask": "0.78"}, {"asset_id": "82723421580711865209426195771673776828317955005214727613058698009878998022886", "price": "0.96", "size": "63.08", "side": "SELL", "hash": "f59d3b6b713cde42525fa72f44e552af24f335e9", "best_bid": "0.22", "best_ask": "0.77"}], "timestamp": "1769384479182", "event_type": "price_change"}}
{"_local_timestamp": "2026-01-25T23:41:19.351577+00:00", "data": {"market": "0xe27ecdfe0e61429f85c0752cf011dd1059b28521726153255d750077df577c4a", "price_changes": [{"asset_id": "82723421580711865209426195771673776828317955005214727613058698009878998022886", "price": "0.03", "size": "10.22", "side": "BUY", "hash": "8ae8b76e8108424854c4a31f26fbe1bfcc458860", "best_bid": "0.21", "best_ask": "0.77"}, {"asset_id": "62185190948670742717351165961194153942640386790239187999687676048885642242273", "price": "0.97", "size": "10.22", "side": "SELL", "hash": "57b8b2ca25935f85cd5d1f1696403c60c8d6fe09", "best_bid": "0.23", "best_ask": "0.79"}], "timestamp": "1769384479210", "event_type": "price_change"}}
{"_local_timestamp": "2026-01-25T23:41:19.356847+00:00", "data": {"market": "0xe27ecdfe0e61429f85c0752cf011dd1059b28521726153255d750077df577c4a", "price_changes": [{"asset_id": "82723421580711865209426195771673776828317955005214727613058698009878998022886", "price": "0.09", "size": "6.57", "side": "BUY", "hash": "8ae8b76e8108424854c4a31f26fbe1bfcc458860", "best_bid": "0.21", "best_ask": "0.77"}, {"asset_id": "62185190948670742717351165961194153942640386790239187999687676048885642242273", "price": "0.91", "size": "6.57", "side": "SELL", "hash": "57b8b2ca25935f85cd5d1f1696403c60c8d6fe09", "best_bid": "0.23", "best_ask": "0.79"}], "timestamp": "1769384479210", "event_type": "price_change"}}
{"_local_timestamp": "2026-01-25T23:41:19.363370+00:00", "data": {"market": "0xe27ecdfe0e61429f85c0752cf011dd1059b28521726153255d750077df577c4a", "price_changes": [{"asset_id": "82723421580711865209426195771673776828317955005214727613058698009878998022886", "price": "0.22", "size": "0", "side": "BUY", "hash": "8ae8b76e8108424854c4a31f26fbe1bfcc458860", "best_bid": "0.21", "best_ask": "0.77"}, {"asset_id": "62185190948670742717351165961194153942640386790239187999687676048885642242273", "price": "0.78", "size": "0", "side": "SELL", "hash": "57b8b2ca25935f85cd5d1f1696403c60c8d6fe09", "best_bid": "0.23", "best_ask": "0.79"}], "timestamp": "1769384479210", "event_type": "price_change"}}
{"_local_timestamp": "2026-01-25T23:41:19.760907+00:00", "data": {"market": "0xe27ecdfe0e61429f85c0752cf011dd1059b28521726153255d750077df577c4a", "price_changes": [{"asset_id": "82723421580711865209426195771673776828317955005214727613058698009878998022886", "price": "0.07", "size": "10.67", "side": "BUY", "hash": "28766e04c3a4479594896bb5a1909ac6a00fcaf1", "best_bid": "0.21", "best_ask": "0.77"}, {"asset_id": "62185190948670742717351165961194153942640386790239187999687676048885642242273", "price": "0.93", "size": "10.67", "side": "SELL", "hash": "5f7ad43313e680ea486bf045f6ec2da06b10a315", "best_bid": "0.23", "best_ask": "0.79"}], "timestamp": "1769384479607", "event_type": "price_change"}}
{"_local_timestamp": "2026-01-25T23:41:19.761595+00:00", "data": {"market": "0xe27ecdfe0e61429f85c0752cf011dd1059b28521726153255d750077df577c4a", "price_changes": [{"asset_id": "82723421580711865209426195771673776828317955005214727613058698009878998022886", "price": "0.06", "size": "6.06", "side": "BUY", "hash": "8fc494864859c267ebfd0db759b8998b667bd20d", "best_bid": "0.21", "best_ask": "0.77"}, {"asset_id": "62185190948670742717351165961194153942640386790239187999687676048885642242273", "price": "0.94", "size": "6.06", "side": "SELL", "hash": "8029bb2ebba837d75b4e5cb7df596c4afa2768a9", "best_bid": "0.23", "best_ask": "0.79"}], "timestamp": "1769384479608", "event_type": "price_change"}}
{"_local_timestamp": "2026-01-25T23:41:19.762699+00:00", "data": {"market": "0xe27ecdfe0e61429f85c0752cf011dd1059b28521726153255d750077df577c4a", "price_changes": [{"asset_id": "82723421580711865209426195771673776828317955005214727613058698009878998022886", "price": "0.23", "size": "5", "side": "BUY", "hash": "b73331fd5f8a0c28add890117854524c5df084cc", "best_bid": "0.23", "best_ask": "0.77"}, {"asset_id": "62185190948670742717351165961194153942640386790239187999687676048885642242273", "price": "0.77", "size": "5", "side": "SELL", "hash": "8c3c08fe6ff52d49214510e3afd8dad8fdef818f", "best_bid": "0.23", "best_ask": "0.77"}], "timestamp": "1769384479609", "event_type": "price_change"}}
{"_local_timestamp": "2026-01-25T23:41:20.236186+00:00", "data": {"market": "0xe27ecdfe0e61429f85c0752cf011dd1059b28521726153255d750077df577c4a", "price_changes": [{"asset_id": "62185190948670742717351165961194153942640386790239187999687676048885642242273", "price": "0.04", "size": "55.21", "side": "BUY", "hash": "298793e38eee5714fc5e631ac74bdbd2aae2f00e", "best_bid": "0.23", "best_ask": "0.77"}, {"asset_id": "82723421580711865209426195771673776828317955005214727613058698009878998022886", "price": "0.96", "size": "55.21", "side": "SELL", "hash": "95ae9c85d1f53f63bf42e5dd7cd6837dcfde769a", "best_bid": "0.23", "best_ask": "0.77"}], "timestamp": "1769384480076", "event_type": "price_change"}}
{"_local_timestamp": "2026-01-25T23:41:20.608317+00:00", "data": {"market": "0xe27ecdfe0e61429f85c0752cf011dd1059b28521726153255d750077df577c4a", "price_changes": [{"asset_id": "62185190948670742717351165961194153942640386790239187999687676048885642242273", "price": "0.04", "size": "63.08", "side": "BUY", "hash": "9c862c0bc09800a5bb80aba8975f2b20527c9f63", "best_bid": "0.23", "best_ask": "0.77"}, {"asset_id": "82723421580711865209426195771673776828317955005214727613058698009878998022886", "price": "0.96", "size": "63.08", "side": "SELL", "hash": "b9f2dcceca9862a11bc3543f981162b22f065c27", "best_bid": "0.23", "best_ask": "0.77"}], "timestamp": "1769384480457", "event_type": "price_change"}}
{"_local_timestamp": "2026-01-25T23:41:20.657621+00:00", "data": {"market": "0xe27ecdfe0e61429f85c0752cf011dd1059b28521726153255d750077df577c4a", "price_changes": [{"asset_id": "82723421580711865209426195771673776828317955005214727613058698009878998022886", "price": "0.07", "size": "5.15", "side": "BUY", "hash": "960600b557720ad3be82de260d796cd1a3b99e0c", "best_bid": "0.21", "best_ask": "0.77"}, {"asset_id": "62185190948670742717351165961194153942640386790239187999687676048885642242273", "price": "0.93", "size": "5.15", "side": "SELL", "hash": "5667ce9857085de3c866f9c86990fa9ef74de474", "best_bid": "0.23", "best_ask": "0.79"}], "timestamp": "1769384480510", "event_type": "price_change"}}
{"_local_timestamp": "2026-01-25T23:41:20.659054+00:00", "data": {"market": "0xe27ecdfe0e61429f85c0752cf011dd1059b28521726153255d750077df577c4a", "price_changes": [{"asset_id": "82723421580711865209426195771673776828317955005214727613058698009878998022886", "price": "0.09", "size": "0", "side": "BUY", "hash": "960600b557720ad3be82de260d796cd1a3b99e0c", "best_bid": "0.21", "best_ask": "0.77"}, {"asset_id": "62185190948670742717351165961194153942640386790239187999687676048885642242273", "price": "0.91", "size": "0", "side": "SELL", "hash": "5667ce9857085de3c866f9c86990fa9ef74de474", "best_bid": "0.23", "best_ask": "0.79"}], "timestamp": "1769384480510", "event_type": "price_change"}}
{"_local_timestamp": "2026-01-25T23:41:20.660443+00:00", "data": {"market": "0xe27ecdfe0e61429f85c0752cf011dd1059b28521726153255d750077df577c4a", "price_changes": [{"asset_id": "82723421580711865209426195771673776828317955005214727613058698009878998022886", "price": "0.11", "size": "0", "side": "BUY", "hash": "960600b557720ad3be82de260d796cd1a3b99e0c", "best_bid": "0.21", "best_ask": "0.77"}, {"asset_id": "62185190948670742717351165961194153942640386790239187999687676048885642242273", "price": "0.89", "size": "0", "side": "SELL", "hash": "5667ce9857085de3c866f9c86990fa9ef74de474", "best_bid": "0.23", "best_ask": "0.79"}], "timestamp": "1769384480510", "event_type": "price_change"}}
{"_local_timestamp": "2026-01-25T23:41:20.660918+00:00", "data": {"market": "0xe27ecdfe0e61429f85c0752cf011dd1059b28521726153255d750077df577c4a", "price_changes": [{"asset_id": "82723421580711865209426195771673776828317955005214727613058698009878998022886", "price": "0.23", "size": "0", "side": "BUY", "hash": "960600b557720ad3be82de260d796cd1a3b99e0c", "best_bid": "0.21", "best_ask": "0.77"}, {"asset_id": "62185190948670742717351165961194153942640386790239187999687676048885642242273", "price": "0.77", "size": "0", "side": "SELL", "hash": "5667ce9857085de3c866f9c86990fa9ef74de474", "best_bid": "0.23", "best_ask": "0.79"}], "timestamp": "1769384480510", "event_type": "price_change"}}
{"_local_timestamp": "2026-01-25T23:41:21.058219+00:00", "data": {"market": "0xe27ecdfe0e61429f85c0752cf011dd1059b28521726153255d750077df577c4a", "price_changes": [{"asset_id": "82723421580711865209426195771673776828317955005214727613058698009878998022886", "price": "0.11", "size": "6.84", "side": "BUY", "hash": "a58307767cb8ac237c0671cc024655b0c0f3b048", "best_bid": "0.21", "best_ask": "0.77"}, {"asset_id": "62185190948670742717351165961194153942640386790239187999687676048885642242273", "price": "0.89", "size": "6.84", "side": "SELL", "hash": "c1dcade28cd5b400b4e094ade17f4aeec240cc76", "best_bid": "0.23", "best_ask": "0.79"}], "timestamp": "1769384480934", "event_type": "price_change"}}
{"_local_timestamp": "2026-01-25T23:41:21.059250+00:00", "data": {"market": "0xe27ecdfe0e61429f85c0752cf011dd1059b28521726153255d750077df577c4a", "price_changes": [{"asset_id": "82723421580711865209426195771673776828317955005214727613058698009878998022886", "price": "0.1", "size": "5.33", "side": "BUY", "hash": "b2b2a5cbc8eeab06ee40f68f0480281b33f06eec", "best_bid": "0.21", "best_ask": "0.77"}, {"asset_id": "62185190948670742717351165961194153942640386790239187999687676048885642242273", "price": "0.9", "size": "5.33", "side": "SELL", "hash": "68f2571321173217f36620cdba5e96627d77c64e", "best_bid": "0.23", "best_ask": "0.79"}], "timestamp": "1769384480935", "event_type": "price_change"}}
{"_local_timestamp": "2026-01-25T23:41:21.059744+00:00", "data": {"market": "0xe27ecdfe0e61429f85c0752cf011dd1059b28521726153255d750077df577c4a", "price_changes": [{"asset_id": "82723421580711865209426195771673776828317955005214727613058698009878998022886", "price": "0.23", "size": "5", "side": "BUY", "hash": "b709ffda6bacfc17d1526455de069e2ef8ce4ad5", "best_bid": "0.23", "best_ask": "0.77"}, {"asset_id": "62185190948670742717351165961194153942640386790239187999687676048885642242273", "price": "0.77", "size": "5", "side": "SELL", "hash": "b2bb226bceaad04d6032f55834d9b11e2bca5bd7", "best_bid": "0.23", "best_ask": "0.77"}], "timestamp": "1769384480936", "event_type": "price_change"}}
{"_local_timestamp": "2026-01-25T23:41:21.066161+00:00", "data": {"market": "0xe27ecdfe0e61429f85c0752cf011dd1059b28521726153255d750077df577c4a", "price_changes": [{"asset_id": "82723421580711865209426195771673776828317955005214727613058698009878998022886", "price": "0.1", "size": "10.66", "side": "BUY", "hash": "3888fabb8e87efd28dc326fefb831a971dd3728b", "best_bid": "0.23", "best_ask": "0.77"}, {"asset_id": "62185190948670742717351165961194153942640386790239187999687676048885642242273", "price": "0.9", "size": "10.66", "side": "SELL", "hash": "a8000266439f3adc78ec0ec5ee0edf6b835aa01e", "best_bid": "0.23", "best_ask": "0.77"}], "timestamp": "1769384480937", "event_type": "price_change"}}
{"_local_timestamp": "2026-01-25T23:41:21.994157+00:00", "data": {"market": "0xe27ecdfe0e61429f85c0752cf011dd1059b28521726153255d750077df577c4a", "price_changes": [{"asset_id": "82723421580711865209426195771673776828317955005214727613058698009878998022886", "price": "0.02", "size": "2110", "side": "BUY", "hash": "8972700afcd3390d5291edf7c3f303c370f68949", "best_bid": "0.21", "best_ask": "0.77"}, {"asset_id": "62185190948670742717351165961194153942640386790239187999687676048885642242273", "price": "0.98", "size": "2110", "side": "SELL", "hash": "8815a08f5c46a5b30f5ff7093f122a603e170c22", "best_bid": "0.23", "best_ask": "0.79"}], "timestamp": "1769384481879", "event_type": "price_change"}}
{"_local_timestamp": "2026-01-25T23:41:21.994785+00:00", "data": {"market": "0xe27ecdfe0e61429f85c0752cf011dd1059b28521726153255d750077df577c4a", "price_changes": [{"asset_id": "82723421580711865209426195771673776828317955005214727613058698009878998022886", "price": "0.05", "size": "170", "side": "BUY", "hash": "8972700afcd3390d5291edf7c3f303c370f68949", "best_bid": "0.21", "best_ask": "0.77"}, {"asset_id": "62185190948670742717351165961194153942640386790239187999687676048885642242273", "price": "0.95", "size": "170", "side": "SELL", "hash": "8815a08f5c46a5b30f5ff7093f122a603e170c22", "best_bid": "0.23", "best_ask": "0.79"}], "timestamp": "1769384481879", "event_type": "price_change"}}
{"_local_timestamp": "2026-01-25T23:41:21.995135+00:00", "data": {"market": "0xe27ecdfe0e61429f85c0752cf011dd1059b28521726153255d750077df577c4a", "price_changes": [{"asset_id": "82723421580711865209426195771673776828317955005214727613058698009878998022886", "price": "0.07", "size": "0", "side": "BUY", "hash": "8972700afcd3390d5291edf7c3f303c370f68949", "best_bid": "0.21", "best_ask": "0.77"}, {"asset_id": "62185190948670742717351165961194153942640386790239187999687676048885642242273", "price": "0.93", "size": "0", "side": "SELL", "hash": "8815a08f5c46a5b30f5ff7093f122a603e170c22", "best_bid": "0.23", "best_ask": "0.79"}], "timestamp": "1769384481879", "event_type": "price_change"}}
{"_local_timestamp": "2026-01-25T23:41:21.995478+00:00", "data": {"market": "0xe27ecdfe0e61429f85c0752cf011dd1059b28521726153255d750077df577c4a", "price_changes": [{"asset_id": "82723421580711865209426195771673776828317955005214727613058698009878998022886", "price": "0.1", "size": "5.33", "side": "BUY", "hash": "8972700afcd3390d5291edf7c3f303c370f68949", "best_bid": "0.21", "best_ask": "0.77"}, {"asset_id": "62185190948670742717351165961194153942640386790239187999687676048885642242273", "price": "0.9", "size": "5.33", "side": "SELL", "hash": "8815a08f5c46a5b30f5ff7093f122a603e170c22", "best_bid": "0.23", "best_ask": "0.79"}], "timestamp": "1769384481879", "event_type": "price_change"}}
{"_local_timestamp": "2026-01-25T23:41:21.995860+00:00", "data": {"market": "0xe27ecdfe0e61429f85c0752cf011dd1059b28521726153255d750077df577c4a", "price_changes": [{"asset_id": "82723421580711865209426195771673776828317955005214727613058698009878998022886", "price": "0.11", "size": "0", "side": "BUY", "hash": "8972700afcd3390d5291edf7c3f303c370f68949", "best_bid": "0.21", "best_ask": "0.77"}, {"asset_id": "62185190948670742717351165961194153942640386790239187999687676048885642242273", "price": "0.89", "size": "0", "side": "SELL", "hash": "8815a08f5c46a5b30f5ff7093f122a603e170c22", "best_bid": "0.23", "best_ask": "0.79"}], "timestamp": "1769384481879", "event_type": "price_change"}}
{"_local_timestamp": "2026-01-25T23:41:21.996185+00:00", "data": {"market": "0xe27ecdfe0e61429f85c0752cf011dd1059b28521726153255d750077df577c4a", "price_changes": [{"asset_id": "82723421580711865209426195771673776828317955005214727613058698009878998022886", "price": "0.23", "size": "0", "side": "BUY", "hash": "8972700afcd3390d5291edf7c3f303c370f68949", "best_bid": "0.21", "best_ask": "0.77"}, {"asset_id": "62185190948670742717351165961194153942640386790239187999687676048885642242273", "price": "0.77", "size": "0", "side": "SELL", "hash": "8815a08f5c46a5b30f5ff7093f122a603e170c22", "best_bid": "0.23", "best_ask": "0.79"}], "timestamp": "1769384481879", "event_type": "price_change"}}
{"_local_timestamp": "2026-01-25T23:41:21.997746+00:00", "data": {"market": "0xe27ecdfe0e61429f85c0752cf011dd1059b28521726153255d750077df577c4a", "price_changes": [{"asset_id": "62185190948670742717351165961194153942640386790239187999687676048885642242273", "price": "0.04", "size": "55.21", "side": "BUY", "hash": "6b817efd16d81866f44c1c57f17b3cf6e14699af", "best_bid": "0.23", "best_ask": "0.79"}, {"asset_id": "82723421580711865209426195771673776828317955005214727613058698009878998022886", "price": "0.96", "size": "55.21", "side": "SELL", "hash": "7be102a572d28a9767bd7bb0396edb25d1ff125c", "best_bid": "0.21", "best_ask": "0.77"}], "timestamp": "1769384481880", "event_type": "price_change"}}
{"_local_timestamp": "2026-01-25T23:41:22.331481+00:00", "data": {"market": "0xe27ecdfe0e61429f85c0752cf011dd1059b28521726153255d750077df577c4a", "price_changes": [{"asset_id": "62185190948670742717351165961194153942640386790239187999687676048885642242273", "price": "0.04", "size": "63.08", "side": "BUY", "hash": "8d5d8a3233d403095f2aea08e3e4151e2295e8f4", "best_bid": "0.23", "best_ask": "0.79"}, {"asset_id": "82723421580711865209426195771673776828317955005214727613058698009878998022886", "price": "0.96", "size": "63.08", "side": "SELL", "hash": "669fec92c8b523148ea8be8a16825c0b04aa61cb", "best_bid": "0.21", "best_ask": "0.77"}], "timestamp": "1769384482222", "event_type": "price_change"}}
{"_local_timestamp": "2026-01-25T23:41:22.341059+00:00", "data": {"market": "0xe27ecdfe0e61429f85c0752cf011dd1059b28521726153255d750077df577c4a", "price_changes": [{"asset_id": "82723421580711865209426195771673776828317955005214727613058698009878998022886", "price": "0.06", "size": "11.54", "side": "BUY", "hash": "97ae9167b96bf320bfb50af4f299a8a415496e02", "best_bid": "0.21", "best_ask": "0.77"}, {"asset_id": "62185190948670742717351165961194153942640386790239187999687676048885642242273", "price": "0.94", "size": "11.54", "side": "SELL", "hash": "2518d183e94f30c282c2d78076dde453522c0976", "best_bid": "0.23", "best_ask": "0.79"}], "timestamp": "1769384482223", "event_type": "price_change"}}
{"_local_timestamp": "2026-01-25T23:41:22.349781+00:00", "data": {"market": "0xe27ecdfe0e61429f85c0752cf011dd1059b28521726153255d750077df577c4a", "price_changes": [{"asset_id": "82723421580711865209426195771673776828317955005214727613058698009878998022886", "price": "0.13", "size": "106.27", "side": "BUY", "hash": "12b480b62ea5444f38a8ea70bf5c1e9c312903ea", "best_bid": "0.21", "best_ask": "0.77"}, {"asset_id": "62185190948670742717351165961194153942640386790239187999687676048885642242273", "price": "0.87", "size": "106.27", "side": "SELL", "hash": "730376f26255b62d79dcfc6412fba4bd834fb7a7", "best_bid": "0.23", "best_ask": "0.79"}], "timestamp": "1769384482224", "event_type": "price_change"}}
{"_local_timestamp": "2026-01-25T23:41:22.352913+00:00", "data": {"market": "0xe27ecdfe0e61429f85c0752cf011dd1059b28521726153255d750077df577c4a", "price_changes": [{"asset_id": "82723421580711865209426195771673776828317955005214727613058698009878998022886", "price": "0.28", "size": "5", "side": "BUY", "hash": "19e3952661c669cea5dc2bf5a131c45c8a7695d9", "best_bid": "0.28", "best_ask": "0.77"}, {"asset_id": "62185190948670742717351165961194153942640386790239187999687676048885642242273", "price": "0.72", "size": "5", "side": "SELL", "hash": "b50220b78e7613c0f36ec164739a36d664428ddb", "best_bid": "0.23", "best_ask": "0.72"}], "timestamp": "1769384482225", "event_type": "price_change"}}
{"_local_timestamp": "2026-01-25T23:41:22.356668+00:00", "data": {"market": "0xe27ecdfe0e61429f85c0752cf011dd1059b28521726153255d750077df577c4a", "price_changes": [{"asset_id": "82723421580711865209426195771673776828317955005214727613058698009878998022886", "price": "0.09", "size": "5.1", "side": "BUY", "hash": "28859b0673d60983021a16c068b1eaf6a1ac8a37", "best_bid": "0.28", "best_ask": "0.77"}, {"asset_id": "62185190948670742717351165961194153942640386790239187999687676048885642242273", "price": "0.91", "size": "5.1", "side": "SELL", "hash": "3e829f55c8311bd1c7317ca8ba39b4ca0b152a13", "best_bid": "0.23", "best_ask": "0.72"}], "timestamp": "1769384482226", "event_type": "price_change"}}
{"_local_timestamp": "2026-01-25T23:41:22.357108+00:00", "data": {"market": "0xe27ecdfe0e61429f85c0752cf011dd1059b28521726153255d750077df577c4a", "price_changes": [{"asset_id": "82723421580711865209426195771673776828317955005214727613058698009878998022886", "price": "0.09", "size": "10.2", "side": "BUY", "hash": "4e1e22e64da8edbd7d543fc26dbd0dd7205603c6", "best_bid": "0.28", "best_ask": "0.77"}, {"asset_id": "62185190948670742717351165961194153942640386790239187999687676048885642242273", "price": "0.91", "size": "10.2", "side": "SELL", "hash": "aa0ddbba9bfe9ebe4d1855fd9b1437c1be597843", "best_bid": "0.23", "best_ask": "0.72"}], "timestamp": "1769384482227", "event_type": "price_change"}}
{"_local_timestamp": "2026-01-25T23:41:23.821460+00:00", "data": {"market": "0xe27ecdfe0e61429f85c0752cf011dd1059b28521726153255d750077df577c4a", "price_changes": [{"asset_id": "82723421580711865209426195771673776828317955005214727613058698009878998022886", "price": "0.09", "size": "5.1", "side": "BUY", "hash": "85b3d5200b5a8ed4a9387158743856fb36be4cf2", "best_bid": "0.21", "best_ask": "0.77"}, {"asset_id": "62185190948670742717351165961194153942640386790239187999687676048885642242273", "price": "0.91", "size": "5.1", "side": "SELL", "hash": "ea8f20dd7e7fccb159bbf149562c722cb8d6c224", "best_bid": "0.23", "best_ask": "0.79"}], "timestamp": "1769384483709", "event_type": "price_change"}}
{"_local_timestamp": "2026-01-25T23:41:23.822504+00:00", "data": {"market": "0xe27ecdfe0e61429f85c0752cf011dd1059b28521726153255d750077df577c4a", "price_changes": [{"asset_id": "82723421580711865209426195771673776828317955005214727613058698009878998022886", "price": "0.1", "size": "0", "side": "BUY", "hash": "85b3d5200b5a8ed4a9387158743856fb36be4cf2", "best_bid": "0.21", "best_ask": "0.77"}, {"asset_id": "62185190948670742717351165961194153942640386790239187999687676048885642242273", "price": "0.9", "size": "0", "side": "SELL", "hash": "ea8f20dd7e7fccb159bbf149562c722cb8d6c224", "best_bid": "0.23", "best_ask": "0.79"}], "timestamp": "1769384483709", "event_type": "price_change"}}
{"_local_timestamp": "2026-01-25T23:41:23.822949+00:00", "data": {"market": "0xe27ecdfe0e61429f85c0752cf011dd1059b28521726153255d750077df577c4a", "price_changes": [{"asset_id": "82723421580711865209426195771673776828317955005214727613058698009878998022886", "price": "0.13", "size": "100", "side": "BUY", "hash": "85b3d5200b5a8ed4a9387158743856fb36be4cf2", "best_bid": "0.21", "best_ask": "0.77"}, {"asset_id": "62185190948670742717351165961194153942640386790239187999687676048885642242273", "price": "0.87", "size": "100", "side": "SELL", "hash": "ea8f20dd7e7fccb159bbf149562c722cb8d6c224", "best_bid": "0.23", "best_ask": "0.79"}], "timestamp": "1769384483709", "event_type": "price_change"}}
{"_local_timestamp": "2026-01-25T23:41:23.823460+00:00", "data": {"market": "0xe27ecdfe0e61429f85c0752cf011dd1059b28521726153255d750077df577c4a", "price_changes": [{"asset_id": "82723421580711865209426195771673776828317955005214727613058698009878998022886", "price": "0.28", "size": "0", "side": "BUY", "hash": "85b3d5200b5a8ed4a9387158743856fb36be4cf2", "best_bid": "0.21", "best_ask": "0.77"}, {"asset_id": "62185190948670742717351165961194153942640386790239187999687676048885642242273", "price": "0.72", "size": "0", "side": "SELL", "hash": "ea8f20dd7e7fccb159bbf149562c722cb8d6c224", "best_bid": "0.23", "best_ask": "0.79"}], "timestamp": "1769384483709", "event_type": "price_change"}}
{"_local_timestamp": "2026-01-25T23:41:24.122855+00:00", "data": {"market": "0xe27ecdfe0e61429f85c0752cf011dd1059b28521726153255d750077df577c4a", "price_changes": [{"asset_id": "82723421580711865209426195771673776828317955005214727613058698009878998022886", "price": "0.09", "size": "12.29", "side": "BUY", "hash": "d52930a8f3c3c412d996ea9b9847441c23504080", "best_bid": "0.21", "best_ask": "0.77"}, {"asset_id": "62185190948670742717351165961194153942640386790239187999687676048885642242273", "price": "0.91", "size": "12.29", "side": "SELL", "hash": "204876fd99c633248ece11e24523ec8ad9a39821", "best_bid": "0.23", "best_ask": "0.79"}], "timestamp": "1769384484026", "event_type": "price_change"}}
{"_local_timestamp": "2026-01-25T23:41:24.130918+00:00", "data": {"market": "0xe27ecdfe0e61429f85c0752cf011dd1059b28521726153255d750077df577c4a", "price_changes": [{"asset_id": "82723421580711865209426195771673776828317955005214727613058698009878998022886", "price": "0.03", "size": "18.78", "side": "BUY", "hash": "5fc2ebebd041b5582a5a10e980d50974131613f9", "best_bid": "0.21", "best_ask": "0.77"}, {"asset_id": "62185190948670742717351165961194153942640386790239187999687676048885642242273", "price": "0.97", "size": "18.78", "side": "SELL", "hash": "0783a8154b7cfd8a70db34c521810ebad8ec7649", "best_bid": "0.23", "best_ask": "0.79"}], "timestamp": "1769384484027", "event_type": "price_change"}}
{"_local_timestamp": "2026-01-25T23:41:24.131456+00:00", "data": {"market": "0xe27ecdfe0e61429f85c0752cf011dd1059b28521726153255d750077df577c4a", "price_changes": [{"asset_id": "82723421580711865209426195771673776828317955005214727613058698009878998022886", "price": "0.03", "size": "27.34", "side": "BUY", "hash": "9adf945bf03d721b10c10c12831194c522ea8f60", "best_bid": "0.21", "best_ask": "0.77"}, {"asset_id": "62185190948670742717351165961194153942640386790239187999687676048885642242273", "price": "0.97", "size": "27.34", "side": "SELL", "hash": "85f90bbf21b10dfc3c9b5e8927b8e006eb02bb10", "best_bid": "0.23", "best_ask": "0.79"}], "timestamp": "1769384484028", "event_type": "price_change"}}
{"_local_timestamp": "2026-01-25T23:41:24.135438+00:00", "data": {"market": "0xe27ecdfe0e61429f85c0752cf011dd1059b28521726153255d750077df577c4a", "price_changes": [{"asset_id": "82723421580711865209426195771673776828317955005214727613058698009878998022886", "price": "0.09", "size": "19.48", "side": "BUY", "hash": "d9e15e0babea97f3b93a9668e271ab852e9b8431", "best_bid": "0.21", "best_ask": "0.77"}, {"asset_id": "62185190948670742717351165961194153942640386790239187999687676048885642242273", "price": "0.91", "size": "19.48", "side": "SELL", "hash": "ef82c6725b4c718df5d0551972fdc50aecc0266d", "best_bid": "0.23", "best_ask": "0.79"}], "timestamp": "1769384484029", "event_type": "price_change"}}
{"_local_timestamp": "2026-01-25T23:41:24.135886+00:00", "data": {"market": "0xe27ecdfe0e61429f85c0752cf011dd1059b28521726153255d750077df577c4a", "price_changes": [{"asset_id": "82723421580711865209426195771673776828317955005214727613058698009878998022886", "price": "0.22", "size": "5", "side": "BUY", "hash": "fccb199967b83c278c58cd7e834fb39461d59b10", "best_bid": "0.22", "best_ask": "0.77"}, {"asset_id": "62185190948670742717351165961194153942640386790239187999687676048885642242273", "price": "0.78", "size": "5", "side": "SELL", "hash": "44822b83a67cd85113094e6ba3df40f2d5092412", "best_bid": "0.23", "best_ask": "0.78"}], "timestamp": "1769384484031", "event_type": "price_change"}}
