{"_local_timestamp": "2026-01-25T23:41:15.764898+00:00", "data": [{"market": "0xe27ecdfe0e61429f85c0752cf011dd1059b28521726153255d750077df577c4a", "asset_id": "82723421580711865209426195771673776828317955005214727613058698009878998022886", "timestamp": "1769384475650", "hash": "d4dc7a6a96e1a6c3c4d958cc139bcc2862dbadf3", "bids": [{"price": "0.01", "size": "10455.78"}, {"price": "0.02", "size": "2116.13"}, {"price": "0.03", "size": "15.49"}, {"price": "0.04", "size": "50"}, {"price": "0.05", "size": "182.81"}, {"price": "0.07", "size": "5.15"}, {"price": "0.08", "size": "25"}, {"price": "0.09", "size": "13.14"}, {"price": "0.12", "size": "6.49"}, {"price": "0.13", "size": "100"}, {"price": "0.14", "size": "78.57"}, {"price": "0.16", "size": "12.5"}, {"price": "0.17", "size": "5.83"}, {"price": "0.19", "size": "5.26"}, {"price": "0.21", "size": "25"}, {"price": "0.26", "size": "5"}], "asks": [{"price": "0.99", "size": "450.86"}, {"price": "0.98", "size": "110.85"}, {"price": "0.97", "size": "155.26"}, {"price": "0.96", "size": "63.08"}, {"price": "0.95", "size": "20"}, {"price": "0.94", "size": "8.67"}, {"price": "0.92", "size": "25"}, {"price": "0.91", "size": "15.04"}, {"price": "0.84", "size": "12.5"}, {"price": "0.83", "size": "5.73"}, {"price": "0.79", "size": "61.9"}, {"price": "0.78", "size": "50"}, {"price": "0.77", "size": "10"}], "event_type": "book", "last_trade_price": "0.230"}, {"market": "0xe27ecdfe0e61429f85c0752cf011dd1059b28521726153255d750077df577c4a", "asset_id": "62185190948670742717351165961194153942640386790239187999687676048885642242273", "timestamp": "1769384475650", "hash": "62e41dc5b4a1ea96309eb9ad90925af3caf7a5c3", "bids": [{"price": "0.01", "size": "450.86"}, {"price": "0.02", "size": "110.85"}, {"price": "0.03", "size": "155.26"}, {"price": "0.04", "size": "63.08"}, {"price": "0.05", "size": "20"}, {"price": "0.06", "size": "8.67"}, {"price": "0.08", "size": "25"}, {"price": "0.09", "size": "15.04"}, {"price": "0.16", "size": "12.5"}, {"price": "0.17", "size": "5.73"}, {"price": "0.21", "size": "61.9"}, {"price": "0.22", "size": "50"}, {"price": "0.23", "size": "10"}], "asks": [{"price": "0.99", "size": "10455.78"}, {"price": "0.98", "size": "2116.13"}, {"price": "0.97", "size": "15.49"}, {"price": "0.96", "size": "50"}, {"price": "0.95", "size": "182.81"}, {"price": "0.93", "size": "5.15"}, {"price": "0.92", "size": "25"}, {"price": "0.91", "size": "13.14"}, {"price": "0.88", "size": "6.49"}, {"price": "0.87", "size": "100"}, {"price": "0.86", "size": "78.57"}, {"price": "0.84", "size": "12.5"}, {"price": "0.83", "size": "5.83"}, {"price": "0.81", "size": "5.26"}, {"price": "0.79", "size": "25"}, {"price": "0.74", "size": "5"}], "event_type": "book", "last_trade_price": "0.230"}]}
{"_local_timestamp": "2026-01-25T23:41:17.569684+00:00", "data": {"market": "0xe27ecdfe0e61429f85c0752cf011dd1059b28521726153255d750077df577c4a", "price_changes": [{"asset_id": "82723421580711865209426195771673776828317955005214727613058698009878998022886", "price": "0.05", "size": "175.87", "side": "BUY", "hash": "65ede6c2ffbcbf004cdd9f7d5b3baf94bb252845", "best_bid": "0.21", "best_ask": "0.77"}, {"asset_id": "62185190948670742717351165961194153942640386790239187999687676048885642242273", "price": "0.95", "size": "175.87", "side": "SELL", "hash": "6303b9601038380c290b8e11e8c6cd0b11e75566", "best_bid": "0.23", "best_ask": "0.79"}], "timestamp": "1769384477449", "event_type": "price_change"}}
{"_local_timestamp": "2026-01-25T23:41:17.570819+00:00", "data": {"market": "0xe27ecdfe0e61429f85c0752cf011dd1059b28521726153255d750077df577c4a", "price_changes": [{"asset_id": "82723421580711865209426195771673776828317955005214727613058698009878998022886", "price": "0.12", "size": "0", "side": "BUY", "hash": "65ede6c2ffbcbf004cdd9f7d5b3baf94bb252845", "best_bid": "0.21", "best_ask": "0.77"}, {"asset_id": "62185190948670742717351165961194153942640386790239187999687676048885642242273", "price": "0.88", "size": "0", "side": "SELL", "hash": "6303b9601038380c290b8e11e8c6cd0b11e75566", "best_bid": "0.23", "best_ask": "0.79"}], "timestamp": "1769384477449", "event_type": "price_change"}}
{"_local_timestamp": "2026-01-25T23:41:17.571449+00:00", "data": {"market": "0xe27ecdfe0e61429f85c0752cf011dd1059b28521726153255d750077df577c4a", "price_changes": [{"asset_id": "82723421580711865209426195771673776828317955005214727613058698009878998022886", "price": "0.26", "size": "0", "side": "BUY", "hash": "65ede6c2ffbcbf004cdd9f7d5b3baf94bb252845", "best_bid": "0.21", "best_ask": "0.77"}, {"asset_id": "62185190948670742717351165961194153942640386790239187999687676048885642242273", "price": "0.74", "size": "0", "side": "SELL", "hash": "6303b9601038380c290b8e11e8c6cd0b11e75566", "best_bid": "0.23", "best_ask": "0.79"}], "timestamp": "1769384477449", "event_type": "price_change"}}
{"_local_timestamp": "2026-01-25T23:41:17.828632+00:00", "data": {"market": "0xe27ecdfe0e61429f85c0752cf011dd1059b28521726153255d750077df577c4a", "price_changes": [{"asset_id": "62185190948670742717351165961194153942640386790239187999687676048885642242273", "price": "0.04", "size": "55.21", "side": "BUY", "hash": "5ad2704f4a933b0788e253ee150ab8b146d95eae", "best_bid": "0.23", "best_ask": "0.79"}, {"asset_id": "82723421580711865209426195771673776828317955005214727613058698009878998022886", "price": "0.96", "size": "55.21", "side": "SELL", "hash": "599a81af6d0908a564abb78d4ae3699dfd2cc934", "best_bid": "0.21", "best_ask": "0.77"}], "timestamp": "1769384477450", "event_type": "price_change"}}
{"_local_timestamp": "2026-01-25T23:41:18.103348+00:00", "data": {"market": "0xe27ecdfe0e61429f85c0752cf011dd1059b28521726153255d750077df577c4a", "price_changes": [{"asset_id": "62185190948670742717351165961194153942640386790239187999687676048885642242273", "price": "0.04", "size": "63.08", "side": "BUY", "hash": "ab47c7ea18960891f303a3bcdb19c7c434a52318", "best_bid": "0.23", "best_ask": "0.79"}, {"asset_id": "82723421580711865209426195771673776828317955005214727613058698009878998022886", "price": "0.96", "size": "63.08", "side": "SELL", "hash": "f671455bbdce85df1dbcf90b3691e848fbbdeab8", "best_bid": "0.21", "best_ask": "0.77"}], "timestamp": "1769384477951", "event_type": "price_change"}}
{"_local_timestamp": "2026-01-25T23:41:18.103788+00:00", "data": {"market": "0xe27ecdfe0e61429f85c0752cf011dd1059b28521726153255d750077df577c4a", "price_changes": [{"asset_id": "82723421580711865209426195771673776828317955005214727613058698009878998022886", "price": "0.22", "size": "5", "side": "BUY", "hash": "53b49927012fd7a680c53cf3d9a670aa7391e8d1", "best_bid": "0.22", "best_ask": "0.77"}, {"asset_id": "62185190948670742717351165961194153942640386790239187999687676048885642242273", "price": "0.78", "size": "5", "side": "SELL", "hash": "bf592bec5651dfd16060330f8d90e6d0242afcfa", "best_bid": "0.23", "best_ask": "0.78"}], "timestamp": "1769384477957", "event_type": "price_change"}}
{"_local_timestamp": "2026-01-25T23:41:18.104106+00:00", "data": {"market": "0xe27ecdfe0e61429f85c0752cf011dd1059b28521726153255d750077df577c4a", "price_changes": [{"asset_id": "82723421580711865209426195771673776828317955005214727613058698009878998022886", "price": "0.11", "size": "7.66", "side": "BUY", "hash": "f4e2522456720c09885f040504828f93b6e27513", "best_bid": "0.22", "best_ask": "0.77"}, {"asset_id": "62185190948670742717351165961194153942640386790239187999687676048885642242273", "price": "0.89", "size": "7.66", "side": "SELL", "hash": "f8239ec05d43d4292df574e8bcaba413e29f8aa1", "best_bid": "0.23", "best_ask": "0.78"}], "timestamp": "1769384477960", "event_type": "price_change"}}
{"_local_timestamp": "2026-01-25T23:41:18.104380+00:00", "data": {"market": "0xe27ecdfe0e61429f85c0752cf011dd1059b28521726153255d750077df577c4a", "price_changes": [{"asset_id": "82723421580711865209426195771673776828317955005214727613058698009878998022886", "price": "0.04", "size": "57.09", "side": "BUY", "hash": "2660df9f597a263fb1b60bb4866fa8edcbeb0695", "best_bid": "0.22", "best_ask": "0.77"}, {"asset_id": "62185190948670742717351165961194153942640386790239187999687676048885642242273", "price": "0.96", "size": "57.09", "side": "SELL", "hash": "3acf61a75a4ee85ed6eef0217ad8207dbcf5f08f", "best_bid": "0.23", "best_ask": "0.78"}], "timestamp": "1769384477963", "event_type": "price_change"}}
{"_local_timestamp": "2026-01-25T23:41:18.901184+00:00", "data": {"market": "0xe27ecdfe0e61429f85c0752cf011dd1059b28521726153255d750077df577c4a", "price_changes": [{"asset_id": "62185190948670742717351165961194153942640386790239187999687676048885642242273", "price": "0.04", "size": "55.21", "side": "BUY", "hash": "5251721641306ff7338db34df52ce7e5dbd3123b", "best_bid": "0.23", "best_ask": "0.78"}, {"asset_id": "82723421580711865209426195771673776828317955005214727613058698009878998022886", "price": "0.96", "size": "55.21", "side": "SELL", "hash": "4b607f45ae0c8695cece19524c2b87a5ed786612", "best_bid": "0.22", "best_ask": "0.77"}], "timestamp": "1769384478771", "event_type": "price_change"}}
{"_local_timestamp": "2026-01-25T23:41:19.314192+00:00", "data": {"market": "0xe27ecdfe0e61429f85c0752cf011dd1059b28521726153255d750077df577c4a", "price_changes": [{"asset_id": "62185190948670742717351165961194153942640386790239187999687676048885642242273", "price": "0.04", "size": "63.08", "side": "BUY", "hash": "9ccf69f1dcc541d0a2896fa1a6bee7f3c5a4c12b", "best_bid": "0.23", "best_ask": "0.78"}, {"asset_id": "82723421580711865209426195771673776828317955005214727613058698009878998022886", "price": "0.96", "size": "63.08", "side": "SELL", "hash": "f59d3b6b713cde42525fa72f44e552af24f335e9", "best_bid": "0.22", "best_ask": "0.77"}], "timestamp": "1769384479182", "event_type": "price_change"}}
{"_local_timestamp": "2026-01-25T23:41:19.351577+00:00", "data": {"market": "0xe27ecdfe0e61429f85c0752cf011dd1059b28521726153255d750077df577c4a", "price_changes": [{"asset_id": "82723421580711865209426195771673776828317955005214727613058698009878998022886", "price": "0.03", "size": "10.22", "side": "BUY", "hash": "8ae8b76e8108424854c4a31f26fbe1bfcc458860", "best_bid": "0.21", "best_ask": "0.77"}, {"asset_id": "62185190948670742717351165961194153942640386790239187999687676048885642242273", "price": "0.97", "size": "10.22", "side": "SELL", "hash": "57b8b2ca25935f85cd5d1f1696403c60c8d6fe09", "best_bid": "0.23", "best_ask": "0.79"}], "timestamp": "1769384479210", "event_type": "price_change"}}
{"_local_timestamp": "2026-01-25T23:41:19.356847+00:00", "data": {"market": "0xe27ecdfe0e61429f85c0752cf011dd1059b28521726153255d750077df577c4a", "price_changes": [{"asset_id": "82723421580711865209426195771673776828317955005214727613058698009878998022886", "price": "0.09", "size": "6.57", "side": "BUY", "hash": "8ae8b76e8108424854c4a31f26fbe1bfcc458860", "best_bid": "0.21", "best_ask": "0.77"}, {"asset_id": "62185190948670742717351165961194153942640386790239187999687676048885642242273", "price": "0.91", "size": "6.57", "side": "SELL", "hash": "57b8b2ca25935f85cd5d1f1696403c60c8d6fe09", "best_bid": "0.23", "best_ask": "0.79"}], "timestamp": "1769384479210", "event_type": "price_change"}}
{"_local_timestamp": "2026-01-25T23:41:19.363370+00:00", "data": {"market": "0xe27ecdfe0e61429f85c0752cf011dd1059b28521726153255d750077df577c4a", "price_changes": [{"asset_id": "82723421580711865209426195771673776828317955005214727613058698009878998022886", "price": "0.22", "size": "0", "side": "BUY", "hash": "8ae8b76e8108424854c4a31f26fbe1bfcc458860", "best_bid": "0.21", "best_ask": "0.77"}, {"asset_id": "62185190948670742717351165961194153942640386790239187999687676048885642242273", "price": "0.78", "size": "0", "side": "SELL", "hash": "57b8b2ca25935f85cd5d1f1696403c60c8d6fe09", "best_bid": "0.23", "best_ask": "0.79"}], "timestamp": "1769384479210", "event_type": "price_change"}}
{"_local_timestamp": "2026-01-25T23:41:19.760907+00:00", "data": {"market": "0xe27ecdfe0e61429f85c0752cf011dd1059b28521726153255d750077df577c4a", "price_changes": [{"asset_id": "82723421580711865209426195771673776828317955005214727613058698009878998022886", "price": "0.07", "size": "10.67", "side": "BUY", "hash": "28766e04c3a4479594896bb5a1909ac6a00fcaf1", "best_bid": "0.21", "best_ask": "0.77"}, {"asset_id": "62185190948670742717351165961194153942640386790239187999687676048885642242273", "price": "0.93", "size": "10.67", "side": "SELL", "hash": "5f7ad43313e680ea486bf045f6ec2da06b10a315", "best_bid": "0.23", "best_ask": "0.79"}], "timestamp": "1769384479607", "event_type": "price_change"}}
{"_local_timestamp": "2026-01-25T23:41:19.761595+00:00", "data": {"market": "0xe27ecdfe0e61429f85c0752cf011dd1059b28521726153255d750077df577c4a", "price_changes": [{"asset_id": "82723421580711865209426195771673776828317955005214727613058698009878998022886", "price": "0.06", "size": "6.06", "side": "BUY", "hash": "8fc494864859c267ebfd0db759b8998b667bd20d", "best_bid": "0.21", "best_ask": "0.77"}, {"asset_id": "62185190948670742717351165961194153942640386790239187999687676048885642242273", "price": "0.94", "size": "6.06", "side": "SELL", "hash": "8029bb2ebba837d75b4e5cb7df596c4afa2768a9", "best_bid": "0.23", "best_ask": "0.79"}], "timestamp": "1769384479608", "event_type": "price_change"}}
{"_local_timestamp": "2026-01-25T23:41:19.762699+00:00", "data": {"market": "0xe27ecdfe0e61429f85c0752cf011dd1059b28521726153255d750077df577c4a", "price_changes": [{"asset_id": "82723421580711865209426195771673776828317955005214727613058698009878998022886", "price": "0.23", "size": "5", "side": "BUY", "hash": "b73331fd5f8a0c28add890117854524c5df084cc", "best_bid": "0.23", "best_ask": "0.77"}, {"asset_id": "62185190948670742717351165961194153942640386790239187999687676048885642242273", "price": "0.77", "size": "5", "side": "SELL", "hash": "8c3c08fe6ff52d49214510e3afd8dad8fdef818f", "best_bid": "0.23", "best_ask": "0.77"}], "timestamp": "1769384479609", "event_type": "price_change"}}
{"_local_timestamp": "2026-01-25T23:41:20.236186+00:00", "data": {"market": "0xe27ecdfe0e61429f85c0752cf011dd1059b28521726153255d750077df577c4a", "price_changes": [{"asset_id": "62185190948670742717351165961194153942640386790239187999687676048885642242273", "price": "0.04", "size": "55.21", "side": "BUY", "hash": "298793e38eee5714fc5e631ac74bdbd2aae2f00e", "best_bid": "0.23", "best_ask": "0.77"}, {"asset_id": "82723421580711865209426195771673776828317955005214727613058698009878998022886", "price": "0.96", "size": "55.21", "side": "SELL", "hash": "95ae9c85d1f53f63bf42e5dd7cd6837dcfde769a", "best_bid": "0.23", "best_ask": "0.77"}], "timestamp": "1769384480076", "event_type": "price_change"}}
{"_local_timestamp": "2026-01-25T23:41:20.608317+00:00", "data": {"market": "0xe27ecdfe0e61429f85c0752cf011dd1059b28521726153255d750077df577c4a", "price_changes": [{"asset_id": "62185190948670742717351165961194153942640386790239187999687676048885642242273", "price": "0.04", "size": "63.08", "side": "BUY", "hash": "9c862c0bc09800a5bb80aba8975f2b20527c9f63", "best_bid": "0.23", "best_ask": "0.77"}, {"asset_id": "82723421580711865209426195771673776828317955005214727613058698009878998022886", "price": "0.96", "size": "63.08", "side": "SELL", "hash": "b9f2dcceca9862a11bc3543f981162b22f065c27", "best_bid": "0.23", "best_ask": "0.77"}], "timestamp": "1769384480457", "event_type": "price_change"}}
{"_local_timestamp": "2026-01-25T23:41:20.657621+00:00", "data": {"market": "0xe27ecdfe0e61429f85c0752cf011dd1059b28521726153255d750077df577c4a", "price_changes": [{"asset_id": "82723421580711865209426195771673776828317955005214727613058698009878998022886", "price": "0.07", "size": "5.15", "side": "BUY", "hash": "960600b557720ad3be82de260d796cd1a3b99e0c", "best_bid": "0.21", "best_ask": "0.77"}, {"asset_id": "62185190948670742717351165961194153942640386790239187999687676048885642242273", "price": "0.93", "size": "5.15", "side": "SELL", "hash": "5667ce9857085de3c866f9c86990fa9ef74de474", "best_bid": "0.23", "best_ask": "0.79"}], "timestamp": "1769384480510", "event_type": "price_change"}}
{"_local_timestamp": "2026-01-25T23:41:20.659054+00:00", "data": {"market": "0xe27ecdfe0e61429f85c0752cf011dd1059b28521726153255d750077df577c4a", "price_changes": [{"asset_id": "82723421580711865209426195771673776828317955005214727613058698009878998022886", "price": "0.09", "size": "0", "side": "BUY", "hash": "960600b557720ad3be82de260d796cd1a3b99e0c", "best_bid": "0.21", "best_ask": "0.77"}, {"asset_id": "62185190948670742717351165961194153942640386790239187999687676048885642242273", "price": "0.91", "size": "0", "side": "SELL", "hash": "5667ce9857085de3c866f9c86990fa9ef74de474", "best_bid": "0.23", "best_ask": "0.79"}], "timestamp": "1769384480510", "event_type": "price_change"}}
{"_local_timestamp": "2026-01-25T23:41:20.660443+00:00", "data": {"market": "0xe27ecdfe0e61429f85c0752cf011dd1059b28521726153255d750077df577c4a", "price_changes": [{"asset_id": "82723421580711865209426195771673776828317955005214727613058698009878998022886", "price": "0.11", "size": "0", "side": "BUY", "hash": "960600b557720ad3be82de260d796cd1a3b99e0c", "best_bid": "0.21", "best_ask": "0.77"}, {"asset_id": "62185190948670742717351165961194153942640386790239187999687676048885642242273", "price": "0.89", "size": "0", "side": "SELL", "hash": "5667ce9857085de3c866f9c86990fa9ef74de474", "best_bid": "0.23", "best_ask": "0.79"}], "timestamp": "1769384480510", "event_type": "price_change"}}
{"_local_timestamp": "2026-01-25T23:41:20.660918+00:00", "data": {"market": "0xe27ecdfe0e61429f85c0752cf011dd1059b28521726153255d750077df577c4a", "price_changes": [{"asset_id": "82723421580711865209426195771673776828317955005214727613058698009878998022886", "price": "0.23", "size": "0", "side": "BUY", "hash": "960600b557720ad3be82de260d796cd1a3b99e0c", "best_bid": "0.21", "best_ask": "0.77"}, {"asset_id": "62185190948670742717351165961194153942640386790239187999687676048885642242273", "price": "0.77", "size": "0", "side": "SELL", "hash": "5667ce9857085de3c866f9c86990fa9ef74de474", "best_bid": "0.23", "best_ask": "0.79"}], "timestamp": "1769384480510", "event_type": "price_change"}}
{"_local_timestamp": "2026-01-25T23:41:21.058219+00:00", "data": {"market": "0xe27ecdfe0e61429f85c0752cf011dd1059b28521726153255d750077df577c4a", "price_changes": [{"asset_id": "82723421580711865209426195771673776828317955005214727613058698009878998022886", "price": "0.11", "size": "6.84", "side": "BUY", "hash": "a58307767cb8ac237c0671cc024655b0c0f3b048", "best_bid": "0.21", "best_ask": "0.77"}, {"asset_id": "62185190948670742717351165961194153942640386790239187999687676048885642242273", "price": "0.89", "size": "6.84", "side": "SELL", "hash": "c1dcade28cd5b400b4e094ade17f4aeec240cc76", "best_bid": "0.23", "best_ask": "0.79"}], "timestamp": "1769384480934", "event_type": "price_change"}}
{"_local_timestamp": "2026-01-25T23:41:21.059250+00:00", "data": {"market": "0xe27ecdfe0e61429f85c0752cf011dd1059b28521726153255d750077df577c4a", "price_changes": [{"asset_id": "82723421580711865209426195771673776828317955005214727613058698009878998022886", "price": "0.1", "size": "5.33", "side": "BUY", "hash": "b2b2a5cbc8eeab06ee40f68f0480281b33f06eec", "best_bid": "0.21", "best_ask": "0.77"}, {"asset_id": "62185190948670742717351165961194153942640386790239187999687676048885642242273", "price": "0.9", "size": "5.33", "side": "SELL", "hash": "68f2571321173217f36620cdba5e96627d77c64e", "best_bid": "0.23", "best_ask": "0.79"}], "timestamp": "1769384480935", "event_type": "price_change"}}
{"_local_timestamp": "2026-01-25T23:41:21.059744+00:00", "data": {"market": "0xe27ecdfe0e61429f85c0752cf011dd1059b28521726153255d750077df577c4a", "price_changes": [{"asset_id": "82723421580711865209426195771673776828317955005214727613058698009878998022886", "price": "0.23", "size": "5", "side": "BUY", "hash": "b709ffda6bacfc17d1526455de069e2ef8ce4ad5", "best_bid": "0.23", "best_ask": "0.77"}, {"asset_id": "62185190948670742717351165961194153942640386790239187999687676048885642242273", "price": "0.77", "size": "5", "side": "SELL", "hash": "b2bb226bceaad04d6032f55834d9b11e2bca5bd7", "best_bid": "0.23", "best_ask": "0.77"}], "timestamp": "1769384480936", "event_type": "price_change"}}
{"_local_timestamp": "2026-01-25T23:41:21.066161+00:00", "data": {"market": "0xe27ecdfe0e61429f85c0752cf011dd1059b28521726153255d750077df577c4a", "price_changes": [{"asset_id": "82723421580711865209426195771673776828317955005214727613058698009878998022886", "price": "0.1", "size": "10.66", "side": "BUY", "hash": "3888fabb8e87efd28dc326fefb831a971dd3728b", "best_bid": "0.23", "best_ask": "0.77"}, {"asset_id": "62185190948670742717351165961194153942640386790239187999687676048885642242273", "price": "0.9", "size": "10.66", "side": "SELL", "hash": "a8000266439f3adc78ec0ec5ee0edf6b835aa01e", "best_bid": "0.23", "best_ask": "0.77"}], "timestamp": "1769384480937", "event_type": "price_change"}}
{"_local_timestamp": "2026-01-25T23:41:21.994157+00:00", "data": {"market": "0xe27ecdfe0e61429f85c0752cf011dd1059b28521726153255d750077df577c4a", "price_changes": [{"asset_id": "82723421580711865209426195771673776828317955005214727613058698009878998022886", "price": "0.02", "size": "2110", "side": "BUY", "hash": "8972700afcd3390d5291edf7c3f303c370f68949", "best_bid": "0.21", "best_ask": "0.77"}, {"asset_id": "62185190948670742717351165961194153942640386790239187999687676048885642242273", "price": "0.98", "size": "2110", "side": "SELL", "hash": "8815a08f5c46a5b30f5ff7093f122a603e170c22", "best_bid": "0.23", "best_ask": "0.79"}], "timestamp": "1769384481879", "event_type": "price_change"}}
{"_local_timestamp": "2026-01-25T23:41:21.994785+00:00", "data": {"market": "0xe27ecdfe0e61429f85c0752cf011dd1059b28521726153255d750077df577c4a", "price_changes": [{"asset_id": "82723421580711865209426195771673776828317955005214727613058698009878998022886", "price": "0.05", "size": "170", "side": "BUY", "hash": "8972700afcd3390d5291edf7c3f303c370f68949", "best_bid": "0.21", "best_ask": "0.77"}, {"asset_id": "62185190948670742717351165961194153942640386790239187999687676048885642242273", "price": "0.95", "size": "170", "side": "SELL", "hash": "8815a08f5c46a5b30f5ff7093f122a603e170c22", "best_bid": "0.23", "best_ask": "0.79"}], "timestamp": "1769384481879", "event_type": "price_change"}}
{"_local_timestamp": "2026-01-25T23:41:21.995135+00:00", "data": {"market": "0xe27ecdfe0e61429f85c0752cf011dd1059b28521726153255d750077df577c4a", "price_changes": [{"asset_id": "82723421580711865209426195771673776828317955005214727613058698009878998022886", "price": "0.07", "size": "0", "side": "BUY", "hash": "8972700afcd3390d5291edf7c3f303c370f68949", "best_bid": "0.21", "best_ask": "0.77"}, {"asset_id": "62185190948670742717351165961194153942640386790239187999687676048885642242273", "price": "0.93", "size": "0", "side": "SELL", "hash": "8815a08f5c46a5b30f5ff7093f122a603e170c22", "best_bid": "0.23", "best_ask": "0.79"}], "timestamp": "1769384481879", "event_type": "price_change"}}
{"_local_timestamp": "2026-01-25T23:41:21.995478+00:00", "data": {"market": "0xe27ecdfe0e61429f85c0752cf011dd1059b28521726153255d750077df577c4a", "price_changes": [{"asset_id": "82723421580711865209426195771673776828317955005214727613058698009878998022886", "price": "0.1", "size": "5.33", "side": "BUY", "hash": "8972700afcd3390d5291edf7c3f303c370f68949", "best_bid": "0.21", "best_ask": "0.77"}, {"asset_id": "62185190948670742717351165961194153942640386790239187999687676048885642242273", "price": "0.9", "size": "5.33", "side": "SELL", "hash": "8815a08f5c46a5b30f5ff7093f122a603e170c22", "best_bid": "0.23", "best_ask": "0.79"}], "timestamp": "1769384481879", "event_type": "price_change"}}
{"_local_timestamp": "2026-01-25T23:41:21.995860+00:00", "data": {"market": "0xe27ecdfe0e61429f85c0752cf011dd1059b28521726153255d750077df577c4a", "price_changes": [{"asset_id": "82723421580711865209426195771673776828317955005214727613058698009878998022886", "price": "0.11", "size": "0", "side": "BUY", "hash": "8972700afcd3390d5291edf7c3f303c370f68949", "best_bid": "0.21", "best_ask": "0.77"}, {"asset_id": "62185190948670742717351165961194153942640386790239187999687676048885642242273", "price": "0.89", "size": "0", "side": "SELL", "hash": "8815a08f5c46a5b30f5ff7093f122a603e170c22", "best_bid": "0.23", "best_ask": "0.79"}], "timestamp": "1769384481879", "event_type": "price_change"}}
{"_local_timestamp": "2026-01-25T23:41:21.996185+00:00", "data": {"market": "0xe27ecdfe0e61429f85c0752cf011dd1059b28521726153255d750077df577c4a", "price_changes": [{"asset_id": "82723421580711865209426195771673776828317955005214727613058698009878998022886", "price": "0.23", "size": "0", "side": "BUY", "hash": "8972700afcd3390d5291edf7c3f303c370f68949", "best_bid": "0.21", "best_ask": "0.77"}, {"asset_id": "62185190948670742717351165961194153942640386790239187999687676048885642242273", "price": "0.77", "size": "0", "side": "SELL", "hash": "8815a08f5c46a5b30f5ff7093f122a603e170c22", "best_bid": "0.23", "best_ask": "0.79"}], "timestamp": "1769384481879", "event_type": "price_change"}}
{"_local_timestamp": "2026-01-25T23:41:21.997746+00:00", "data": {"market": "0xe27ecdfe0e61429f85c0752cf011dd1059b28521726153255d750077df577c4a", "price_changes": [{"asset_id": "62185190948670742717351165961194153942640386790239187999687676048885642242273", "price": "0.04", "size": "55.21", "side": "BUY", "hash": "6b817efd16d81866f44c1c57f17b3cf6e14699af", "best_bid": "0.23", "best_ask": "0.79"}, {"asset_id": "82723421580711865209426195771673776828317955005214727613058698009878998022886", "price": "0.96", "size": "55.21", "side": "SELL", "hash": "7be102a572d28a9767bd7bb0396edb25d1ff125c", "best_bid": "0.21", "best_ask": "0.77"}], "timestamp": "1769384481880", "event_type": "price_change"}}
{"_local_timestamp": "2026-01-25T23:41:22.331481+00:00", "data": {"market": "0xe27ecdfe0e61429f85c0752cf011dd1059b28521726153255d750077df577c4a", "price_changes": [{"asset_id": "62185190948670742717351165961194153942640386790239187999687676048885642242273", "price": "0.04", "size": "63.08", "side": "BUY", "hash": "8d5d8a3233d403095f2aea08e3e4151e2295e8f4", "best_bid": "0.23", "best_ask": "0.79"}, {"asset_id": "82723421580711865209426195771673776828317955005214727613058698009878998022886", "price": "0.96", "size": "63.08", "side": "SELL", "hash": "669fec92c8b523148ea8be8a16825c0b04aa61cb", "best_bid": "0.21", "best_ask": "0.77"}], "timestamp": "1769384482222", "event_type": "price_change"}}
{"_local_timestamp": "2026-01-25T23:41:22.341059+00:00", "data": {"market": "0xe27ecdfe0e61429f85c0752cf011dd1059b28521726153255d750077df577c4a", "price_changes": [{"asset_id": "82723421580711865209426195771673776828317955005214727613058698009878998022886", "price": "0.06", "size": "11.54", "side": "BUY", "hash": "97ae9167b96bf320bfb50af4f299a8a415496e02", "best_bid": "0.21", "best_ask": "0.77"}, {"asset_id": "62185190948670742717351165961194153942640386790239187999687676048885642242273", "price": "0.94", "size": "11.54", "side": "SELL", "hash": "2518d183e94f30c282c2d78076dde453522c0976", "best_bid": "0.23", "best_ask": "0.79"}], "timestamp": "1769384482223", "event_type": "price_change"}}
{"_local_timestamp": "2026-01-25T23:41:22.349781+00:00", "data": {"market": "0xe27ecdfe0e61429f85c0752cf011dd1059b28521726153255d750077df577c4a", "price_changes": [{"asset_id": "82723421580711865209426195771673776828317955005214727613058698009878998022886", "price": "0.13", "size": "106.27", "side": "BUY", "hash": "12b480b62ea5444f38a8ea70bf5c1e9c312903ea", "best_bid": "0.21", "best_ask": "0.77"}, {"asset_id": "62185190948670742717351165961194153942640386790239187999687676048885642242273", "price": "0.87", "size": "106.27", "side": "SELL", "hash": "730376f26255b62d79dcfc6412fba4bd834fb7a7", "best_bid": "0.23", "best_ask": "0.79"}], "timestamp": "1769384482224", "event_type": "price_change"}}
{"_local_timestamp": "2026-01-25T23:41:22.352913+00:00", "data": {"market": "0xe27ecdfe0e61429f85c0752cf011dd1059b28521726153255d750077df577c4a", "price_changes": [{"asset_id": "82723421580711865209426195771673776828317955005214727613058698009878998022886", "price": "0.28", "size": "5", "side": "BUY", "hash": "19e3952661c669cea5dc2bf5a131c45c8a7695d9", "best_bid": "0.28", "best_ask": "0.77"}, {"asset_id": "62185190948670742717351165961194153942640386790239187999687676048885642242273", "price": "0.72", "size": "5", "side": "SELL", "hash": "b50220b78e7613c0f36ec164739a36d664428ddb", "best_bid": "0.23", "best_ask": "0.72"}], "timestamp": "1769384482225", "event_type": "price_change"}}
{"_local_timestamp": "2026-01-25T23:41:22.356668+00:00", "data": {"market": "0xe27ecdfe0e61429f85c0752cf011dd1059b28521726153255d750077df577c4a", "price_changes": [{"asset_id": "82723421580711865209426195771673776828317955005214727613058698009878998022886", "price": "0.09", "size": "5.1", "side": "BUY", "hash": "28859b0673d60983021a16c068b1eaf6a1ac8a37", "best_bid": "0.28", "best_ask": "0.77"}, {"asset_id": "62185190948670742717351165961194153942640386790239187999687676048885642242273", "price": "0.91", "size": "5.1", "side": "SELL", "hash": "3e829f55c8311bd1c7317ca8ba39b4ca0b152a13", "best_bid": "0.23", "best_ask": "0.72"}], "timestamp": "1769384482226", "event_type": "price_change"}}
{"_local_timestamp": "2026-01-25T23:41:22.357108+00:00", "data": {"market": "0xe27ecdfe0e61429f85c0752cf011dd1059b28521726153255d750077df577c4a", "price_changes": [{"asset_id": "82723421580711865209426195771673776828317955005214727613058698009878998022886", "price": "0.09", "size": "10.2", "side": "BUY", "hash": "4e1e22e64da8edbd7d543fc26dbd0dd7205603c6", "best_bid": "0.28", "best_ask": "0.77"}, {"asset_id": "62185190948670742717351165961194153942640386790239187999687676048885642242273", "price": "0.91", "size": "10.2", "side": "SELL", "hash": "aa0ddbba9bfe9ebe4d1855fd9b1437c1be597843", "best_bid": "0.23", "best_ask": "0.72"}], "timestamp": "1769384482227", "event_type": "price_change"}}
{"_local_timestamp": "2026-01-25T23:41:23.821460+00:00", "data": {"market": "0xe27ecdfe0e61429f85c0752cf011dd1059b28521726153255d750077df577c4a", "price_changes": [{"asset_id": "82723421580711865209426195771673776828317955005214727613058698009878998022886", "price": "0.09", "size": "5.1", "side": "BUY", "hash": "85b3d5200b5a8ed4a9387158743856fb36be4cf2", "best_bid": "0.21", "best_ask": "0.77"}, {"asset_id": "62185190948670742717351165961194153942640386790239187999687676048885642242273", "price": "0.91", "size": "5.1", "side": "SELL", "hash": "ea8f20dd7e7fccb159bbf149562c722cb8d6c224", "best_bid": "0.23", "best_ask": "0.79"}], "timestamp": "1769384483709", "event_type": "price_change"}}
{"_local_timestamp": "2026-01-25T23:41:23.822504+00:00", "data": {"market": "0xe27ecdfe0e61429f85c0752cf011dd1059b28521726153255d750077df577c4a", "price_changes": [{"asset_id": "82723421580711865209426195771673776828317955005214727613058698009878998022886", "price": "0.1", "size": "0", "side": "BUY", "hash": "85b3d5200b5a8ed4a9387158743856fb36be4cf2", "best_bid": "0.21", "best_ask": "0.77"}, {"asset_id": "62185190948670742717351165961194153942640386790239187999687676048885642242273", "price": "0.9", "size": "0", "side": "SELL", "hash": "ea8f20dd7e7fccb159bbf149562c722cb8d6c224", "best_bid": "0.23", "best_ask": "0.79"}], "timestamp": "1769384483709", "event_type": "price_change"}}
{"_local_timestamp": "2026-01-25T23:41:23.822949+00:00", "data": {"market": "0xe27ecdfe0e61429f85c0752cf011dd1059b28521726153255d750077df577c4a", "price_changes": [{"asset_id": "82723421580711865209426195771673776828317955005214727613058698009878998022886", "price": "0.13", "size": "100", "side": "BUY", "hash": "85b3d5200b5a8ed4a9387158743856fb36be4cf2", "best_bid": "0.21", "best_ask": "0.77"}, {"asset_id": "62185190948670742717351165961194153942640386790239187999687676048885642242273", "price": "0.87", "size": "100", "side": "SELL", "hash": "ea8f20dd7e7fccb159bbf149562c722cb8d6c224", "best_bid": "0.23", "best_ask": "0.79"}], "timestamp": "1769384483709", "event_type": "price_change"}}
{"_local_timestamp": "2026-01-25T23:41:23.823460+00:00", "data": {"market": "0xe27ecdfe0e61429f85c0752cf011dd1059b28521726153255d750077df577c4a", "price_changes": [{"asset_id": "82723421580711865209426195771673776828317955005214727613058698009878998022886", "price": "0.28", "size": "0", "side": "BUY", "hash": "85b3d5200b5a8ed4a9387158743856fb36be4cf2", "best_bid": "0.21", "best_ask": "0.77"}, {"asset_id": "62185190948670742717351165961194153942640386790239187999687676048885642242273", "price": "0.72", "size": "0", "side": "SELL", "hash": "ea8f20dd7e7fccb159bbf149562c722cb8d6c224", "best_bid": "0.23", "best_ask": "0.79"}], "timestamp": "1769384483709", "event_type": "price_change"}}
{"_local_timestamp": "2026-01-25T23:41:24.122855+00:00", "data": {"market": "0xe27ecdfe0e61429f85c0752cf011dd1059b28521726153255d750077df577c4a", "price_changes": [{"asset_id": "82723421580711865209426195771673776828317955005214727613058698009878998022886", "price": "0.09", "size": "12.29", "side": "BUY", "hash": "d52930a8f3c3c412d996ea9b9847441c23504080", "best_bid": "0.21", "best_ask": "0.77"}, {"asset_id": "62185190948670742717351165961194153942640386790239187999687676048885642242273", "price": "0.91", "size": "12.29", "side": "SELL", "hash": "204876fd99c633248ece11e24523ec8ad9a39821", "best_bid": "0.23", "best_ask": "0.79"}], "timestamp": "1769384484026", "event_type": "price_change"}}
{"_local_timestamp": "2026-01-25T23:41:24.130918+00:00", "data": {"market": "0xe27ecdfe0e61429f85c0752cf011dd1059b28521726153255d750077df577c4a", "price_changes": [{"asset_id": "82723421580711865209426195771673776828317955005214727613058698009878998022886", "price": "0.03", "size": "18.78", "side": "BUY", "hash": "5fc2ebebd041b5582a5a10e980d50974131613f9", "best_bid": "0.21", "best_ask": "0.77"}, {"asset_id": "62185190948670742717351165961194153942640386790239187999687676048885642242273", "price": "0.97", "size": "18.78", "side": "SELL", "hash": "0783a8154b7cfd8a70db34c521810ebad8ec7649", "best_bid": "0.23", "best_ask": "0.79"}], "timestamp": "1769384484027", "event_type": "price_change"}}
{"_local_timestamp": "2026-01-25T23:41:24.131456+00:00", "data": {"market": "0xe27ecdfe0e61429f85c0752cf011dd1059b28521726153255d750077df577c4a", "price_changes": [{"asset_id": "82723421580711865209426195771673776828317955005214727613058698009878998022886", "price": "0.03", "size": "27.34", "side": "BUY", "hash": "9adf945bf03d721b10c10c12831194c522ea8f60", "best_bid": "0.21", "best_ask": "0.77"}, {"asset_id": "62185190948670742717351165961194153942640386790239187999687676048885642242273", "price": "0.97", "size": "27.34", "side": "SELL", "hash": "85f90bbf21b10dfc3c9b5e8927b8e006eb02bb10", "best_bid": "0.23", "best_ask": "0.79"}], "timestamp": "1769384484028", "event_type": "price_change"}}
{"_local_timestamp": "2026-01-25T23:41:24.135438+00:00", "data": {"market": "0xe27ecdfe0e61429f85c0752cf011dd1059b28521726153255d750077df577c4a", "price_changes": [{"asset_id": "82723421580711865209426195771673776828317955005214727613058698009878998022886", "price": "0.09", "size": "19.48", "side": "BUY", "hash": "d9e15e0babea97f3b93a9668e271ab852e9b8431", "best_bid": "0.21", "best_ask": "0.77"}, {"asset_id": "62185190948670742717351165961194153942640386790239187999687676048885642242273", "price": "0.91", "size": "19.48", "side": "SELL", "hash": "ef82c6725b4c718df5d0551972fdc50aecc0266d", "best_bid": "0.23", "best_ask": "0.79"}], "timestamp": "1769384484029", "event_type": "price_change"}}
{"_local_timestamp": "2026-01-25T23:41:24.135886+00:00", "data": {"market": "0xe27ecdfe0e61429f85c0752cf011dd1059b28521726153255d750077df577c4a", "price_changes": [{"asset_id": "82723421580711865209426195771673776828317955005214727613058698009878998022886", "price": "0.22", "size": "5", "side": "BUY", "hash": "fccb199967b83c278c58cd7e834fb39461d59b10", "best_bid": "0.22", "best_ask": "0.77"}, {"asset_id": "62185190948670742717351165961194153942640386790239187999687676048885642242273", "price": "0.78", "size": "5", "side": "SELL", "hash": "44822b83a67cd85113094e6ba3df40f2d5092412", "best_bid": "0.23", "best_ask": "0.78"}], "timestamp": "1769384484031", "event_type": "price_change"}}
{"_local_timestamp": "2026-01-25T23:41:25.549361+00:00", "data": {"market": "0xe27ecdfe0e61429f85c0752cf011dd1059b28521726153255d750077df577c4a", "price_changes": [{"asset_id": "62185190948670742717351165961194153942640386790239187999687676048885642242273", "price": "0.04", "size": "55.21", "side": "BUY", "hash": "716d338afdff607b4660047406c608d8f99b7c2f", "best_bid": "0.23", "best_ask": "0.78"}, {"asset_id": "82723421580711865209426195771673776828317955005214727613058698009878998022886", "price": "0.96", "size": "55.21", "side": "SELL", "hash": "5012b66290bc4d169952f74a9a4bc66379ad945e", "best_bid": "0.22", "best_ask": "0.77"}], "timestamp": "1769384485446", "event_type": "price_change"}}
{"_local_timestamp": "2026-01-25T23:41:25.549953+00:00", "data": {"market": "0xe27ecdfe0e61429f85c0752cf011dd1059b28521726153255d750077df577c4a", "price_changes": [{"asset_id": "82723421580711865209426195771673776828317955005214727613058698009878998022886", "price": "0.03", "size": "18.78", "side": "BUY", "hash": "f32e949552316e910b543eb58449880b8d1df40c", "best_bid": "0.21", "best_ask": "0.77"}, {"asset_id": "62185190948670742717351165961194153942640386790239187999687676048885642242273", "price": "0.97", "size": "18.78", "side": "SELL", "hash": "38ee7718287979d152b87af184c943f23d9e81ac", "best_bid": "0.23", "best_ask": "0.79"}], "timestamp": "1769384485446", "event_type": "price_change"}}
{"_local_timestamp": "2026-01-25T23:41:25.550471+00:00", "data": {"market": "0xe27ecdfe0e61429f85c0752cf011dd1059b28521726153255d750077df577c4a", "price_changes": [{"asset_id": "82723421580711865209426195771673776828317955005214727613058698009878998022886", "price": "0.04", "size": "50", "side": "BUY", "hash": "f32e949552316e910b543eb58449880b8d1df40c", "best_bid": "0.21", "best_ask": "0.77"}, {"asset_id": "62185190948670742717351165961194153942640386790239187999687676048885642242273", "price": "0.96", "size": "50", "side": "SELL", "hash": "38ee7718287979d152b87af184c943f23d9e81ac", "best_bid": "0.23", "best_ask": "0.79"}], "timestamp": "1769384485446", "event_type": "price_change"}}
{"_local_timestamp": "2026-01-25T23:41:25.550879+00:00", "data": {"market": "0xe27ecdfe0e61429f85c0752cf011dd1059b28521726153255d750077df577c4a", "price_changes": [{"asset_id": "82723421580711865209426195771673776828317955005214727613058698009878998022886", "price": "0.09", "size": "12.29", "side": "BUY", "hash": "f32e949552316e910b543eb58449880b8d1df40c", "best_bid": "0.21", "best_ask": "0.77"}, {"asset_id": "62185190948670742717351165961194153942640386790239187999687676048885642242273", "price": "0.91", "size": "12.29", "side": "SELL", "hash": "38ee7718287979d152b87af184c943f23d9e81ac", "best_bid": "0.23", "best_ask": "0.79"}], "timestamp": "1769384485446", "event_type": "price_change"}}
{"_local_timestamp": "2026-01-25T23:41:25.551334+00:00", "data": {"market": "0xe27ecdfe0e61429f85c0752cf011dd1059b28521726153255d750077df577c4a", "price_changes": [{"asset_id": "82723421580711865209426195771673776828317955005214727613058698009878998022886", "price": "0.22", "size": "0", "side": "BUY", "hash": "f32e949552316e910b543eb58449880b8d1df40c", "best_bid": "0.21", "best_ask": "0.77"}, {"asset_id": "62185190948670742717351165961194153942640386790239187999687676048885642242273", "price": "0.78", "size": "0", "side": "SELL", "hash": "38ee7718287979d152b87af184c943f23d9e81ac", "best_bid": "0.23", "best_ask": "0.79"}], "timestamp": "1769384485446", "event_type": "price_change"}}
{"_local_timestamp": "2026-01-25T23:41:25.971734+00:00", "data": {"market": "0xe27ecdfe0e61429f85c0752cf011dd1059b28521726153255d750077df577c4a", "price_changes": [{"asset_id": "82723421580711865209426195771673776828317955005214727613058698009878998022886", "price": "0.03", "size": "25.31", "side": "BUY", "hash": "72db62797704208f4584e14bc013310178273f76", "best_bid": "0.21", "best_ask": "0.77"}, {"asset_id": "62185190948670742717351165961194153942640386790239187999687676048885642242273", "price": "0.97", "size": "25.31", "side": "SELL", "hash": "5fa5b5834363dc7e7800bdf5b87c5953d9b58329", "best_bid": "0.23", "best_ask": "0.79"}], "timestamp": "1769384485849", "event_type": "price_change"}}
{"_local_timestamp": "2026-01-25T23:41:25.972598+00:00", "data": {"market": "0xe27ecdfe0e61429f85c0752cf011dd1059b28521726153255d750077df577c4a", "price_changes": [{"asset_id": "82723421580711865209426195771673776828317955005214727613058698009878998022886", "price": "0.13", "size": "107.63", "side": "BUY", "hash": "5e075fda01565a9972ed0c2d3bfc695411e04f86", "best_bid": "0.21", "best_ask": "0.77"}, {"asset_id": "62185190948670742717351165961194153942640386790239187999687676048885642242273", "price": "0.87", "size": "107.63", "side": "SELL", "hash": "0557212436593096980fb08b97fd0f88d61e2b14", "best_bid": "0.23", "best_ask": "0.79"}], "timestamp": "1769384485850", "event_type": "price_change"}}
{"_local_timestamp": "2026-01-25T23:41:25.973505+00:00", "data": {"market": "0xe27ecdfe0e61429f85c0752cf011dd1059b28521726153255d750077df577c4a", "price_changes": [{"asset_id": "62185190948670742717351165961194153942640386790239187999687676048885642242273", "price": "0.04", "size": "63.08", "side": "BUY", "hash": "b6ed443b71578465cee3013b06a37df856d991ba", "best_bid": "0.23", "best_ask": "0.79"}, {"asset_id": "82723421580711865209426195771673776828317955005214727613058698009878998022886", "price": "0.96", "size": "63.08", "side": "SELL", "hash": "7751a71947fd1b263423e405d075b5b58d900a7b", "best_bid": "0.21", "best_ask": "0.77"}], "timestamp": "1769384485851", "event_type": "price_change"}}
{"_local_timestamp": "2026-01-25T23:41:25.974151+00:00", "data": {"market": "0xe27ecdfe0e61429f85c0752cf011dd1059b28521726153255d750077df577c4a", "price_changes": [{"asset_id": "82723421580711865209426195771673776828317955005214727613058698009878998022886", "price": "0.22", "size": "5", "side": "BUY", "hash": "78d1ea0159d87664016e95744fb3b723f9fec5cb", "best_bid": "0.22", "best_ask": "0.77"}, {"asset_id": "62185190948670742717351165961194153942640386790239187999687676048885642242273", "price": "0.78", "size": "5", "side": "SELL", "hash": "f3b1dd499babd9c917dcc6fd667542be0f040880", "best_bid": "0.23", "best_ask": "0.78"}], "timestamp": "1769384485852", "event_type": "price_change"}}
{"_local_timestamp": "2026-01-25T23:41:26.412029+00:00", "data": {"market": "0xe27ecdfe0e61429f85c0752cf011dd1059b28521726153255d750077df577c4a", "price_changes": [{"asset_id": "62185190948670742717351165961194153942640386790239187999687676048885642242273", "price": "0.04", "size": "55.21", "side": "BUY", "hash": "978403544152ca7a357ddb18cf7d881f83a02191", "best_bid": "0.23", "best_ask": "0.78"}, {"asset_id": "82723421580711865209426195771673776828317955005214727613058698009878998022886", "price": "0.96", "size": "55.21", "side": "SELL", "hash": "d362f9745fc5c60119a865d12b2ab97a22286cc2", "best_bid": "0.22", "best_ask": "0.77"}], "timestamp": "1769384486302", "event_type": "price_change"}}
{"_local_timestamp": "2026-01-25T23:41:26.867735+00:00", "data": {"market": "0xe27ecdfe0e61429f85c0752cf011dd1059b28521726153255d750077df577c4a", "price_changes": [{"asset_id": "62185190948670742717351165961194153942640386790239187999687676048885642242273", "price": "0.04", "size": "63.08", "side": "BUY", "hash": "566c93e6b4ad5dc98422fb377da7a05b775f04c1", "best_bid": "0.23", "best_ask": "0.78"}, {"asset_id": "82723421580711865209426195771673776828317955005214727613058698009878998022886", "price": "0.96", "size": "63.08", "side": "SELL", "hash": "b48da7b7cc66d54ad6d89f288ee3cf362173fe97", "best_bid": "0.22", "best_ask": "0.77"}], "timestamp": "1769384486761", "event_type": "price_change"}}
{"_local_timestamp": "2026-01-25T23:41:27.766576+00:00", "data": {"market": "0xe27ecdfe0e61429f85c0752cf011dd1059b28521726153255d750077df577c4a", "price_changes": [{"asset_id": "82723421580711865209426195771673776828317955005214727613058698009878998022886", "price": "0.09", "size": "5.1", "side": "BUY", "hash": "e82ef30b7925c715714c859e608c27ae696fd8e0", "best_bid": "0.21", "best_ask": "0.77"}, {"asset_id": "62185190948670742717351165961194153942640386790239187999687676048885642242273", "price": "0.91", "size": "5.1", "side": "SELL", "hash": "1604e926095de266a6abb327d0088624b2ad4bc3", "best_bid": "0.23", "best_ask": "0.79"}], "timestamp": "1769384487658", "event_type": "price_change"}}
{"_local_timestamp": "2026-01-25T23:41:27.767140+00:00", "data": {"market": "0xe27ecdfe0e61429f85c0752cf011dd1059b28521726153255d750077df577c4a", "price_changes": [{"asset_id": "82723421580711865209426195771673776828317955005214727613058698009878998022886", "price": "0.13", "size": "100", "side": "BUY", "hash": "e82ef30b7925c715714c859e608c27ae696fd8e0", "best_bid": "0.21", "best_ask": "0.77"}, {"asset_id": "62185190948670742717351165961194153942640386790239187999687676048885642242273", "price": "0.87", "size": "100", "side": "SELL", "hash": "1604e926095de266a6abb327d0088624b2ad4bc3", "best_bid": "0.23", "best_ask": "0.79"}], "timestamp": "1769384487658", "event_type": "price_change"}}
{"_local_timestamp": "2026-01-25T23:41:27.771404+00:00", "data": {"market": "0xe27ecdfe0e61429f85c0752cf011dd1059b28521726153255d750077df577c4a", "price_changes": [{"asset_id": "82723421580711865209426195771673776828317955005214727613058698009878998022886", "price": "0.22", "size": "0", "side": "BUY", "hash": "e82ef30b7925c715714c859e608c27ae696fd8e0", "best_bid": "0.21", "best_ask": "0.77"}, {"asset_id": "62185190948670742717351165961194153942640386790239187999687676048885642242273", "price": "0.78", "size": "0", "side": "SELL", "hash": "1604e926095de266a6abb327d0088624b2ad4bc3", "best_bid": "0.23", "best_ask": "0.79"}], "timestamp": "1769384487658", "event_type": "price_change"}}
{"_local_timestamp": "2026-01-25T23:41:27.772048+00:00", "data": {"market": "0xe27ecdfe0e61429f85c0752cf011dd1059b28521726153255d750077df577c4a", "price_changes": [{"asset_id": "62185190948670742717351165961194153942640386790239187999687676048885642242273", "price": "0.04", "size": "55.21", "side": "BUY", "hash": "f4d71abfcaca211df6934cee315a12fd2478a8e2", "best_bid": "0.23", "best_ask": "0.79"}, {"asset_id": "82723421580711865209426195771673776828317955005214727613058698009878998022886", "price": "0.96", "size": "55.21", "side": "SELL", "hash": "0ff949df261299da6b0d6106fd577ffd2d445d8c", "best_bid": "0.21", "best_ask": "0.77"}], "timestamp": "1769384487658", "event_type": "price_change"}}
{"_local_timestamp": "2026-01-25T23:41:28.212188+00:00", "data": {"market": "0xe27ecdfe0e61429f85c0752cf011dd1059b28521726153255d750077df577c4a", "price_changes": [{"asset_id": "62185190948670742717351165961194153942640386790239187999687676048885642242273", "price": "0.04", "size": "63.08", "side": "BUY", "hash": "eb5ee8eece404c17a31a4c9480a7f60b1b8be8e7", "best_bid": "0.23", "best_ask": "0.79"}, {"asset_id": "82723421580711865209426195771673776828317955005214727613058698009878998022886", "price": "0.96", "size": "63.08", "side": "SELL", "hash": "8013e5f8d78f5f86cf65552aef68a4f6102765f3", "best_bid": "0.21", "best_ask": "0.77"}], "timestamp": "1769384488103", "event_type": "price_change"}}
{"_local_timestamp": "2026-01-25T23:41:28.213468+00:00", "data": {"market": "0xe27ecdfe0e61429f85c0752cf011dd1059b28521726153255d750077df577c4a", "price_changes": [{"asset_id": "82723421580711865209426195771673776828317955005214727613058698009878998022886", "price": "0.28", "size": "5", "side": "BUY", "hash": "ef35cbe8c05b3a8cdbda585c44e69a19299d81ac", "best_bid": "0.28", "best_ask": "0.77"}, {"asset_id": "62185190948670742717351165961194153942640386790239187999687676048885642242273", "price": "0.72", "size": "5", "side": "SELL", "hash": "58fe5a562381a592edb7a216bbb8fac48bc0bb15", "best_bid": "0.23", "best_ask": "0.72"}], "timestamp": "1769384488107", "event_type": "price_change"}}
{"_local_timestamp": "2026-01-25T23:41:28.214004+00:00", "data": {"market": "0xe27ecdfe0e61429f85c0752cf011dd1059b28521726153255d750077df577c4a", "price_changes": [{"asset_id": "82723421580711865209426195771673776828317955005214727613058698009878998022886", "price": "0.09", "size": "10.76", "side": "BUY", "hash": "74f0db8eb6f3bf0ce56705a5f281d21607e9d4e9", "best_bid": "0.28", "best_ask": "0.77"}, {"asset_id": "62185190948670742717351165961194153942640386790239187999687676048885642242273", "price": "0.91", "size": "10.76", "side": "SELL", "hash": "54f65088dd7d56607c59adbbca80c3cac15d02b7", "best_bid": "0.23", "best_ask": "0.72"}], "timestamp": "1769384488110", "event_type": "price_change"}}
{"_local_timestamp": "2026-01-25T23:41:28.220071+00:00", "data": {"market": "0xe27ecdfe0e61429f85c0752cf011dd1059b28521726153255d750077df577c4a", "price_changes": [{"asset_id": "82723421580711865209426195771673776828317955005214727613058698009878998022886", "price": "0.13", "size": "108.69", "side": "BUY", "hash": "d589e55cb93d458ee04d56116d05a07d6a242e2a", "best_bid": "0.28", "best_ask": "0.77"}, {"asset_id": "62185190948670742717351165961194153942640386790239187999687676048885642242273", "price": "0.87", "size": "108.69", "side": "SELL", "hash": "a8054f6fc76a24b30d41391f9d8383f2695876cf", "best_bid": "0.23", "best_ask": "0.72"}], "timestamp": "1769384488113", "event_type": "price_change"}}
{"_local_timestamp": "2026-01-25T23:41:29.149984+00:00", "data": {"market": "0xe27ecdfe0e61429f85c0752cf011dd1059b28521726153255d750077df577c4a", "price_changes": [{"asset_id": "62185190948670742717351165961194153942640386790239187999687676048885642242273", "price": "0.04", "size": "55.21", "side": "BUY", "hash": "6b2f18955f1cba5b3691552729ecb3e20f977585", "best_bid": "0.23", "best_ask": "0.72"}, {"asset_id": "82723421580711865209426195771673776828317955005214727613058698009878998022886", "price": "0.96", "size": "55.21", "side": "SELL", "hash": "031252cca2f8c43eac2bef554e35bb0e8505653d", "best_bid": "0.28", "best_ask": "0.77"}], "timestamp": "1769384489058", "event_type": "price_change"}}
{"_local_timestamp": "2026-01-25T23:41:29.492064+00:00", "data": {"market": "0xe27ecdfe0e61429f85c0752cf011dd1059b28521726153255d750077df577c4a", "price_changes": [{"asset_id": "62185190948670742717351165961194153942640386790239187999687676048885642242273", "price": "0.04", "size": "63.08", "side": "BUY", "hash": "816ca176db2562f17bcc255abb3fdc676aa09112", "best_bid": "0.23", "best_ask": "0.72"}, {"asset_id": "82723421580711865209426195771673776828317955005214727613058698009878998022886", "price": "0.96", "size": "63.08", "side": "SELL", "hash": "8f7a96c8a34fb496b9ad85f408b93584143e9594", "best_bid": "0.28", "best_ask": "0.77"}], "timestamp": "1769384489379", "event_type": "price_change"}}
{"_local_timestamp": "2026-01-25T23:41:29.600804+00:00", "data": {"market": "0xe27ecdfe0e61429f85c0752cf011dd1059b28521726153255d750077df577c4a", "price_changes": [{"asset_id": "82723421580711865209426195771673776828317955005214727613058698009878998022886", "price": "0.03", "size": "16.75", "side": "BUY", "hash": "f47dd3f1088d024efdedb94a73d4b992ea7b0520", "best_bid": "0.21", "best_ask": "0.77"}, {"asset_id": "62185190948670742717351165961194153942640386790239187999687676048885642242273", "price": "0.97", "size": "16.75", "side": "SELL", "hash": "9617100b8d14b7ca791b2ca5507812409f41cb87", "best_bid": "0.23", "best_ask": "0.79"}], "timestamp": "1769384489490", "event_type": "price_change"}}
{"_local_timestamp": "2026-01-25T23:41:29.602254+00:00", "data": {"market": "0xe27ecdfe0e61429f85c0752cf011dd1059b28521726153255d750077df577c4a", "price_changes": [{"asset_id": "82723421580711865209426195771673776828317955005214727613058698009878998022886", "price": "0.13", "size": "100", "side": "BUY", "hash": "f47dd3f1088d024efdedb94a73d4b992ea7b0520", "best_bid": "0.21", "best_ask": "0.77"}, {"asset_id": "62185190948670742717351165961194153942640386790239187999687676048885642242273", "price": "0.87", "size": "100", "side": "SELL", "hash": "9617100b8d14b7ca791b2ca5507812409f41cb87", "best_bid": "0.23", "best_ask": "0.79"}], "timestamp": "1769384489490", "event_type": "price_change"}}
{"_local_timestamp": "2026-01-25T23:41:29.606691+00:00", "data": {"market": "0xe27ecdfe0e61429f85c0752cf011dd1059b28521726153255d750077df577c4a", "price_changes": [{"asset_id": "82723421580711865209426195771673776828317955005214727613058698009878998022886", "price": "0.28", "size": "0", "side": "BUY", "hash": "f47dd3f1088d024efdedb94a73d4b992ea7b0520", "best_bid": "0.21", "best_ask": "0.77"}, {"asset_id": "62185190948670742717351165961194153942640386790239187999687676048885642242273", "price": "0.72", "size": "0", "side": "SELL", "hash": "9617100b8d14b7ca791b2ca5507812409f41cb87", "best_bid": "0.23", "best_ask": "0.79"}], "timestamp": "1769384489490", "event_type": "price_change"}}
{"_local_timestamp": "2026-01-25T23:41:29.978974+00:00", "data": {"market": "0xe27ecdfe0e61429f85c0752cf011dd1059b28521726153255d750077df577c4a", "price_changes": [{"asset_id": "82723421580711865209426195771673776828317955005214727613058698009878998022886", "price": "0.28", "size": "5", "side": "BUY", "hash": "7e6d747eed7249cca8b57f5e9a97b89da0b90c63", "best_bid": "0.28", "best_ask": "0.77"}, {"asset_id": "62185190948670742717351165961194153942640386790239187999687676048885642242273", "price": "0.72", "size": "5", "side": "SELL", "hash": "4762b1385991f7a6047aba7fe434442de383838e", "best_bid": "0.23", "best_ask": "0.72"}], "timestamp": "1769384489846", "event_type": "price_change"}}
{"_local_timestamp": "2026-01-25T23:41:29.979598+00:00", "data": {"market": "0xe27ecdfe0e61429f85c0752cf011dd1059b28521726153255d750077df577c4a", "price_changes": [{"asset_id": "82723421580711865209426195771673776828317955005214727613058698009878998022886", "price": "0.04", "size": "57.29", "side": "BUY", "hash": "f9b6892f69e7cedae6510169c8e4f8cb39735eb4", "best_bid": "0.28", "best_ask": "0.77"}, {"asset_id": "62185190948670742717351165961194153942640386790239187999687676048885642242273", "price": "0.96", "size": "57.29", "side": "SELL", "hash": "1c68b730b4360ff066b31238af492b1ed3c1ae12", "best_bid": "0.23", "best_ask": "0.72"}], "timestamp": "1769384489847", "event_type": "price_change"}}
{"_local_timestamp": "2026-01-25T23:41:29.980072+00:00", "data": {"market": "0xe27ecdfe0e61429f85c0752cf011dd1059b28521726153255d750077df577c4a", "price_changes": [{"asset_id": "82723421580711865209426195771673776828317955005214727613058698009878998022886", "price": "0.13", "size": "106.25", "side": "BUY", "hash": "739cfd4d4fa9f0e42e1a3c04c6cbef5eeb9d787f", "best_bid": "0.28", "best_ask": "0.77"}, {"asset_id": "62185190948670742717351165961194153942640386790239187999687676048885642242273", "price": "0.87", "size": "106.25", "side": "SELL", "hash": "a38f7f786b8f80b5c55e085d587f6f8bd94001b5", "best_bid": "0.23", "best_ask": "0.72"}], "timestamp": "1769384489848", "event_type": "price_change"}}
{"_local_timestamp": "2026-01-25T23:41:29.980545+00:00", "data": {"market": "0xe27ecdfe0e61429f85c0752cf011dd1059b28521726153255d750077df577c4a", "price_changes": [{"asset_id": "82723421580711865209426195771673776828317955005214727613058698009878998022886", "price": "0.05", "size": "175.66", "side": "BUY", "hash": "c530c9169d5ae9be851d937d27fb2de17e34a22d", "best_bid": "0.28", "best_ask": "0.77"}, {"asset_id": "62185190948670742717351165961194153942640386790239187999687676048885642242273", "price": "0.95", "size": "175.66", "side": "SELL", "hash": "5a30585a020d12d87b475591e0aa97d0afe1ee26", "best_bid": "0.23", "best_ask": "0.72"}], "timestamp": "1769384489849", "event_type": "price_change"}}
{"_local_timestamp": "2026-01-25T23:41:30.495568+00:00", "data": {"market": "0xe27ecdfe0e61429f85c0752cf011dd1059b28521726153255d750077df577c4a", "price_changes": [{"asset_id": "62185190948670742717351165961194153942640386790239187999687676048885642242273", "price": "0.04", "size": "55.21", "side": "BUY", "hash": "3eff94c3684e6e51b336e82e9576f70ad62ab789", "best_bid": "0.23", "best_ask": "0.72"}, {"asset_id": "82723421580711865209426195771673776828317955005214727613058698009878998022886", "price": "0.96", "size": "55.21", "side": "SELL", "hash": "0dcf23bcdf9332b1041ebe0462729ea278289ef3", "best_bid": "0.28", "best_ask": "0.77"}], "timestamp": "1769384490352", "event_type": "price_change"}}
{"_local_timestamp": "2026-01-25T23:41:30.496202+00:00", "data": {"market": "0xe27ecdfe0e61429f85c0752cf011dd1059b28521726153255d750077df577c4a", "price_changes": [{"asset_id": "82723421580711865209426195771673776828317955005214727613058698009878998022886", "price": "0.03", "size": "10.22", "side": "BUY", "hash": "0908e28af675a2c41b9d08b9a9e71009f585fe27", "best_bid": "0.21", "best_ask": "0.77"}, {"asset_id": "62185190948670742717351165961194153942640386790239187999687676048885642242273", "price": "0.97", "size": "10.22", "side": "SELL", "hash": "ab296a607b0087e059812dd9e6b18ad74c96a227", "best_bid": "0.23", "best_ask": "0.79"}], "timestamp": "1769384490353", "event_type": "price_change"}}
{"_local_timestamp": "2026-01-25T23:41:30.496666+00:00", "data": {"market": "0xe27ecdfe0e61429f85c0752cf011dd1059b28521726153255d750077df577c4a", "price_changes": [{"asset_id": "82723421580711865209426195771673776828317955005214727613058698009878998022886", "price": "0.05", "size": "170", "side": "BUY", "hash": "0908e28af675a2c41b9d08b9a9e71009f585fe27", "best_bid": "0.21", "best_ask": "0.77"}, {"asset_id": "62185190948670742717351165961194153942640386790239187999687676048885642242273", "price": "0.95", "size": "170", "side": "SELL", "hash": "ab296a607b0087e059812dd9e6b18ad74c96a227", "best_bid": "0.23", "best_ask": "0.79"}], "timestamp": "1769384490353", "event_type": "price_change"}}
{"_local_timestamp": "2026-01-25T23:41:30.497150+00:00", "data": {"market": "0xe27ecdfe0e61429f85c0752cf011dd1059b28521726153255d750077df577c4a", "price_changes": [{"asset_id": "82723421580711865209426195771673776828317955005214727613058698009878998022886", "price": "0.09", "size": "5.1", "side": "BUY", "hash": "0908e28af675a2c41b9d08b9a9e71009f585fe27", "best_bid": "0.21", "best_ask": "0.77"}, {"asset_id": "62185190948670742717351165961194153942640386790239187999687676048885642242273", "price": "0.91", "size": "5.1", "side": "SELL", "hash": "ab296a607b0087e059812dd9e6b18ad74c96a227", "best_bid": "0.23", "best_ask": "0.79"}], "timestamp": "1769384490353", "event_type": "price_change"}}
{"_local_timestamp": "2026-01-25T23:41:30.497593+00:00", "data": {"market": "0xe27ecdfe0e61429f85c0752cf011dd1059b28521726153255d750077df577c4a", "price_changes": [{"asset_id": "82723421580711865209426195771673776828317955005214727613058698009878998022886", "price": "0.13", "size": "100", "side": "BUY", "hash": "0908e28af675a2c41b9d08b9a9e71009f585fe27", "best_bid": "0.21", "best_ask": "0.77"}, {"asset_id": "62185190948670742717351165961194153942640386790239187999687676048885642242273", "price": "0.87", "size": "100", "side": "SELL", "hash": "ab296a607b0087e059812dd9e6b18ad74c96a227", "best_bid": "0.23", "best_ask": "0.79"}], "timestamp": "1769384490353", "event_type": "price_change"}}
{"_local_timestamp": "2026-01-25T23:41:30.498041+00:00", "data": {"market": "0xe27ecdfe0e61429f85c0752cf011dd1059b28521726153255d750077df577c4a", "price_changes": [{"asset_id": "82723421580711865209426195771673776828317955005214727613058698009878998022886", "price": "0.28", "size": "0", "side": "BUY", "hash": "0908e28af675a2c41b9d08b9a9e71009f585fe27", "best_bid": "0.21", "best_ask": "0.77"}, {"asset_id": "62185190948670742717351165961194153942640386790239187999687676048885642242273", "price": "0.72", "size": "0", "side": "SELL", "hash": "ab296a607b0087e059812dd9e6b18ad74c96a227", "best_bid": "0.23", "best_ask": "0.79"}], "timestamp": "1769384490353", "event_type": "price_change"}}
{"_local_timestamp": "2026-01-25T23:41:30.830110+00:00", "data": {"market": "0xe27ecdfe0e61429f85c0752cf011dd1059b28521726153255d750077df577c4a", "price_changes": [{"asset_id": "82723421580711865209426195771673776828317955005214727613058698009878998022886", "price": "0.13", "size": "109.54", "side": "BUY", "hash": "822dbf92edd6bb01b889804f20fa3f9e06083341", "best_bid": "0.21", "best_ask": "0.77"}, {"asset_id": "62185190948670742717351165961194153942640386790239187999687676048885642242273", "price": "0.87", "size": "109.54", "side": "SELL", "hash": "8294fc357b13630d75f3467a06750c3bb750ae12", "best_bid": "0.23", "best_ask": "0.79"}], "timestamp": "1769384490690", "event_type": "price_change"}}
{"_local_timestamp": "2026-01-25T23:41:30.834618+00:00", "data": {"market": "0xe27ecdfe0e61429f85c0752cf011dd1059b28521726153255d750077df577c4a", "price_changes": [{"asset_id": "82723421580711865209426195771673776828317955005214727613058698009878998022886", "price": "0.22", "size": "5", "side": "BUY", "hash": "764e3ea6ebde731dbf39973f71c27103acb8e586", "best_bid": "0.22", "best_ask": "0.77"}, {"asset_id": "62185190948670742717351165961194153942640386790239187999687676048885642242273", "price": "0.78", "size": "5", "side": "SELL", "hash": "86425d3d0c47f5eabeadd54d68c8c8f9173dcf40", "best_bid": "0.23", "best_ask": "0.78"}], "timestamp": "1769384490691", "event_type": "price_change"}}
{"_local_timestamp": "2026-01-25T23:41:30.835187+00:00", "data": {"market": "0xe27ecdfe0e61429f85c0752cf011dd1059b28521726153255d750077df577c4a", "price_changes": [{"asset_id": "62185190948670742717351165961194153942640386790239187999687676048885642242273", "price": "0.04", "size": "63.08", "side": "BUY", "hash": "760d17808b18ffba465c4e7c2b1bd53a1d9b6f94", "best_bid": "0.23", "best_ask": "0.78"}, {"asset_id": "82723421580711865209426195771673776828317955005214727613058698009878998022886", "price": "0.96", "size": "63.08", "side": "SELL", "hash": "e138b9d5046e1873da58c0472f49c44c80cef3a7", "best_bid": "0.22", "best_ask": "0.77"}], "timestamp": "1769384490692", "event_type": "price_change"}}
{"_local_timestamp": "2026-01-25T23:41:30.835730+00:00", "data": {"market": "0xe27ecdfe0e61429f85c0752cf011dd1059b28521726153255d750077df577c4a", "price_changes": [{"asset_id": "82723421580711865209426195771673776828317955005214727613058698009878998022886", "price": "0.09", "size": "11.32", "side": "BUY", "hash": "6246fa33002deaa0f7805b7a67e2072605ddb8b0", "best_bid": "0.22", "best_ask": "0.77"}, {"asset_id": "62185190948670742717351165961194153942640386790239187999687676048885642242273", "price": "0.91", "size": "11.32", "side": "SELL", "hash": "4722e1de3e3f602fb0958ca0c9cbe5bf1720599d", "best_bid": "0.23", "best_ask": "0.78"}], "timestamp": "1769384490694", "event_type": "price_change"}}
{"_local_timestamp": "2026-01-25T23:41:31.932676+00:00", "data": {"market": "0xe27ecdfe0e61429f85c0752cf011dd1059b28521726153255d750077df577c4a", "price_changes": [{"asset_id": "62185190948670742717351165961194153942640386790239187999687676048885642242273", "price": "0.04", "size": "55.21", "side": "BUY", "hash": "608e6614da530a147441e3203408312935d1a16f", "best_bid": "0.23", "best_ask": "0.78"}, {"asset_id": "82723421580711865209426195771673776828317955005214727613058698009878998022886", "price": "0.96", "size": "55.21", "side": "SELL", "hash": "9d9a4c992cdb247ded86420d069a62bd91d4397a", "best_bid": "0.22", "best_ask": "0.77"}], "timestamp": "1769384491752", "event_type": "price_change"}}
{"_local_timestamp": "2026-01-25T23:41:31.933673+00:00", "data": {"market": "0xe27ecdfe0e61429f85c0752cf011dd1059b28521726153255d750077df577c4a", "price_changes": [{"asset_id": "82723421580711865209426195771673776828317955005214727613058698009878998022886", "price": "0.09", "size": "5.1", "side": "BUY", "hash": "757009a97c9113e4aeb714474c9451878354686d", "best_bid": "0.21", "best_ask": "0.77"}, {"asset_id": "62185190948670742717351165961194153942640386790239187999687676048885642242273", "price": "0.91", "size": "5.1", "side": "SELL", "hash": "a4a2d26945c87fac342e7ced81394b59027564f6", "best_bid": "0.23", "best_ask": "0.79"}], "timestamp": "1769384491752", "event_type": "price_change"}}
{"_local_timestamp": "2026-01-25T23:41:31.934927+00:00", "data": {"market": "0xe27ecdfe0e61429f85c0752cf011dd1059b28521726153255d750077df577c4a", "price_changes": [{"asset_id": "82723421580711865209426195771673776828317955005214727613058698009878998022886", "price": "0.13", "size": "100", "side": "BUY", "hash": "757009a97c9113e4aeb714474c9451878354686d", "best_bid": "0.21", "best_ask": "0.77"}, {"asset_id": "62185190948670742717351165961194153942640386790239187999687676048885642242273", "price": "0.87", "size": "100", "side": "SELL", "hash": "a4a2d26945c87fac342e7ced81394b59027564f6", "best_bid": "0.23", "best_ask": "0.79"}], "timestamp": "1769384491752", "event_type": "price_change"}}
{"_local_timestamp": "2026-01-25T23:41:31.936257+00:00", "data": {"market": "0xe27ecdfe0e61429f85c0752cf011dd1059b28521726153255d750077df577c4a", "price_changes": [{"asset_id": "82723421580711865209426195771673776828317955005214727613058698009878998022886", "price": "0.22", "size": "0", "side": "BUY", "hash": "757009a97c9113e4aeb714474c9451878354686d", "best_bid": "0.21", "best_ask": "0.77"}, {"asset_id": "62185190948670742717351165961194153942640386790239187999687676048885642242273", "price": "0.78", "size": "0", "side": "SELL", "hash": "a4a2d26945c87fac342e7ced81394b59027564f6", "best_bid": "0.23", "best_ask": "0.79"}], "timestamp": "1769384491752", "event_type": "price_change"}}
{"_local_timestamp": "2026-01-25T23:41:32.342285+00:00", "data": {"market": "0xe27ecdfe0e61429f85c0752cf011dd1059b28521726153255d750077df577c4a", "price_changes": [{"asset_id": "62185190948670742717351165961194153942640386790239187999687676048885642242273", "price": "0.04", "size": "63.08", "side": "BUY", "hash": "f3e222468f915791078488b86c7c2fe9bfd4d537", "best_bid": "0.23", "best_ask": "0.79"}, {"asset_id": "82723421580711865209426195771673776828317955005214727613058698009878998022886", "price": "0.96", "size": "63.08", "side": "SELL", "hash": "ed45e57246e5930a12cc90f899cd0f334b1d3e26", "best_bid": "0.21", "best_ask": "0.77"}], "timestamp": "1769384492175", "event_type": "price_change"}}
{"_local_timestamp": "2026-01-25T23:41:32.342882+00:00", "data": {"market": "0xe27ecdfe0e61429f85c0752cf011dd1059b28521726153255d750077df577c4a", "price_changes": [{"asset_id": "82723421580711865209426195771673776828317955005214727613058698009878998022886", "price": "0.13", "size": "107.44", "side": "BUY", "hash": "713ede34d6dc1b60b46fad98aa63c2c8863ed027", "best_bid": "0.21", "best_ask": "0.77"}, {"asset_id": "62185190948670742717351165961194153942640386790239187999687676048885642242273", "price": "0.87", "size": "107.44", "side": "SELL", "hash": "cceb7b56232c0f6340cb2db193a3a1c825faa578", "best_bid": "0.23", "best_ask": "0.79"}], "timestamp": "1769384492175", "event_type": "price_change"}}
{"_local_timestamp": "2026-01-25T23:41:32.343401+00:00", "data": {"market": "0xe27ecdfe0e61429f85c0752cf011dd1059b28521726153255d750077df577c4a", "price_changes": [{"asset_id": "82723421580711865209426195771673776828317955005214727613058698009878998022886", "price": "0.09", "size": "10.79", "side": "BUY", "hash": "f24bdf504bb2da75f764b116c6b7d274b1fbc6a5", "best_bid": "0.21", "best_ask": "0.77"}, {"asset_id": "62185190948670742717351165961194153942640386790239187999687676048885642242273", "price": "0.91", "size": "10.79", "side": "SELL", "hash": "eb8a3329d726d7d254b4bcf655df37fc66114823", "best_bid": "0.23", "best_ask": "0.79"}], "timestamp": "1769384492176", "event_type": "price_change"}}
{"_local_timestamp": "2026-01-25T23:41:32.343873+00:00", "data": {"market": "0xe27ecdfe0e61429f85c0752cf011dd1059b28521726153255d750077df577c4a", "price_changes": [{"asset_id": "82723421580711865209426195771673776828317955005214727613058698009878998022886", "price": "0.24", "size": "5", "side": "BUY", "hash": "4ff004fccb46452c9bd1d678bd4c9aeb86133559", "best_bid": "0.24", "best_ask": "0.77"}, {"asset_id": "62185190948670742717351165961194153942640386790239187999687676048885642242273", "price": "0.76", "size": "5", "side": "SELL", "hash": "6f09fb7b76414db12b15a67a037cb139f2e14bfb", "best_bid": "0.23", "best_ask": "0.76"}], "timestamp": "1769384492178", "event_type": "price_change"}}
{"_local_timestamp": "2026-01-25T23:41:32.344359+00:00", "data": {"market": "0xe27ecdfe0e61429f85c0752cf011dd1059b28521726153255d750077df577c4a", "price_changes": [{"asset_id": "82723421580711865209426195771673776828317955005214727613058698009878998022886", "price": "0.05", "size": "176.42", "side": "BUY", "hash": "e7a7ffd2ae524b59b6373ee9f2d0942736fd1930", "best_bid": "0.24", "best_ask": "0.77"}, {"asset_id": "62185190948670742717351165961194153942640386790239187999687676048885642242273", "price": "0.95", "size": "176.42", "side": "SELL", "hash": "a021ab29270ba258820a5ac619d625614712edcb", "best_bid": "0.23", "best_ask": "0.76"}], "timestamp": "1769384492179", "event_type": "price_change"}}
{"_local_timestamp": "2026-01-25T23:41:32.748779+00:00", "data": {"market": "0xe27ecdfe0e61429f85c0752cf011dd1059b28521726153255d750077df577c4a", "price_changes": [{"asset_id": "82723421580711865209426195771673776828317955005214727613058698009878998022886", "price": "0.09", "size": "5.1", "side": "BUY", "hash": "2d38fbba3f6786237e06e042bcd985078689bb7c", "best_bid": "0.21", "best_ask": "0.77"}, {"asset_id": "62185190948670742717351165961194153942640386790239187999687676048885642242273", "price": "0.91", "size": "5.1", "side": "SELL", "hash": "409945833ae9aa37b7ba0ccbb5e5390d92e58cad", "best_bid": "0.23", "best_ask": "0.79"}], "timestamp": "1769384492581", "event_type": "price_change"}}
{"_local_timestamp": "2026-01-25T23:41:32.752202+00:00", "data": {"market": "0xe27ecdfe0e61429f85c0752cf011dd1059b28521726153255d750077df577c4a", "price_changes": [{"asset_id": "82723421580711865209426195771673776828317955005214727613058698009878998022886", "price": "0.13", "size": "100", "side": "BUY", "hash": "2d38fbba3f6786237e06e042bcd985078689bb7c", "best_bid": "0.21", "best_ask": "0.77"}, {"asset_id": "62185190948670742717351165961194153942640386790239187999687676048885642242273", "price": "0.87", "size": "100", "side": "SELL", "hash": "409945833ae9aa37b7ba0ccbb5e5390d92e58cad", "best_bid": "0.23", "best_ask": "0.79"}], "timestamp": "1769384492581", "event_type": "price_change"}}
{"_local_timestamp": "2026-01-25T23:41:32.754060+00:00", "data": {"market": "0xe27ecdfe0e61429f85c0752cf011dd1059b28521726153255d750077df577c4a", "price_changes": [{"asset_id": "82723421580711865209426195771673776828317955005214727613058698009878998022886", "price": "0.24", "size": "0", "side": "BUY", "hash": "2d38fbba3f6786237e06e042bcd985078689bb7c", "best_bid": "0.21", "best_ask": "0.77"}, {"asset_id": "62185190948670742717351165961194153942640386790239187999687676048885642242273", "price": "0.76", "size": "0", "side": "SELL", "hash": "409945833ae9aa37b7ba0ccbb5e5390d92e58cad", "best_bid": "0.23", "best_ask": "0.79"}], "timestamp": "1769384492581", "event_type": "price_change"}}
{"_local_timestamp": "2026-01-25T23:41:33.140749+00:00", "data": {"market": "0xe27ecdfe0e61429f85c0752cf011dd1059b28521726153255d750077df577c4a", "price_changes": [{"asset_id": "82723421580711865209426195771673776828317955005214727613058698009878998022886", "price": "0.09", "size": "10.8", "side": "BUY", "hash": "03c44b905c3a3654a80d9ce69b87a470370f011b", "best_bid": "0.21", "best_ask": "0.77"}, {"asset_id": "62185190948670742717351165961194153942640386790239187999687676048885642242273", "price": "0.91", "size": "10.8", "side": "SELL", "hash": "81896272d60953b9949c39cf85cf8c82d52d9863", "best_bid": "0.23", "best_ask": "0.79"}], "timestamp": "1769384492990", "event_type": "price_change"}}
{"_local_timestamp": "2026-01-25T23:41:33.148401+00:00", "data": {"market": "0xe27ecdfe0e61429f85c0752cf011dd1059b28521726153255d750077df577c4a", "price_changes": [{"asset_id": "82723421580711865209426195771673776828317955005214727613058698009878998022886", "price": "0.24", "size": "5", "side": "BUY", "hash": "2313b26ab4490ec14f75b7a4df68a8298b0a244a", "best_bid": "0.24", "best_ask": "0.77"}, {"asset_id": "62185190948670742717351165961194153942640386790239187999687676048885642242273", "price": "0.76", "size": "5", "side": "SELL", "hash": "067f697a0ae69174267fa2849ee4d1cf07cc33c3", "best_bid": "0.23", "best_ask": "0.76"}], "timestamp": "1769384492991", "event_type": "price_change"}}
{"_local_timestamp": "2026-01-25T23:41:33.149495+00:00", "data": {"market": "0xe27ecdfe0e61429f85c0752cf011dd1059b28521726153255d750077df577c4a", "price_changes": [{"asset_id": "82723421580711865209426195771673776828317955005214727613058698009878998022886", "price": "0.13", "size": "107.44", "side": "BUY", "hash": "124086bbd2ff5fb1dde807c3172aa247fa1c4fa2", "best_bid": "0.24", "best_ask": "0.77"}, {"asset_id": "62185190948670742717351165961194153942640386790239187999687676048885642242273", "price": "0.87", "size": "107.44", "side": "SELL", "hash": "a18665af27ea55abfa4b4af784b976c182733c10", "best_bid": "0.23", "best_ask": "0.76"}], "timestamp": "1769384492992", "event_type": "price_change"}}
{"_local_timestamp": "2026-01-25T23:41:34.019192+00:00", "data": {"market": "0xe27ecdfe0e61429f85c0752cf011dd1059b28521726153255d750077df577c4a", "price_changes": [{"asset_id": "62185190948670742717351165961194153942640386790239187999687676048885642242273", "price": "0.04", "size": "55.21", "side": "BUY", "hash": "ef65e01cfd11757f3af280bc4d8fd9496516d42e", "best_bid": "0.23", "best_ask": "0.76"}, {"asset_id": "82723421580711865209426195771673776828317955005214727613058698009878998022886", "price": "0.96", "size": "55.21", "side": "SELL", "hash": "e17f38c826ab0c76740a4466eb11191033b64e5d", "best_bid": "0.24", "best_ask": "0.77"}], "timestamp": "1769384493874", "event_type": "price_change"}}
{"_local_timestamp": "2026-01-25T23:41:34.467400+00:00", "data": {"market": "0xe27ecdfe0e61429f85c0752cf011dd1059b28521726153255d750077df577c4a", "price_changes": [{"asset_id": "82723421580711865209426195771673776828317955005214727613058698009878998022886", "price": "0.04", "size": "50", "side": "BUY", "hash": "28492c02bf58f1a3432dd4cdd784450fba6a0634", "best_bid": "0.21", "best_ask": "0.77"}, {"asset_id": "62185190948670742717351165961194153942640386790239187999687676048885642242273", "price": "0.96", "size": "50", "side": "SELL", "hash": "861aa5c8e7a7b68b1856238c94c8239fc7ca5c1d", "best_bid": "0.23", "best_ask": "0.79"}], "timestamp": "1769384494307", "event_type": "price_change"}}
{"_local_timestamp": "2026-01-25T23:41:34.468293+00:00", "data": {"market": "0xe27ecdfe0e61429f85c0752cf011dd1059b28521726153255d750077df577c4a", "price_changes": [{"asset_id": "82723421580711865209426195771673776828317955005214727613058698009878998022886", "price": "0.13", "size": "100", "side": "BUY", "hash": "28492c02bf58f1a3432dd4cdd784450fba6a0634", "best_bid": "0.21", "best_ask": "0.77"}, {"asset_id": "62185190948670742717351165961194153942640386790239187999687676048885642242273", "price": "0.87", "size": "100", "side": "SELL", "hash": "861aa5c8e7a7b68b1856238c94c8239fc7ca5c1d", "best_bid": "0.23", "best_ask": "0.79"}], "timestamp": "1769384494307", "event_type": "price_change"}}
{"_local_timestamp": "2026-01-25T23:41:34.469600+00:00", "data": {"market": "0xe27ecdfe0e61429f85c0752cf011dd1059b28521726153255d750077df577c4a", "price_changes": [{"asset_id": "82723421580711865209426195771673776828317955005214727613058698009878998022886", "price": "0.24", "size": "0", "side": "BUY", "hash": "28492c02bf58f1a3432dd4cdd784450fba6a0634", "best_bid": "0.21", "best_ask": "0.77"}, {"asset_id": "62185190948670742717351165961194153942640386790239187999687676048885642242273", "price": "0.76", "size": "0", "side": "SELL", "hash": "861aa5c8e7a7b68b1856238c94c8239fc7ca5c1d", "best_bid": "0.23", "best_ask": "0.79"}], "timestamp": "1769384494307", "event_type": "price_change"}}
{"_local_timestamp": "2026-01-25T23:41:34.474046+00:00", "data": {"market": "0xe27ecdfe0e61429f85c0752cf011dd1059b28521726153255d750077df577c4a", "price_changes": [{"asset_id": "62185190948670742717351165961194153942640386790239187999687676048885642242273", "price": "0.04", "size": "63.08", "side": "BUY", "hash": "67a96394a666c1c99edfe9b7139848829c37c620", "best_bid": "0.23", "best_ask": "0.79"}, {"asset_id": "82723421580711865209426195771673776828317955005214727613058698009878998022886", "price": "0.96", "size": "63.08", "side": "SELL", "hash": "7b441621ea51a43d4a6e6aed395f9c92bba95b5e", "best_bid": "0.21", "best_ask": "0.77"}], "timestamp": "1769384494315", "event_type": "price_change"}}
{"_local_timestamp": "2026-01-25T23:41:34.923507+00:00", "data": {"market": "0xe27ecdfe0e61429f85c0752cf011dd1059b28521726153255d750077df577c4a", "price_changes": [{"asset_id": "82723421580711865209426195771673776828317955005214727613058698009878998022886", "price": "0.03", "size": "19.46", "side": "BUY", "hash": "5226d5bb35835b33ef26517322ce987b5db31992", "best_bid": "0.21", "best_ask": "0.77"}, {"asset_id": "62185190948670742717351165961194153942640386790239187999687676048885642242273", "price": "0.97", "size": "19.46", "side": "SELL", "hash": "4ea26205b8a6f1434a6f6e542a77d3d844c1c007", "best_bid": "0.23", "best_ask": "0.79"}], "timestamp": "1769384494754", "event_type": "price_change"}}
{"_local_timestamp": "2026-01-25T23:41:34.927387+00:00", "data": {"market": "0xe27ecdfe0e61429f85c0752cf011dd1059b28521726153255d750077df577c4a", "price_changes": [{"asset_id": "82723421580711865209426195771673776828317955005214727613058698009878998022886", "price": "0.01", "size": "10460.88", "side": "BUY", "hash": "a8e30abf57b4d889d187c139464e78588b597659", "best_bid": "0.21", "best_ask": "0.77"}, {"asset_id": "62185190948670742717351165961194153942640386790239187999687676048885642242273", "price": "0.99", "size": "10460.88", "side": "SELL", "hash": "ea43340e1ffcc0eaa8e082476b7c40db5601ef53", "best_bid": "0.23", "best_ask": "0.79"}], "timestamp": "1769384494755", "event_type": "price_change"}}
{"_local_timestamp": "2026-01-25T23:41:34.932352+00:00", "data": {"market": "0xe27ecdfe0e61429f85c0752cf011dd1059b28521726153255d750077df577c4a", "price_changes": [{"asset_id": "82723421580711865209426195771673776828317955005214727613058698009878998022886", "price": "0.13", "size": "106.36", "side": "BUY", "hash": "3f87f87f2ffff3e074caa1ea85841bc2516552ac", "best_bid": "0.21", "best_ask": "0.77"}, {"asset_id": "62185190948670742717351165961194153942640386790239187999687676048885642242273", "price": "0.87", "size": "106.36", "side": "SELL", "hash": "384ec024d4f5a51c55e583dcc41eab412003a050", "best_bid": "0.23", "best_ask": "0.79"}], "timestamp": "1769384494755", "event_type": "price_change"}}
{"_local_timestamp": "2026-01-25T23:41:34.933189+00:00", "data": {"market": "0xe27ecdfe0e61429f85c0752cf011dd1059b28521726153255d750077df577c4a", "price_changes": [{"asset_id": "82723421580711865209426195771673776828317955005214727613058698009878998022886", "price": "0.02", "size": "2115.14", "side": "BUY", "hash": "45f6d70b56c1747faa79756091797ab090e81748", "best_bid": "0.21", "best_ask": "0.77"}, {"asset_id": "62185190948670742717351165961194153942640386790239187999687676048885642242273", "price": "0.98", "size": "2115.14", "side": "SELL", "hash": "fe86edcfbb46df0ac90b319e01192c03d7f8b89e", "best_bid": "0.23", "best_ask": "0.79"}], "timestamp": "1769384494756", "event_type": "price_change"}}
{"_local_timestamp": "2026-01-25T23:41:34.933759+00:00", "data": {"market": "0xe27ecdfe0e61429f85c0752cf011dd1059b28521726153255d750077df577c4a", "price_changes": [{"asset_id": "82723421580711865209426195771673776828317955005214727613058698009878998022886", "price": "0.22", "size": "5", "side": "BUY", "hash": "8eaba2fee76dbc6fb97502af22c621c5d66390d1", "best_bid": "0.22", "best_ask": "0.77"}, {"asset_id": "62185190948670742717351165961194153942640386790239187999687676048885642242273", "price": "0.78", "size": "5", "side": "SELL", "hash": "f6a49d970b7f292c30f97ca9f140dfd56cc7593a", "best_bid": "0.23", "best_ask": "0.78"}], "timestamp": "1769384494757", "event_type": "price_change"}}
{"_local_timestamp": "2026-01-25T23:41:35.402499+00:00", "data": {"market": "0xe27ecdfe0e61429f85c0752cf011dd1059b28521726153255d750077df577c4a", "price_changes": [{"asset_id": "82723421580711865209426195771673776828317955005214727613058698009878998022886", "price": "0.22", "size": "0", "side": "BUY", "hash": "793386eae326959d7a4fd9204ec14d35a4617cb0", "best_bid": "0.21", "best_ask": "0.77"}, {"asset_id": "62185190948670742717351165961194153942640386790239187999687676048885642242273", "price": "0.78", "size": "0", "side": "SELL", "hash": "44c8d591a961b5438706ab101aedebbf1831aada", "best_bid": "0.23", "best_ask": "0.79"}], "timestamp": "1769384495273", "event_type": "price_change"}}
{"_local_timestamp": "2026-01-25T23:41:35.403970+00:00", "data": {"market": "0xe27ecdfe0e61429f85c0752cf011dd1059b28521726153255d750077df577c4a", "price_changes": [{"asset_id": "62185190948670742717351165961194153942640386790239187999687676048885642242273", "price": "0.04", "size": "55.21", "side": "BUY", "hash": "3716e8991cda83cc73fa8c0522de2ec11febc7f0", "best_bid": "0.23", "best_ask": "0.79"}, {"asset_id": "82723421580711865209426195771673776828317955005214727613058698009878998022886", "price": "0.96", "size": "55.21", "side": "SELL", "hash": "cf226d242722e3c515e5aafcacb7469ac3162cd0", "best_bid": "0.21", "best_ask": "0.77"}], "timestamp": "1769384495273", "event_type": "price_change"}}
{"_local_timestamp": "2026-01-25T23:41:35.700906+00:00", "data": {"market": "0xe27ecdfe0e61429f85c0752cf011dd1059b28521726153255d750077df577c4a", "price_changes": [{"asset_id": "62185190948670742717351165961194153942640386790239187999687676048885642242273", "price": "0.04", "size": "63.08", "side": "BUY", "hash": "05e8a933318c46a534923f5484913ed7a5635a51", "best_bid": "0.23", "best_ask": "0.79"}, {"asset_id": "82723421580711865209426195771673776828317955005214727613058698009878998022886", "price": "0.96", "size": "63.08", "side": "SELL", "hash": "a5a6e2c9bdec0ef0f67c2a08f290d17de824e2c6", "best_bid": "0.21", "best_ask": "0.77"}], "timestamp": "1769384495569", "event_type": "price_change"}}
{"_local_timestamp": "2026-01-25T23:41:35.701905+00:00", "data": {"market": "0xe27ecdfe0e61429f85c0752cf011dd1059b28521726153255d750077df577c4a", "price_changes": [{"asset_id": "82723421580711865209426195771673776828317955005214727613058698009878998022886", "price": "0.23", "size": "5", "side": "BUY", "hash": "6e75a5a201a6a7a7c5654db22526b9e3c8f2da33", "best_bid": "0.23", "best_ask": "0.77"}, {"asset_id": "62185190948670742717351165961194153942640386790239187999687676048885642242273", "price": "0.77", "size": "5", "side": "SELL", "hash": "744bc9a17d1c600fcb0b50978155820b21970eb6", "best_bid": "0.23", "best_ask": "0.77"}], "timestamp": "1769384495570", "event_type": "price_change"}}
{"_local_timestamp": "2026-01-25T23:41:36.547091+00:00", "data": {"market": "0xe27ecdfe0e61429f85c0752cf011dd1059b28521726153255d750077df577c4a", "price_changes": [{"asset_id": "82723421580711865209426195771673776828317955005214727613058698009878998022886", "price": "0.23", "size": "0", "side": "BUY", "hash": "4512c928f5bdb6228a1cc12625b084bf16555453", "best_bid": "0.21", "best_ask": "0.77"}, {"asset_id": "62185190948670742717351165961194153942640386790239187999687676048885642242273", "price": "0.77", "size": "0", "side": "SELL", "hash": "21c6a7ee88dbc6545b3fc222080952627fe20581", "best_bid": "0.23", "best_ask": "0.79"}], "timestamp": "1769384496407", "event_type": "price_change"}}
{"_local_timestamp": "2026-01-25T23:41:36.950282+00:00", "data": {"market": "0xe27ecdfe0e61429f85c0752cf011dd1059b28521726153255d750077df577c4a", "price_changes": [{"asset_id": "82723421580711865209426195771673776828317955005214727613058698009878998022886", "price": "0.23", "size": "5", "side": "BUY", "hash": "04642864574d19b060105190f130b27f4bef905b", "best_bid": "0.23", "best_ask": "0.77"}, {"asset_id": "62185190948670742717351165961194153942640386790239187999687676048885642242273", "price": "0.77", "size": "5", "side": "SELL", "hash": "06f3e4c4f90b94a112c0f9037c1c47f949a7e892", "best_bid": "0.23", "best_ask": "0.77"}], "timestamp": "1769384496811", "event_type": "price_change"}}
{"_local_timestamp": "2026-01-25T23:41:37.863600+00:00", "data": {"market": "0xe27ecdfe0e61429f85c0752cf011dd1059b28521726153255d750077df577c4a", "price_changes": [{"asset_id": "62185190948670742717351165961194153942640386790239187999687676048885642242273", "price": "0.04", "size": "55.21", "side": "BUY", "hash": "60e997ae998fd86ae0a869a5d963db760146c9ed", "best_bid": "0.23", "best_ask": "0.77"}, {"asset_id": "82723421580711865209426195771673776828317955005214727613058698009878998022886", "price": "0.96", "size": "55.21", "side": "SELL", "hash": "d0a56e2e74f6d3b668c26c08912e4d48e813d33b", "best_bid": "0.23", "best_ask": "0.77"}], "timestamp": "1769384497721", "event_type": "price_change"}}
{"_local_timestamp": "2026-01-25T23:41:37.865474+00:00", "data": {"market": "0xe27ecdfe0e61429f85c0752cf011dd1059b28521726153255d750077df577c4a", "price_changes": [{"asset_id": "82723421580711865209426195771673776828317955005214727613058698009878998022886", "price": "0.23", "size": "0", "side": "BUY", "hash": "0d8c3655de65737b1604672b21ab0781009dc018", "best_bid": "0.21", "best_ask": "0.77"}, {"asset_id": "62185190948670742717351165961194153942640386790239187999687676048885642242273", "price": "0.77", "size": "0", "side": "SELL", "hash": "c4bf75fa2be285d1abb814669b7f760fd9aeb049", "best_bid": "0.23", "best_ask": "0.79"}], "timestamp": "1769384497721", "event_type": "price_change"}}
{"_local_timestamp": "2026-01-25T23:41:38.227122+00:00", "data": {"market": "0xe27ecdfe0e61429f85c0752cf011dd1059b28521726153255d750077df577c4a", "price_changes": [{"asset_id": "62185190948670742717351165961194153942640386790239187999687676048885642242273", "price": "0.04", "size": "63.08", "side": "BUY", "hash": "26fade3475452cd48cdfa79012b1d1d5d93db172", "best_bid": "0.23", "best_ask": "0.79"}, {"asset_id": "82723421580711865209426195771673776828317955005214727613058698009878998022886", "price": "0.96", "size": "63.08", "side": "SELL", "hash": "452f36ae839426e064cc531768b939f85dd97180", "best_bid": "0.21", "best_ask": "0.77"}], "timestamp": "1769384498088", "event_type": "price_change"}}
{"_local_timestamp": "2026-01-25T23:41:38.227905+00:00", "data": {"market": "0xe27ecdfe0e61429f85c0752cf011dd1059b28521726153255d750077df577c4a", "price_changes": [{"asset_id": "82723421580711865209426195771673776828317955005214727613058698009878998022886", "price": "0.26", "size": "5", "side": "BUY", "hash": "81882805197a7746f96d0c55dd4dd1962d3c1093", "best_bid": "0.26", "best_ask": "0.77"}, {"asset_id": "62185190948670742717351165961194153942640386790239187999687676048885642242273", "price": "0.74", "size": "5", "side": "SELL", "hash": "adf1d263e913c82b2ddddf8c13983232fffa8c63", "best_bid": "0.23", "best_ask": "0.74"}], "timestamp": "1769384498089", "event_type": "price_change"}}
{"_local_timestamp": "2026-01-25T23:41:39.199662+00:00", "data": {"market": "0xe27ecdfe0e61429f85c0752cf011dd1059b28521726153255d750077df577c4a", "price_changes": [{"asset_id": "62185190948670742717351165961194153942640386790239187999687676048885642242273", "price": "0.04", "size": "55.21", "side": "BUY", "hash": "15d777b4108d7fb696a318a2caf8f0641df43839", "best_bid": "0.23", "best_ask": "0.74"}, {"asset_id": "82723421580711865209426195771673776828317955005214727613058698009878998022886", "price": "0.96", "size": "55.21", "side": "SELL", "hash": "a12276da2467d95be32a33cba38b8ba7540947e4", "best_bid": "0.26", "best_ask": "0.77"}], "timestamp": "1769384499043", "event_type": "price_change"}}
{"_local_timestamp": "2026-01-25T23:41:39.200772+00:00", "data": {"market": "0xe27ecdfe0e61429f85c0752cf011dd1059b28521726153255d750077df577c4a", "price_changes": [{"asset_id": "82723421580711865209426195771673776828317955005214727613058698009878998022886", "price": "0.01", "size": "10455.11", "side": "BUY", "hash": "73f5d1ea72e025bd6e821ffb94724f48212f210c", "best_bid": "0.21", "best_ask": "0.77"}, {"asset_id": "62185190948670742717351165961194153942640386790239187999687676048885642242273", "price": "0.99", "size": "10455.11", "side": "SELL", "hash": "ec558f1abb96d7b5e2a5c3673ac09a950e56c9d6", "best_bid": "0.23", "best_ask": "0.79"}], "timestamp": "1769384499043", "event_type": "price_change"}}
{"_local_timestamp": "2026-01-25T23:41:39.201721+00:00", "data": {"market": "0xe27ecdfe0e61429f85c0752cf011dd1059b28521726153255d750077df577c4a", "price_changes": [{"asset_id": "82723421580711865209426195771673776828317955005214727613058698009878998022886", "price": "0.05", "size": "170", "side": "BUY", "hash": "73f5d1ea72e025bd6e821ffb94724f48212f210c", "best_bid": "0.21", "best_ask": "0.77"}, {"asset_id": "62185190948670742717351165961194153942640386790239187999687676048885642242273", "price": "0.95", "size": "170", "side": "SELL", "hash": "ec558f1abb96d7b5e2a5c3673ac09a950e56c9d6", "best_bid": "0.23", "best_ask": "0.79"}], "timestamp": "1769384499043", "event_type": "price_change"}}
{"_local_timestamp": "2026-01-25T23:41:39.202340+00:00", "data": {"market": "0xe27ecdfe0e61429f85c0752cf011dd1059b28521726153255d750077df577c4a", "price_changes": [{"asset_id": "82723421580711865209426195771673776828317955005214727613058698009878998022886", "price": "0.09", "size": "5.1", "side": "BUY", "hash": "73f5d1ea72e025bd6e821ffb94724f48212f210c", "best_bid": "0.21", "best_ask": "0.77"}, {"asset_id": "62185190948670742717351165961194153942640386790239187999687676048885642242273", "price": "0.91", "size": "5.1", "side": "SELL", "hash": "ec558f1abb96d7b5e2a5c3673ac09a950e56c9d6", "best_bid": "0.23", "best_ask": "0.79"}], "timestamp": "1769384499043", "event_type": "price_change"}}
{"_local_timestamp": "2026-01-25T23:41:39.203008+00:00", "data": {"market": "0xe27ecdfe0e61429f85c0752cf011dd1059b28521726153255d750077df577c4a", "price_changes": [{"asset_id": "82723421580711865209426195771673776828317955005214727613058698009878998022886", "price": "0.13", "size": "100", "side": "BUY", "hash": "73f5d1ea72e025bd6e821ffb94724f48212f210c", "best_bid": "0.21", "best_ask": "0.77"}, {"asset_id": "62185190948670742717351165961194153942640386790239187999687676048885642242273", "price": "0.87", "size": "100", "side": "SELL", "hash": "ec558f1abb96d7b5e2a5c3673ac09a950e56c9d6", "best_bid": "0.23", "best_ask": "0.79"}], "timestamp": "1769384499043", "event_type": "price_change"}}
{"_local_timestamp": "2026-01-25T23:41:39.205093+00:00", "data": {"market": "0xe27ecdfe0e61429f85c0752cf011dd1059b28521726153255d750077df577c4a", "price_changes": [{"asset_id": "82723421580711865209426195771673776828317955005214727613058698009878998022886", "price": "0.26", "size": "0", "side": "BUY", "hash": "73f5d1ea72e025bd6e821ffb94724f48212f210c", "best_bid": "0.21", "best_ask": "0.77"}, {"asset_id": "62185190948670742717351165961194153942640386790239187999687676048885642242273", "price": "0.74", "size": "0", "side": "SELL", "hash": "ec558f1abb96d7b5e2a5c3673ac09a950e56c9d6", "best_bid": "0.23", "best_ask": "0.79"}], "timestamp": "1769384499043", "event_type": "price_change"}}
{"_local_timestamp": "2026-01-25T23:41:39.525739+00:00", "data": {"market": "0xe27ecdfe0e61429f85c0752cf011dd1059b28521726153255d750077df577c4a", "price_changes": [{"asset_id": "82723421580711865209426195771673776828317955005214727613058698009878998022886", "price": "0.09", "size": "10.61", "side": "BUY", "hash": "57ada509162b1bd80699d58e0d595cbccc9f645c", "best_bid": "0.21", "best_ask": "0.77"}, {"asset_id": "62185190948670742717351165961194153942640386790239187999687676048885642242273", "price": "0.91", "size": "10.61", "side": "SELL", "hash": "556117ee69f8de94c4366303c1ef356ceae5b4d5", "best_bid": "0.23", "best_ask": "0.79"}], "timestamp": "1769384499378", "event_type": "price_change"}}
{"_local_timestamp": "2026-01-25T23:41:39.526501+00:00", "data": {"market": "0xe27ecdfe0e61429f85c0752cf011dd1059b28521726153255d750077df577c4a", "price_changes": [{"asset_id": "82723421580711865209426195771673776828317955005214727613058698009878998022886", "price": "0.03", "size": "26.97", "side": "BUY", "hash": "301332c360817ff36ac61a1bd808b4b27c950ee1", "best_bid": "0.21", "best_ask": "0.77"}, {"asset_id": "62185190948670742717351165961194153942640386790239187999687676048885642242273", "price": "0.97", "size": "26.97", "side": "SELL", "hash": "c843bb0253a0dd825c7766893e6bb68fe4893790", "best_bid": "0.23", "best_ask": "0.79"}], "timestamp": "1769384499382", "event_type": "price_change"}}
{"_local_timestamp": "2026-01-25T23:41:39.527114+00:00", "data": {"market": "0xe27ecdfe0e61429f85c0752cf011dd1059b28521726153255d750077df577c4a", "price_changes": [{"asset_id": "62185190948670742717351165961194153942640386790239187999687676048885642242273", "price": "0.04", "size": "63.08", "side": "BUY", "hash": "cccb07d3cac60d7746839658238457e4ccf501d9", "best_bid": "0.23", "best_ask": "0.79"}, {"asset_id": "82723421580711865209426195771673776828317955005214727613058698009878998022886", "price": "0.96", "size": "63.08", "side": "SELL", "hash": "4368543ca84f588406304548423681d14d4228ee", "best_bid": "0.21", "best_ask": "0.77"}], "timestamp": "1769384499389", "event_type": "price_change"}}
{"_local_timestamp": "2026-01-25T23:41:39.534204+00:00", "data": {"market": "0xe27ecdfe0e61429f85c0752cf011dd1059b28521726153255d750077df577c4a", "price_changes": [{"asset_id": "82723421580711865209426195771673776828317955005214727613058698009878998022886", "price": "0.26", "size": "5", "side": "BUY", "hash": "b181229b96daa131fd9466e1ea449601789a6aff", "best_bid": "0.26", "best_ask": "0.77"}, {"asset_id": "62185190948670742717351165961194153942640386790239187999687676048885642242273", "price": "0.74", "size": "5", "side": "SELL", "hash": "cd7a7db3f139ed7d48682efbfd5f6a345a83f8a6", "best_bid": "0.23", "best_ask": "0.74"}], "timestamp": "1769384499394", "event_type": "price_change"}}
{"_local_timestamp": "2026-01-25T23:41:39.539282+00:00", "data": {"market": "0xe27ecdfe0e61429f85c0752cf011dd1059b28521726153255d750077df577c4a", "price_changes": [{"asset_id": "82723421580711865209426195771673776828317955005214727613058698009878998022886", "price": "0.13", "size": "107.67", "side": "BUY", "hash": "1323490450741f476880aac1ceeac45fe0d39352", "best_bid": "0.26", "best_ask": "0.77"}, {"asset_id": "62185190948670742717351165961194153942640386790239187999687676048885642242273", "price": "0.87", "size": "107.67", "side": "SELL", "hash": "9a673299740e17b0032519282c8c156616d9bf31", "best_bid": "0.23", "best_ask": "0.74"}], "timestamp": "1769384499400", "event_type": "price_change"}}
{"_local_timestamp": "2026-01-25T23:41:40.025978+00:00", "data": {"market": "0xe27ecdfe0e61429f85c0752cf011dd1059b28521726153255d750077df577c4a", "price_changes": [{"asset_id": "62185190948670742717351165961194153942640386790239187999687676048885642242273", "price": "0.04", "size": "55.21", "side": "BUY", "hash": "10ee1f5a66442835c202d7875810a1adc34d4ad2", "best_bid": "0.23", "best_ask": "0.74"}, {"asset_id": "82723421580711865209426195771673776828317955005214727613058698009878998022886", "price": "0.96", "size": "55.21", "side": "SELL", "hash": "0883910da858ab315e01d0dee56a8dda322e19ff", "best_bid": "0.26", "best_ask": "0.77"}], "timestamp": "1769384499901", "event_type": "price_change"}}
{"_local_timestamp": "2026-01-25T23:41:40.398193+00:00", "data": {"market": "0xe27ecdfe0e61429f85c0752cf011dd1059b28521726153255d750077df577c4a", "price_changes": [{"asset_id": "62185190948670742717351165961194153942640386790239187999687676048885642242273", "price": "0.04", "size": "63.08", "side": "BUY", "hash": "78a7ed4977df32d7a245a9cc7d7688afde119513", "best_bid": "0.23", "best_ask": "0.74"}, {"asset_id": "82723421580711865209426195771673776828317955005214727613058698009878998022886", "price": "0.96", "size": "63.08", "side": "SELL", "hash": "6cdd2c54767e1b4f54af75cb4525495ed2215ea2", "best_bid": "0.26", "best_ask": "0.77"}], "timestamp": "1769384500268", "event_type": "price_change"}}
{"_local_timestamp": "2026-01-25T23:41:41.715367+00:00", "data": {"market": "0xe27ecdfe0e61429f85c0752cf011dd1059b28521726153255d750077df577c4a", "price_changes": [{"asset_id": "82723421580711865209426195771673776828317955005214727613058698009878998022886", "price": "0.03", "size": "17.73", "side": "BUY", "hash": "d7114a11b8d501cfbf0de4d451b0cf68c0e64fbe", "best_bid": "0.21", "best_ask": "0.77"}, {"asset_id": "62185190948670742717351165961194153942640386790239187999687676048885642242273", "price": "0.97", "size": "17.73", "side": "SELL", "hash": "855398dcab49f16e6b7b4587e9b74847fe8147e6", "best_bid": "0.23", "best_ask": "0.79"}], "timestamp": "1769384501635", "event_type": "price_change"}}
{"_local_timestamp": "2026-01-25T23:41:41.716217+00:00", "data": {"market": "0xe27ecdfe0e61429f85c0752cf011dd1059b28521726153255d750077df577c4a", "price_changes": [{"asset_id": "82723421580711865209426195771673776828317955005214727613058698009878998022886", "price": "0.13", "size": "100", "side": "BUY", "hash": "d7114a11b8d501cfbf0de4d451b0cf68c0e64fbe", "best_bid": "0.21", "best_ask": "0.77"}, {"asset_id": "62185190948670742717351165961194153942640386790239187999687676048885642242273", "price": "0.87", "size": "100", "side": "SELL", "hash": "855398dcab49f16e6b7b4587e9b74847fe8147e6", "best_bid": "0.23", "best_ask": "0.79"}], "timestamp": "1769384501635", "event_type": "price_change"}}
{"_local_timestamp": "2026-01-25T23:41:41.716977+00:00", "data": {"market": "0xe27ecdfe0e61429f85c0752cf011dd1059b28521726153255d750077df577c4a", "price_changes": [{"asset_id": "82723421580711865209426195771673776828317955005214727613058698009878998022886", "price": "0.26", "size": "0", "side": "BUY", "hash": "d7114a11b8d501cfbf0de4d451b0cf68c0e64fbe", "best_bid": "0.21", "best_ask": "0.77"}, {"asset_id": "62185190948670742717351165961194153942640386790239187999687676048885642242273", "price": "0.74", "size": "0", "side": "SELL", "hash": "855398dcab49f16e6b7b4587e9b74847fe8147e6", "best_bid": "0.23", "best_ask": "0.79"}], "timestamp": "1769384501635", "event_type": "price_change"}}
{"_local_timestamp": "2026-01-25T23:41:41.717657+00:00", "data": {"market": "0xe27ecdfe0e61429f85c0752cf011dd1059b28521726153255d750077df577c4a", "price_changes": [{"asset_id": "62185190948670742717351165961194153942640386790239187999687676048885642242273", "price": "0.04", "size": "55.21", "side": "BUY", "hash": "c85de959e4a833e3d198e266c026253dc230ed42", "best_bid": "0.23", "best_ask": "0.79"}, {"asset_id": "82723421580711865209426195771673776828317955005214727613058698009878998022886", "price": "0.96", "size": "55.21", "side": "SELL", "hash": "54a939c5d957b36175a22d81f6575774750d8e29", "best_bid": "0.21", "best_ask": "0.77"}], "timestamp": "1769384501636", "event_type": "price_change"}}
{"_local_timestamp": "2026-01-25T23:41:42.326671+00:00", "data": {"market": "0xe27ecdfe0e61429f85c0752cf011dd1059b28521726153255d750077df577c4a", "price_changes": [{"asset_id": "82723421580711865209426195771673776828317955005214727613058698009878998022886", "price": "0.05", "size": "176.26", "side": "BUY", "hash": "901bccc7d41c8968f5c4bd7a80d6cd208d26c423", "best_bid": "0.21", "best_ask": "0.77"}, {"asset_id": "62185190948670742717351165961194153942640386790239187999687676048885642242273", "price": "0.95", "size": "176.26", "side": "SELL", "hash": "d274b102ebf69562a472c053c07feef8f0abc4e6", "best_bid": "0.23", "best_ask": "0.79"}], "timestamp": "1769384502251", "event_type": "price_change"}}
