{"_local_timestamp": "2026-01-25T23:34:03.476843+00:00", "data": [{"market": "0xee2277970666b756f1127658f4b5f07ce754e65148c42a7687a1a37ce93f0ffb", "asset_id": "78442531926846776639677379184955725565654329713933830632435917072239068459547", "timestamp": "1769383256146", "hash": "21cb973b626d9365b74a95f2010d2d70c5d44f32", "bids": [{"price": "0.01", "size": "657.01"}, {"price": "0.02", "size": "700"}, {"price": "0.03", "size": "273.03"}, {"price": "0.05", "size": "20"}, {"price": "0.06", "size": "48.47"}, {"price": "0.11", "size": "350"}, {"price": "0.12", "size": "50"}, {"price": "0.13", "size": "110"}, {"price": "0.14", "size": "150"}], "asks": [{"price": "0.99", "size": "257.32"}, {"price": "0.98", "size": "16.88"}, {"price": "0.97", "size": "16"}, {"price": "0.96", "size": "1137.5"}, {"price": "0.95", "size": "845"}, {"price": "0.94", "size": "108"}, {"price": "0.93", "size": "6.12"}, {"price": "0.92", "size": "462.5"}, {"price": "0.9", "size": "83"}, {"price": "0.85", "size": "7.73"}, {"price": "0.25", "size": "150"}, {"price": "0.24", "size": "350"}, {"price": "0.23", "size": "100"}], "event_type": "book", "last_trade_price": ""}, {"market": "0xee2277970666b756f1127658f4b5f07ce754e65148c42a7687a1a37ce93f0ffb", "asset_id": "73095591149851906356986272665441271978911813376694459332346682622786736460878", "timestamp": "1769383256146", "hash": "19e964b8873084319c81f50ba564f84c1e19f46c", "bids": [{"price": "0.01", "size": "257.32"}, {"price": "0.02", "size": "16.88"}, {"price": "0.03", "size": "16"}, {"price": "0.04", "size": "1137.5"}, {"price": "0.05", "size": "845"}, {"price": "0.06", "size": "108"}, {"price": "0.07", "size": "6.12"}, {"price": "0.08", "size": "462.5"}, {"price": "0.1", "size": "83"}, {"price": "0.15", "size": "7.73"}, {"price": "0.75", "size": "150"}, {"price": "0.76", "size": "350"}, {"price": "0.77", "size": "100"}], "asks": [{"price": "0.99", "size": "657.01"}, {"price": "0.98", "size": "700"}, {"price": "0.97", "size": "273.03"}, {"price": "0.95", "size": "20"}, {"price": "0.94", "size": "48.47"}, {"price": "0.89", "size": "350"}, {"price": "0.88", "size": "50"}, {"price": "0.87", "size": "110"}, {"price": "0.86", "size": "150"}], "event_type": "book", "last_trade_price": ""}, {"market": "0x31e7d40a18ab18180c7c465b3eeea070adc8a85db37201f085a58b2296a33ccd", "asset_id": "108555528906655293775519237903907915724871506037972138657489835236061029028268", "timestamp": "1769384035499", "hash": "118c10e22b1c75f4a2a4b4b1c147c54656a9bef9", "bids": [{"price": "0.01", "size": "650"}, {"price": "0.02", "size": "1067.49"}, {"price": "0.03", "size": "266"}, {"price": "0.04", "size": "57.91"}, {"price": "0.05", "size": "120"}, {"price": "0.06", "size": "183"}], "asks": [{"price": "0.99", "size": "257.46"}, {"price": "0.98", "size": "7.07"}, {"price": "0.97", "size": "16"}, {"price": "0.96", "size": "1145.31"}, {"price": "0.95", "size": "845"}, {"price": "0.94", "size": "108"}, {"price": "0.92", "size": "462.5"}, {"price": "0.91", "size": "7.45"}, {"price": "0.9", "size": "8"}, {"price": "0.89", "size": "7.27"}, {"price": "0.18", "size": "150"}, {"price": "0.15", "size": "450"}], "event_type": "book", "last_trade_price": ""}, {"market": "0x0fcc9a8891c6edaeba5f371fdb017ad45f29bdffe988412097760d76e1e15fe1", "asset_id": "33674605312579696091054206150277492640153747504788976746913357498128620013806", "timestamp": "1769383818907", "hash": "09067ad6272c81f0217e6c0b2bddd9867e66988a", "bids": [{"price": "0.01", "size": "650"}, {"price": "0.02", "size": "1407.65"}, {"price": "0.03", "size": "16"}, {"price": "0.05", "size": "520"}, {"price": "0.06", "size": "49"}, {"price": "0.07", "size": "7.33"}, {"price": "0.11", "size": "362"}, {"price": "0.12", "size": "8.5"}, {"price": "0.49", "size": "10"}, {"price": "0.65", "size": "200"}, {"price": "0.66", "size": "350"}, {"price": "0.67", "size": "100"}], "asks": [{"price": "0.99", "size": "258.28"}, {"price": "0.98", "size": "11.76"}, {"price": "0.97", "size": "16"}, {"price": "0.96", "size": "1008.24"}, {"price": "0.95", "size": "455"}, {"price": "0.94", "size": "335"}, {"price": "0.93", "size": "9.64"}, {"price": "0.9", "size": "430"}, {"price": "0.89", "size": "9.19"}, {"price": "0.88", "size": "5.66"}, {"price": "0.87", "size": "5.21"}, {"price": "0.79", "size": "350"}, {"price": "0.77", "size": "150"}, {"price": "0.76", "size": "150"}], "event_type": "book", "last_trade_price": ""}, {"market": "0x0fcc9a8891c6edaeba5f371fdb017ad45f29bdffe988412097760d76e1e15fe1", "asset_id": "24575979802464697045374839283121345676281670408477433767447253825666561657931", "timestamp": "1769383818907", "hash": "6d3d8a4bced9a65967013b55c0b2e5328b2ef088", "bids": [{"price": "0.01", "size": "258.28"}, {"price": "0.02", "size": "11.76"}, {"price": "0.03", "size": "16"}, {"price": "0.04", "size": "1008.24"}, {"price": "0.05", "size": "455"}, {"price": "0.06", "size": "335"}, {"price": "0.07", "size": "9.64"}, {"price": "0.1", "size": "430"}, {"price": "0.11", "size": "9.19"}, {"price": "0.12", "size": "5.66"}, {"price": "0.13", "size": "5.21"}, {"price": "0.21", "size": "350"}, {"price": "0.23", "size": "150"}, {"price": "0.24", "size": "150"}], "asks": [{"price": "0.99", "size": "650"}, {"price": "0.98", "size": "1407.65"}, {"price": "0.97", "size": "16"}, {"price": "0.95", "size": "520"}, {"price": "0.94", "size": "49"}, {"price": "0.93", "size": "7.33"}, {"price": "0.89", "size": "362"}, {"price": "0.88", "size": "8.5"}, {"price": "0.51", "size": "10"}, {"price": "0.35", "size": "200"}, {"price": "0.34", "size": "350"}, {"price": "0.33", "size": "100"}], "event_type": "book", "last_trade_price": ""}, {"market": "0x31e7d40a18ab18180c7c465b3eeea070adc8a85db37201f085a58b2296a33ccd", "asset_id": "32385014412116546144519526450554883824616316103586187561204855921094325985307", "timestamp": "1769384035499", "hash": "af499f9808e590c16278d1f46d289ea3dd6a8a1c", "bids": [{"price": "0.01", "size": "257.46"}, {"price": "0.02", "size": "7.07"}, {"price": "0.03", "size": "16"}, {"price": "0.04", "size": "1145.31"}, {"price": "0.05", "size": "845"}, {"price": "0.06", "size": "108"}, {"price": "0.08", "size": "462.5"}, {"price": "0.09", "size": "7.45"}, {"price": "0.1", "size": "8"}, {"price": "0.11", "size": "7.27"}, {"price": "0.82", "size": "150"}, {"price": "0.85", "size": "450"}], "asks": [{"price": "0.99", "size": "650"}, {"price": "0.98", "size": "1067.49"}, {"price": "0.97", "size": "266"}, {"price": "0.96", "size": "57.91"}, {"price": "0.95", "size": "120"}, {"price": "0.94", "size": "183"}], "event_type": "book", "last_trade_price": ""}]}
{"_local_timestamp": "2026-01-25T23:34:09.355852+00:00", "data": {"market": "0xee2277970666b756f1127658f4b5f07ce754e65148c42a7687a1a37ce93f0ffb", "price_changes": [{"asset_id": "73095591149851906356986272665441271978911813376694459332346682622786736460878", "price": "0.02", "size": "0", "side": "BUY", "hash": "8f14a35e6bcf03297070b72e090245e7dd145466", "best_bid": "0.77", "best_ask": "0.86"}, {"asset_id": "78442531926846776639677379184955725565654329713933830632435917072239068459547", "price": "0.98", "size": "0", "side": "SELL", "hash": "0ee0db3ce29ee342a6c74164792c75dc38c98dbf", "best_bid": "0.14", "best_ask": "0.23"}], "timestamp": "1769384049283", "event_type": "price_change"}}
{"_local_timestamp": "2026-01-25T23:34:09.356322+00:00", "data": {"market": "0xee2277970666b756f1127658f4b5f07ce754e65148c42a7687a1a37ce93f0ffb", "price_changes": [{"asset_id": "73095591149851906356986272665441271978911813376694459332346682622786736460878", "price": "0.07", "size": "0", "side": "BUY", "hash": "8f14a35e6bcf03297070b72e090245e7dd145466", "best_bid": "0.77", "best_ask": "0.86"}, {"asset_id": "78442531926846776639677379184955725565654329713933830632435917072239068459547", "price": "0.93", "size": "0", "side": "SELL", "hash": "0ee0db3ce29ee342a6c74164792c75dc38c98dbf", "best_bid": "0.14", "best_ask": "0.23"}], "timestamp": "1769384049283", "event_type": "price_change"}}
{"_local_timestamp": "2026-01-25T23:34:09.356611+00:00", "data": {"market": "0xee2277970666b756f1127658f4b5f07ce754e65148c42a7687a1a37ce93f0ffb", "price_changes": [{"asset_id": "73095591149851906356986272665441271978911813376694459332346682622786736460878", "price": "0.15", "size": "0", "side": "BUY", "hash": "8f14a35e6bcf03297070b72e090245e7dd145466", "best_bid": "0.77", "best_ask": "0.86"}, {"asset_id": "78442531926846776639677379184955725565654329713933830632435917072239068459547", "price": "0.85", "size": "0", "side": "SELL", "hash": "0ee0db3ce29ee342a6c74164792c75dc38c98dbf", "best_bid": "0.14", "best_ask": "0.23"}], "timestamp": "1769384049283", "event_type": "price_change"}}
