{"_local_timestamp": "2026-01-25T23:41:32.184937+00:00", "data": [{"market": "0x405cfc578bb62664df92971a6ade9976b670b235fd6f904eb3333c65e5d3c377", "asset_id": "52924418117061113646876417548824162253764397953746448024090658101474113886562", "timestamp": "1769382483671", "hash": "03599f31f62306fa282b6f959280cd46703471d7", "bids": [{"price": "0.01", "size": "618.81"}, {"price": "0.02", "size": "25.56"}, {"price": "0.03", "size": "66"}, {"price": "0.04", "size": "176"}, {"price": "0.05", "size": "46.01"}], "asks": [{"price": "0.99", "size": "614.79"}, {"price": "0.98", "size": "26.16"}, {"price": "0.95", "size": "165"}, {"price": "0.94", "size": "10.95"}], "event_type": "book", "last_trade_price": ""}, {"market": "0xf2912df4588bd969e33504225e3d83acbd72538df84045811b86acbf276d64c1", "asset_id": "30614767242363301402909264386217880885306034828386957118066208169817689500534", "timestamp": "1769383914476", "hash": "f861586e0861434abf22b00c3ad9ab8366ec10dc", "bids": [{"price": "0.01", "size": "285.01"}, {"price": "0.02", "size": "32.49"}], "asks": [{"price": "0.99", "size": "470.74"}, {"price": "0.98", "size": "95.03"}, {"price": "0.97", "size": "21.73"}, {"price": "0.96", "size": "5.47"}], "event_type": "book", "last_trade_price": ""}, {"market": "0xe619f051de91f386f9b10a53baadd21bcd45d8094a1d04846824cb6c36099f50", "asset_id": "49617247739309943668613143812772216129943801174729063817587251527706220955055", "timestamp": "1769383911257", "hash": "614fe2b6a0ead49f21480c1612eb272d7f48c6a1", "bids": [{"price": "0.01", "size": "285.01"}, {"price": "0.02", "size": "32.49"}], "asks": [{"price": "0.99", "size": "470.74"}, {"price": "0.98", "size": "95.03"}, {"price": "0.97", "size": "21.73"}, {"price": "0.96", "size": "5.47"}], "event_type": "book", "last_trade_price": ""}, {"market": "0xf2912df4588bd969e33504225e3d83acbd72538df84045811b86acbf276d64c1", "asset_id": "1942367106684424410846677124874262126920559111691059360210527873462031390693", "timestamp": "1769383914476", "hash": "f48d43c837a336a5c9771efedad397094bb02e50", "bids": [{"price": "0.01", "size": "470.74"}, {"price": "0.02", "size": "95.03"}, {"price": "0.03", "size": "21.73"}, {"price": "0.04", "size": "5.47"}], "asks": [{"price": "0.99", "size": "285.01"}, {"price": "0.98", "size": "32.49"}], "event_type": "book", "last_trade_price": ""}, {"market": "0xe619f051de91f386f9b10a53baadd21bcd45d8094a1d04846824cb6c36099f50", "asset_id": "75742049712698938920552874133205593498608748040685547295398700053813849917292", "timestamp": "1769383911257", "hash": "537870f31eb1ae4e2aede5689b33c6631aa6f555", "bids": [{"price": "0.01", "size": "470.74"}, {"price": "0.02", "size": "95.03"}, {"price": "0.03", "size": "21.73"}, {"price": "0.04", "size": "5.47"}], "asks": [{"price": "0.99", "size": "285.01"}, {"price": "0.98", "size": "32.49"}], "event_type": "book", "last_trade_price": ""}, {"market": "0x486b955459f4ff0002ea25eec78e8c6d8ea64f1a1aa7f79c1c4c55b5f1db7f17", "asset_id": "34406330032854732321218276517209817890798792697941337623482941656208983230685", "timestamp": "1769383913348", "hash": "711351614efd30a73ce24c30c7617dfe45650043", "bids": [{"price": "0.01", "size": "285.01"}, {"price": "0.02", "size": "32.49"}], "asks": [{"price": "0.99", "size": "470.74"}, {"price": "0.98", "size": "95.03"}, {"price": "0.97", "size": "21.73"}, {"price": "0.96", "size": "5.47"}], "event_type": "book", "last_trade_price": ""}, {"market": "0x8c429d1a76c922af034b19d39fa2f2318479dd0b455df875d59cc8b5f06cdd19", "asset_id": "78781681556590820370545952271787462495671768672441265274867845297225807092036", "timestamp": "1769383912247", "hash": "3e69899095c27c88c9073b25bd05491154e1aee2", "bids": [{"price": "0.01", "size": "470.74"}, {"price": "0.02", "size": "95.03"}, {"price": "0.03", "size": "21.73"}, {"price": "0.04", "size": "5.47"}], "asks": [{"price": "0.99", "size": "285.01"}, {"price": "0.98", "size": "32.49"}], "event_type": "book", "last_trade_price": ""}, {"market": "0x8c429d1a76c922af034b19d39fa2f2318479dd0b455df875d59cc8b5f06cdd19", "asset_id": "85487811428111647715010861668251813811578207991994363694034972875125021926342", "timestamp": "1769383912247", "hash": "7d69d6e9371fd26ba417636129f4055b76c86eaa", "bids": [{"price": "0.01", "size": "285.01"}, {"price": "0.02", "size": "32.49"}], "asks": [{"price": "0.99", "size": "470.74"}, {"price": "0.98", "size": "95.03"}, {"price": "0.97", "size": "21.73"}, {"price": "0.96", "size": "5.47"}], "event_type": "book", "last_trade_price": ""}, {"market": "0x405cfc578bb62664df92971a6ade9976b670b235fd6f904eb3333c65e5d3c377", "asset_id": "103619990423160560351041556398774879171006505946281603663512396031902914177977", "timestamp": "1769382483671", "hash": "7caa00c8a6a20a2b09949198d6cc1dff46c6073a", "bids": [{"price": "0.01", "size": "614.79"}, {"price": "0.02", "size": "26.16"}, {"price": "0.05", "size": "165"}, {"price": "0.06", "size": "10.95"}], "asks": [{"price": "0.99", "size": "618.81"}, {"price": "0.98", "size": "25.56"}, {"price": "0.97", "size": "66"}, {"price": "0.96", "size": "176"}, {"price": "0.95", "size": "46.01"}], "event_type": "book", "last_trade_price": ""}, {"market": "0x486b955459f4ff0002ea25eec78e8c6d8ea64f1a1aa7f79c1c4c55b5f1db7f17", "asset_id": "17923454467093157623097821126703851510681474421987835726661826968559650534975", "timestamp": "1769383913348", "hash": "9cd56147816d5504bc58c51c8e86fae82e5b32b8", "bids": [{"price": "0.01", "size": "470.74"}, {"price": "0.02", "size": "95.03"}, {"price": "0.03", "size": "21.73"}, {"price": "0.04", "size": "5.47"}], "asks": [{"price": "0.99", "size": "285.01"}, {"price": "0.98", "size": "32.49"}], "event_type": "book", "last_trade_price": ""}]}
