{"_local_timestamp": "2026-01-25T23:34:28.035976+00:00", "data": [{"market": "0xde95625305bfdbe9eb87884b17b2d8b8b1550c68580047fbed82a9fd5afab72e", "asset_id": "32844498586207941574187682773562702177684122326749278592173148247813912190306", "timestamp": "1769382483707", "hash": "27f7c55ec77c85afe8a78df57f4c5d3a98ee14e4", "bids": [{"price": "0.01", "size": "285.01"}, {"price": "0.02", "size": "32.49"}], "asks": [{"price": "0.99", "size": "468.13"}, {"price": "0.98", "size": "98.48"}, {"price": "0.97", "size": "20.3"}, {"price": "0.96", "size": "5.47"}], "event_type": "book", "last_trade_price": ""}, {"market": "0x0e5f661b773be71c89b474007664b56e351b7fc9eeb1ce2b1853170f733f1a76", "asset_id": "7518434813701001090785093414889008865471129603880985971730810583986751200817", "timestamp": "1769382483699", "hash": "5faeca9db5371dcea395b63bb22a821f5368e8cd", "bids": [{"price": "0.01", "size": "285.01"}, {"price": "0.02", "size": "32.49"}], "asks": [{"price": "0.99", "size": "473.64"}, {"price": "0.98", "size": "95.03"}, {"price": "0.97", "size": "20.76"}, {"price": "0.96", "size": "5.47"}], "event_type": "book", "last_trade_price": ""}, {"market": "0xb49e37287d4891dfd7cee4a1bea207849d1777b8d71ac01cfe20c9478a6ad361", "asset_id": "70348692592166640285075362936002413772145981290362899800841221119556167710224", "timestamp": "1769382484886", "hash": "5bb7627553f514ea15a9a222fbfd686719146f9b", "bids": [{"price": "0.01", "size": "468.13"}, {"price": "0.02", "size": "98.48"}, {"price": "0.03", "size": "20.3"}, {"price": "0.04", "size": "5.47"}], "asks": [{"price": "0.99", "size": "276.9"}, {"price": "0.98", "size": "154.79"}, {"price": "0.97", "size": "15.83"}], "event_type": "book", "last_trade_price": ""}, {"market": "0x3aaa2161a716c7a21cf7d2e7e97d51dc9e0a1cd51e8fcf1dd916eb1da3c63ff3", "asset_id": "113466361492719554618706022629085757740939988333836538440243348144349099162696", "timestamp": "1769382483679", "hash": "9e3ff801607be2985fa3c75bb18c6fd873b59f1f", "bids": [{"price": "0.01", "size": "614.79"}, {"price": "0.02", "size": "26.16"}, {"price": "0.04", "size": "33"}, {"price": "0.05", "size": "140"}, {"price": "0.06", "size": "10.95"}], "asks": [{"price": "0.99", "size": "618.81"}, {"price": "0.98", "size": "25.56"}, {"price": "0.97", "size": "66"}, {"price": "0.96", "size": "107"}, {"price": "0.95", "size": "46.01"}], "event_type": "book", "last_trade_price": ""}, {"market": "0x2498e3997d7415117449cfdb5836f4c2c1f2713b15cde1674adac39bdc00164f", "asset_id": "88782287422480548090692609323824034794098935653308664980046003181830333356927", "timestamp": "1769383910256", "hash": "27e31573a0acad5523d2f2ebf5de1d108386b49b", "bids": [{"price": "0.01", "size": "470.74"}, {"price": "0.02", "size": "95.03"}, {"price": "0.03", "size": "12.74"}, {"price": "0.04", "size": "12.21"}], "asks": [{"price": "0.99", "size": "285.01"}, {"price": "0.98", "size": "32.49"}], "event_type": "book", "last_trade_price": ""}, {"market": "0xb49e37287d4891dfd7cee4a1bea207849d1777b8d71ac01cfe20c9478a6ad361", "asset_id": "45725573680032154875093924936501677876125682795502448763325637024047864789220", "timestamp": "1769382484886", "hash": "b5d663754b4ea82c4fe217cf266750d150da3961", "bids": [{"price": "0.01", "size": "276.9"}, {"price": "0.02", "size": "154.79"}, {"price": "0.03", "size": "15.83"}], "asks": [{"price": "0.99", "size": "468.13"}, {"price": "0.98", "size": "98.48"}, {"price": "0.97", "size": "20.3"}, {"price": "0.96", "size": "5.47"}], "event_type": "book", "last_trade_price": ""}, {"market": "0x0e5f661b773be71c89b474007664b56e351b7fc9eeb1ce2b1853170f733f1a76", "asset_id": "45878617268878375317254090260517032367066487248482261961704619928954247086007", "timestamp": "1769382483699", "hash": "aa5cc578caaf975c9d004ca97c18d82738044e71", "bids": [{"price": "0.01", "size": "473.64"}, {"price": "0.02", "size": "95.03"}, {"price": "0.03", "size": "20.76"}, {"price": "0.04", "size": "5.47"}], "asks": [{"price": "0.99", "size": "285.01"}, {"price": "0.98", "size": "32.49"}], "event_type": "book", "last_trade_price": ""}, {"market": "0xde95625305bfdbe9eb87884b17b2d8b8b1550c68580047fbed82a9fd5afab72e", "asset_id": "12333104238354661129203008035079547525762924928167001473614967112006172101017", "timestamp": "1769382483707", "hash": "0677c04f4b0f7b30187dabcfaab7e1ce1f455668", "bids": [{"price": "0.01", "size": "468.13"}, {"price": "0.02", "size": "98.48"}, {"price": "0.03", "size": "20.3"}, {"price": "0.04", "size": "5.47"}], "asks": [{"price": "0.99", "size": "285.01"}, {"price": "0.98", "size": "32.49"}], "event_type": "book", "last_trade_price": ""}, {"market": "0x3aaa2161a716c7a21cf7d2e7e97d51dc9e0a1cd51e8fcf1dd916eb1da3c63ff3", "asset_id": "21887074083238055900854250172331183749834212610700447011975290264877915592936", "timestamp": "1769382483679", "hash": "d809302290ef80baaffdb79fb4912952fb56cd74", "bids": [{"price": "0.01", "size": "618.81"}, {"price": "0.02", "size": "25.56"}, {"price": "0.03", "size": "66"}, {"price": "0.04", "size": "107"}, {"price": "0.05", "size": "46.01"}], "asks": [{"price": "0.99", "size": "614.79"}, {"price": "0.98", "size": "26.16"}, {"price": "0.96", "size": "33"}, {"price": "0.95", "size": "140"}, {"price": "0.94", "size": "10.95"}], "event_type": "book", "last_trade_price": ""}, {"market": "0x2498e3997d7415117449cfdb5836f4c2c1f2713b15cde1674adac39bdc00164f", "asset_id": "35133910180287707259228796616585436294726038338425945320813229552624576934589", "timestamp": "1769383910256", "hash": "f5728156738961a120999f31c5a8b2281c9238bb", "bids": [{"price": "0.01", "size": "285.01"}, {"price": "0.02", "size": "32.49"}], "asks": [{"price": "0.99", "size": "470.74"}, {"price": "0.98", "size": "95.03"}, {"price": "0.97", "size": "12.74"}, {"price": "0.96", "size": "12.21"}], "event_type": "book", "last_trade_price": ""}]}
