{"_local_timestamp": "2026-01-25T23:41:12.919168+00:00", "data": [{"market": "0xa5fec3d7099ce41c82878ffd846e197c46284d90d345ba38d9f9fd2cb0c1c6e2", "asset_id": "100791747944215742179020659759015196998479612491265862999871126539471674196793", "timestamp": "1769382487345", "hash": "1ff74cafb826d714b231050c4b7601886d1601cb", "bids": [{"price": "0.01", "size": "663.45"}, {"price": "0.02", "size": "156.4"}, {"price": "0.03", "size": "11.59"}, {"price": "0.05", "size": "40"}, {"price": "0.06", "size": "72.49"}, {"price": "0.07", "size": "69.47"}, {"price": "0.08", "size": "250"}], "asks": [{"price": "0.99", "size": "663.45"}, {"price": "0.98", "size": "156.4"}, {"price": "0.97", "size": "23.92"}, {"price": "0.96", "size": "37"}, {"price": "0.95", "size": "9.99"}, {"price": "0.94", "size": "66"}, {"price": "0.93", "size": "318.71"}, {"price": "0.92", "size": "12.5"}], "event_type": "book", "last_trade_price": ""}, {"market": "0xd593356222b786fd36f18c664d9377432d54fcad82cf50563c242df407b7e7d8", "asset_id": "55164535678332204348244648662789201929612454194542190877417959982595211271591", "timestamp": "1769384434579", "hash": "1f9dbc13d0944e10bf73015fef91028b2c680f8e", "bids": [{"price": "0.01", "size": "564.79"}, {"price": "0.02", "size": "159.39"}, {"price": "0.03", "size": "80.95"}, {"price": "0.04", "size": "17.6"}], "asks": [{"price": "0.99", "size": "564.79"}, {"price": "0.98", "size": "163.72"}, {"price": "0.97", "size": "192"}, {"price": "0.96", "size": "14.44"}, {"price": "0.94", "size": "9.47"}], "event_type": "book", "last_trade_price": ""}, {"market": "0xe611ed120cb0fe6dbb2ec23c8b1e4b40b2118d9c7190f1f0dd23e89510c0be26", "asset_id": "60114719264892752502802940948499759118140727444137228008042865174500323216153", "timestamp": "1769384432119", "hash": "3a16c613d744f1d99feeec80e6500abefa9ab892", "bids": [{"price": "0.01", "size": "550"}, {"price": "0.02", "size": "375"}], "asks": [{"price": "0.99", "size": "564.79"}, {"price": "0.98", "size": "156.69"}, {"price": "0.97", "size": "81.44"}, {"price": "0.96", "size": "13.12"}, {"price": "0.95", "size": "5.47"}], "event_type": "book", "last_trade_price": ""}, {"market": "0x9ee98756084d4b95ac81652ca1d913e5d8ecb9e908efb65c556789c86b473376", "asset_id": "63001899965693692104997323128254791088204313624111454236519032741155194562805", "timestamp": "1769383086137", "hash": "08dbca74cc04a67893681a9ca0432c9f0ac60e9a", "bids": [{"price": "0.01", "size": "564.79"}, {"price": "0.02", "size": "156.7"}, {"price": "0.03", "size": "12.97"}, {"price": "0.05", "size": "25"}, {"price": "0.06", "size": "5.48"}, {"price": "0.07", "size": "291.18"}], "asks": [{"price": "0.99", "size": "568.81"}, {"price": "0.98", "size": "158.94"}, {"price": "0.97", "size": "90.08"}, {"price": "0.96", "size": "500"}, {"price": "0.95", "size": "26.01"}], "event_type": "book", "last_trade_price": ""}, {"market": "0xe611ed120cb0fe6dbb2ec23c8b1e4b40b2118d9c7190f1f0dd23e89510c0be26", "asset_id": "12429330725754829164917033979614060582094881443809172101499835049418421792570", "timestamp": "1769384432119", "hash": "0611e0f9a4ef6530461e881bb126f680e2065253", "bids": [{"price": "0.01", "size": "564.79"}, {"price": "0.02", "size": "156.69"}, {"price": "0.03", "size": "81.44"}, {"price": "0.04", "size": "13.12"}, {"price": "0.05", "size": "5.47"}], "asks": [{"price": "0.99", "size": "550"}, {"price": "0.98", "size": "375"}], "event_type": "book", "last_trade_price": ""}, {"market": "0x53ba3784a5edc778783310ed14930215d72b13b445a3d4b764881e0e1571364a", "asset_id": "26195889770926180242676840252838524018642611033375243176212180223221957861977", "timestamp": "1769384434579", "hash": "b37e5bc7940f800ba95b9ab36b7e688e4370f67c", "bids": [{"price": "0.01", "size": "564.79"}, {"price": "0.02", "size": "156.69"}, {"price": "0.03", "size": "81.44"}, {"price": "0.04", "size": "18.59"}], "asks": [{"price": "0.99", "size": "550"}, {"price": "0.98", "size": "375"}], "event_type": "book", "last_trade_price": ""}, {"market": "0x9ee98756084d4b95ac81652ca1d913e5d8ecb9e908efb65c556789c86b473376", "asset_id": "104850812604490121385144772071685482818893368069562952042062117524221271824225", "timestamp": "1769383086137", "hash": "7fcee2b5585239c40153833d8072f419a8ab4734", "bids": [{"price": "0.01", "size": "568.81"}, {"price": "0.02", "size": "158.94"}, {"price": "0.03", "size": "90.08"}, {"price": "0.04", "size": "500"}, {"price": "0.05", "size": "26.01"}], "asks": [{"price": "0.99", "size": "564.79"}, {"price": "0.98", "size": "156.7"}, {"price": "0.97", "size": "12.97"}, {"price": "0.95", "size": "25"}, {"price": "0.94", "size": "5.48"}, {"price": "0.93", "size": "291.18"}], "event_type": "book", "last_trade_price": ""}, {"market": "0xa5fec3d7099ce41c82878ffd846e197c46284d90d345ba38d9f9fd2cb0c1c6e2", "asset_id": "47991860006977741104434602018103072561446914907175267000054331424129545476990", "timestamp": "1769382487345", "hash": "ed55e34a802a25553d98f72b5807f2aa5c1c3e4a", "bids": [{"price": "0.01", "size": "663.45"}, {"price": "0.02", "size": "156.4"}, {"price": "0.03", "size": "23.92"}, {"price": "0.04", "size": "37"}, {"price": "0.05", "size": "9.99"}, {"price": "0.06", "size": "66"}, {"price": "0.07", "size": "318.71"}, {"price": "0.08", "size": "12.5"}], "asks": [{"price": "0.99", "size": "663.45"}, {"price": "0.98", "size": "156.4"}, {"price": "0.97", "size": "11.59"}, {"price": "0.95", "size": "40"}, {"price": "0.94", "size": "72.49"}, {"price": "0.93", "size": "69.47"}, {"price": "0.92", "size": "250"}], "event_type": "book", "last_trade_price": ""}, {"market": "0x53ba3784a5edc778783310ed14930215d72b13b445a3d4b764881e0e1571364a", "asset_id": "105939533592086123271961010754329607275439832686939054478120204657544964918724", "timestamp": "1769384434579", "hash": "6ac2927f9242ed8fa25c5afc4c31338ca4bd13d9", "bids": [{"price": "0.01", "size": "550"}, {"price": "0.02", "size": "375"}], "asks": [{"price": "0.99", "size": "564.79"}, {"price": "0.98", "size": "156.69"}, {"price": "0.97", "size": "81.44"}, {"price": "0.96", "size": "18.59"}], "event_type": "book", "last_trade_price": ""}, {"market": "0xd593356222b786fd36f18c664d9377432d54fcad82cf50563c242df407b7e7d8", "asset_id": "27831023769571911365171055400820027493098827399853913463001216744399809338823", "timestamp": "1769384434579", "hash": "a65b0612f5d7f22f59c17218754902c503f9d092", "bids": [{"price": "0.01", "size": "564.79"}, {"price": "0.02", "size": "163.72"}, {"price": "0.03", "size": "192"}, {"price": "0.04", "size": "14.44"}, {"price": "0.06", "size": "9.47"}], "asks": [{"price": "0.99", "size": "564.79"}, {"price": "0.98", "size": "159.39"}, {"price": "0.97", "size": "80.95"}, {"price": "0.96", "size": "17.6"}], "event_type": "book", "last_trade_price": ""}]}
