{"_local_timestamp": "2026-01-25T23:34:06.028280+00:00", "data": [{"market": "0xe5b6800f3a4729d69d72cfb16a5772fc8a478264efecef7a01a2c2ae8618ec2f", "asset_id": "111469969104723974595612790741727730616656520513753205318312510676543083887062", "timestamp": "1769382534197", "hash": "28c1f09a7d4eb812fb679afbd168738e99c5a200", "bids": [{"price": "0.01", "size": "550"}, {"price": "0.02", "size": "375"}], "asks": [{"price": "0.99", "size": "569.87"}, {"price": "0.98", "size": "156.69"}, {"price": "0.97", "size": "205.68"}, {"price": "0.95", "size": "11.81"}], "event_type": "book", "last_trade_price": ""}, {"market": "0xc8b6032914799594a99a1246e5d89d00205863dee598ca105c557694dc492575", "asset_id": "7715521368367810731496306454621310134271826354394347467034543181980035372370", "timestamp": "1769383092313", "hash": "84a5e1cbb1541bcf36dcea5dbfd8d6b6c637c120", "bids": [{"price": "0.01", "size": "572.04"}, {"price": "0.02", "size": "160.48"}, {"price": "0.03", "size": "81.65"}, {"price": "0.04", "size": "509.25"}], "asks": [{"price": "0.99", "size": "564.79"}, {"price": "0.98", "size": "157.03"}, {"price": "0.97", "size": "8.7"}, {"price": "0.94", "size": "27.5"}, {"price": "0.93", "size": "291.18"}], "event_type": "book", "last_trade_price": ""}, {"market": "0x206fbb8a049d99d385029a43b65486338cf9430d2d1da6615b3ddfeef4004b35", "asset_id": "67604597405783973201451339705123501875874090989129444128705526500731883502477", "timestamp": "1769382483677", "hash": "2d03c731a63876afe9acc648f7115fd6580bdd21", "bids": [{"price": "0.01", "size": "664.79"}, {"price": "0.02", "size": "163.72"}, {"price": "0.03", "size": "16"}, {"price": "0.04", "size": "43.21"}, {"price": "0.05", "size": "18"}, {"price": "0.06", "size": "71.48"}, {"price": "0.07", "size": "299.91"}], "asks": [{"price": "0.99", "size": "663.45"}, {"price": "0.98", "size": "162.49"}, {"price": "0.96", "size": "5.65"}, {"price": "0.95", "size": "40"}, {"price": "0.94", "size": "72.49"}, {"price": "0.93", "size": "68.47"}, {"price": "0.92", "size": "250"}], "event_type": "book", "last_trade_price": ""}, {"market": "0xfaac7dfe1505bfb9c6f243b2c4148e3772937cf588f9ebec5527c916b571393e", "asset_id": "24306025302983690777982444697559200582279420841957723615884153871629129779546", "timestamp": "1769382798516", "hash": "f2fd847d30e2f7e4d6071a2ac09ee01bb8c451ce", "bids": [{"price": "0.01", "size": "569.87"}, {"price": "0.02", "size": "156.69"}, {"price": "0.03", "size": "133.68"}, {"price": "0.05", "size": "11.81"}], "asks": [{"price": "0.99", "size": "550"}, {"price": "0.98", "size": "385"}], "event_type": "book", "last_trade_price": ""}, {"market": "0x945aa3bef79a4e9e8daae60ebdd0fad8744142d7a8d9364d45b31af99ddb1a7e", "asset_id": "8809932327556592346344278785407063608057387911358590134002914223018243735350", "timestamp": "1769382589277", "hash": "f6e7f5a986070f3eb06c344eb5ee07d37c8d9eed", "bids": [{"price": "0.01", "size": "550"}, {"price": "0.02", "size": "375"}], "asks": [{"price": "0.99", "size": "569.87"}, {"price": "0.98", "size": "156.69"}, {"price": "0.97", "size": "86.68"}, {"price": "0.95", "size": "11.81"}], "event_type": "book", "last_trade_price": ""}, {"market": "0xfaac7dfe1505bfb9c6f243b2c4148e3772937cf588f9ebec5527c916b571393e", "asset_id": "23328232775886665542669614827527635333099656249962552080731732309821807872778", "timestamp": "1769382798516", "hash": "85c4307c96c95505fbad2e53393fa20b6b8404db", "bids": [{"price": "0.01", "size": "550"}, {"price": "0.02", "size": "385"}], "asks": [{"price": "0.99", "size": "569.87"}, {"price": "0.98", "size": "156.69"}, {"price": "0.97", "size": "133.68"}, {"price": "0.95", "size": "11.81"}], "event_type": "book", "last_trade_price": ""}, {"market": "0xe5b6800f3a4729d69d72cfb16a5772fc8a478264efecef7a01a2c2ae8618ec2f", "asset_id": "68357137468830067547644684995556215271338203090266188352661393565697436178050", "timestamp": "1769382534197", "hash": "ada9e2c10ec69aa94a10066aca2f0f90a6fa426a", "bids": [{"price": "0.01", "size": "569.87"}, {"price": "0.02", "size": "156.69"}, {"price": "0.03", "size": "205.68"}, {"price": "0.05", "size": "11.81"}], "asks": [{"price": "0.99", "size": "550"}, {"price": "0.98", "size": "375"}], "event_type": "book", "last_trade_price": ""}, {"market": "0x945aa3bef79a4e9e8daae60ebdd0fad8744142d7a8d9364d45b31af99ddb1a7e", "asset_id": "27548417006495851975491577183039620746500976367305624692350579956712965863580", "timestamp": "1769382589277", "hash": "4138fb42c43e1efb635e3075e73ebd083c519641", "bids": [{"price": "0.01", "size": "569.87"}, {"price": "0.02", "size": "156.69"}, {"price": "0.03", "size": "86.68"}, {"price": "0.05", "size": "11.81"}], "asks": [{"price": "0.99", "size": "550"}, {"price": "0.98", "size": "375"}], "event_type": "book", "last_trade_price": ""}, {"market": "0xc8b6032914799594a99a1246e5d89d00205863dee598ca105c557694dc492575", "asset_id": "47178089348158926378337043450842352938150015830859108615757449129686843889778", "timestamp": "1769383092313", "hash": "028408ea9c50f10d4847a50ccf1d75e51e39ccfb", "bids": [{"price": "0.01", "size": "564.79"}, {"price": "0.02", "size": "157.03"}, {"price": "0.03", "size": "8.7"}, {"price": "0.06", "size": "27.5"}, {"price": "0.07", "size": "291.18"}], "asks": [{"price": "0.99", "size": "572.04"}, {"price": "0.98", "size": "160.48"}, {"price": "0.97", "size": "81.65"}, {"price": "0.96", "size": "509.25"}], "event_type": "book", "last_trade_price": ""}, {"market": "0x206fbb8a049d99d385029a43b65486338cf9430d2d1da6615b3ddfeef4004b35", "asset_id": "51519299402575854705863941588853738144329676111631792467519619116853792547641", "timestamp": "1769382483677", "hash": "34ffd67210c97fb082f13f9a66ea7b06e46a388f", "bids": [{"price": "0.01", "size": "663.45"}, {"price": "0.02", "size": "162.49"}, {"price": "0.04", "size": "5.65"}, {"price": "0.05", "size": "40"}, {"price": "0.06", "size": "72.49"}, {"price": "0.07", "size": "68.47"}, {"price": "0.08", "size": "250"}], "asks": [{"price": "0.99", "size": "664.79"}, {"price": "0.98", "size": "163.72"}, {"price": "0.97", "size": "16"}, {"price": "0.96", "size": "43.21"}, {"price": "0.95", "size": "18"}, {"price": "0.94", "size": "71.48"}, {"price": "0.93", "size": "299.91"}], "event_type": "book", "last_trade_price": ""}]}
