{"_local_timestamp": "2026-01-25T23:40:29.826289+00:00", "data": [{"market": "0xd3a3c1d537142ebc94ae25f7b268ce64e4e43e6452c5a912221d2e2744aeb312", "asset_id": "23979773390611496299652546131606735686099256186322678196712320732715801255871", "timestamp": "1769383330674", "hash": "66b4d9653343ff488c7a144dc9777c5aaa8cd4ee", "bids": [{"price": "0.01", "size": "58.86"}, {"price": "0.02", "size": "8.22"}, {"price": "0.03", "size": "16"}, {"price": "0.04", "size": "7.08"}, {"price": "0.05", "size": "200"}, {"price": "0.07", "size": "5000"}, {"price": "0.08", "size": "72.45"}, {"price": "0.1", "size": "100"}, {"price": "0.11", "size": "83"}, {"price": "0.12", "size": "66.66"}, {"price": "0.14", "size": "18"}, {"price": "0.15", "size": "73.32"}], "asks": [{"price": "0.99", "size": "56.38"}, {"price": "0.98", "size": "20.5"}, {"price": "0.96", "size": "12"}, {"price": "0.95", "size": "20"}, {"price": "0.94", "size": "233"}, {"price": "0.93", "size": "5000"}, {"price": "0.92", "size": "91.66"}, {"price": "0.91", "size": "45"}, {"price": "0.9", "size": "5.26"}, {"price": "0.82", "size": "66.66"}, {"price": "0.72", "size": "166.66"}], "event_type": "book", "last_trade_price": ""}, {"market": "0xd3a3c1d537142ebc94ae25f7b268ce64e4e43e6452c5a912221d2e2744aeb312", "asset_id": "46094258080196889322046056727689179412841124675494563561748811364384667201787", "timestamp": "1769383330674", "hash": "7ca4d5781bda02cfc73f8464a80a95a72531289b", "bids": [{"price": "0.01", "size": "56.38"}, {"price": "0.02", "size": "20.5"}, {"price": "0.04", "size": "12"}, {"price": "0.05", "size": "20"}, {"price": "0.06", "size": "233"}, {"price": "0.07", "size": "5000"}, {"price": "0.08", "size": "91.66"}, {"price": "0.09", "size": "45"}, {"price": "0.1", "size": "5.26"}, {"price": "0.18", "size": "66.66"}, {"price": "0.28", "size": "166.66"}], "asks": [{"price": "0.99", "size": "58.86"}, {"price": "0.98", "size": "8.22"}, {"price": "0.97", "size": "16"}, {"price": "0.96", "size": "7.08"}, {"price": "0.95", "size": "200"}, {"price": "0.93", "size": "5000"}, {"price": "0.92", "size": "72.45"}, {"price": "0.9", "size": "100"}, {"price": "0.89", "size": "83"}, {"price": "0.88", "size": "66.66"}, {"price": "0.86", "size": "18"}, {"price": "0.85", "size": "73.32"}], "event_type": "book", "last_trade_price": ""}, {"market": "0xef8394abc1bbe88ca089af87f6c8fa1f984aeabc99f20915610382ff1362ad7b", "asset_id": "21546521638215910920083965465331003133310437263871407754260333223178258655488", "timestamp": "1769384403046", "hash": "519f2821c56f22b84fde2ab1186afc3558923e58", "bids": [{"price": "0.01", "size": "1094.99"}, {"price": "0.02", "size": "260.57"}, {"price": "0.03", "size": "500"}, {"price": "0.04", "size": "6.99"}, {"price": "0.06", "size": "1000"}, {"price": "0.07", "size": "7.27"}, {"price": "0.08", "size": "2305.12"}, {"price": "0.09", "size": "1703.84"}, {"price": "0.1", "size": "281.41"}, {"price": "0.11", "size": "25"}], "asks": [{"price": "0.99", "size": "33.88"}, {"price": "0.95", "size": "30"}, {"price": "0.94", "size": "1031.11"}, {"price": "0.93", "size": "16"}, {"price": "0.92", "size": "25"}, {"price": "0.91", "size": "7.34"}, {"price": "0.63", "size": "30"}, {"price": "0.26", "size": "100"}, {"price": "0.25", "size": "100"}, {"price": "0.24", "size": "100"}, {"price": "0.23", "size": "100"}, {"price": "0.22", "size": "100"}, {"price": "0.19", "size": "100"}, {"price": "0.18", "size": "330.69"}, {"price": "0.17", "size": "30"}, {"price": "0.16", "size": "36"}, {"price": "0.15", "size": "36"}], "event_type": "book", "last_trade_price": "0.900"}, {"market": "0xef8394abc1bbe88ca089af87f6c8fa1f984aeabc99f20915610382ff1362ad7b", "asset_id": "23282259279552160162106518063642074621019993816724455024523760999362522485106", "timestamp": "1769384403046", "hash": "fd064c801174ce9e32aae7455d009c87bc4c9a79", "bids": [{"price": "0.01", "size": "33.88"}, {"price": "0.05", "size": "30"}, {"price": "0.06", "size": "1031.11"}, {"price": "0.07", "size": "16"}, {"price": "0.08", "size": "25"}, {"price": "0.09", "size": "7.34"}, {"price": "0.37", "size": "30"}, {"price": "0.74", "size": "100"}, {"price": "0.75", "size": "100"}, {"price": "0.76", "size": "100"}, {"price": "0.77", "size": "100"}, {"price": "0.78", "size": "100"}, {"price": "0.81", "size": "100"}, {"price": "0.82", "size": "330.69"}, {"price": "0.83", "size": "30"}, {"price": "0.84", "size": "36"}, {"price": "0.85", "size": "36"}], "asks": [{"price": "0.99", "size": "1094.99"}, {"price": "0.98", "size": "260.57"}, {"price": "0.97", "size": "500"}, {"price": "0.96", "size": "6.99"}, {"price": "0.94", "size": "1000"}, {"price": "0.93", "size": "7.27"}, {"price": "0.92", "size": "2305.12"}, {"price": "0.91", "size": "1703.84"}, {"price": "0.9", "size": "281.41"}, {"price": "0.89", "size": "25"}], "event_type": "book", "last_trade_price": "0.900"}]}
{"_local_timestamp": "2026-01-25T23:41:02.903585+00:00", "data": {"market": "0xef8394abc1bbe88ca089af87f6c8fa1f984aeabc99f20915610382ff1362ad7b", "price_changes": [{"asset_id": "21546521638215910920083965465331003133310437263871407754260333223178258655488", "price": "0.05", "size": "940", "side": "BUY", "hash": "edcaf683a5a06ca1c2bd800a06fe33f1969dd012", "best_bid": "0.11", "best_ask": "0.15"}, {"asset_id": "23282259279552160162106518063642074621019993816724455024523760999362522485106", "price": "0.95", "size": "940", "side": "SELL", "hash": "a4b4d0387b711b381cedbfb4659924e241a3d60d", "best_bid": "0.85", "best_ask": "0.89"}], "timestamp": "1769384462830", "event_type": "price_change"}}
{"_local_timestamp": "2026-01-25T23:41:02.905217+00:00", "data": {"market": "0xef8394abc1bbe88ca089af87f6c8fa1f984aeabc99f20915610382ff1362ad7b", "price_changes": [{"asset_id": "21546521638215910920083965465331003133310437263871407754260333223178258655488", "price": "0.09", "size": "2225.84", "side": "BUY", "hash": "56512b01fd264190ec856dd5471085e0282d20c6", "best_bid": "0.11", "best_ask": "0.15"}, {"asset_id": "23282259279552160162106518063642074621019993816724455024523760999362522485106", "price": "0.91", "size": "2225.84", "side": "SELL", "hash": "bb5c1b946e8e63f7b4ffde1a1fe331340a043c1e", "best_bid": "0.85", "best_ask": "0.89"}], "timestamp": "1769384462831", "event_type": "price_change"}}
{"_local_timestamp": "2026-01-25T23:43:05.738831+00:00", "data": {"market": "0xef8394abc1bbe88ca089af87f6c8fa1f984aeabc99f20915610382ff1362ad7b", "price_changes": [{"asset_id": "21546521638215910920083965465331003133310437263871407754260333223178258655488", "price": "0.07", "size": "0", "side": "BUY", "hash": "e0e3ebca6bd4c5a890222031f6efc35779b57fb7", "best_bid": "0.11", "best_ask": "0.15"}, {"asset_id": "23282259279552160162106518063642074621019993816724455024523760999362522485106", "price": "0.93", "size": "0", "side": "SELL", "hash": "959339e0fe0d7c17517f8e1548e7a6d99c2f12f1", "best_bid": "0.85", "best_ask": "0.89"}], "timestamp": "1769384585629", "event_type": "price_change"}}
{"_local_timestamp": "2026-01-25T23:43:06.939502+00:00", "data": {"market": "0xef8394abc1bbe88ca089af87f6c8fa1f984aeabc99f20915610382ff1362ad7b", "price_changes": [{"asset_id": "21546521638215910920083965465331003133310437263871407754260333223178258655488", "price": "0.07", "size": "7.27", "side": "BUY", "hash": "433a4e90cce93174dec859af9fa1b77980464c31", "best_bid": "0.11", "best_ask": "0.15"}, {"asset_id": "23282259279552160162106518063642074621019993816724455024523760999362522485106", "price": "0.93", "size": "7.27", "side": "SELL", "hash": "7d43cffeb9408335ac2bda5699893e154b6869fd", "best_bid": "0.85", "best_ask": "0.89"}], "timestamp": "1769384586844", "event_type": "price_change"}}
