{"_local_timestamp": "2026-01-25T23:41:10.779199+00:00", "data": [{"market": "0xf3bd23b770365e2d08c9267cc927da80c186c254ed83a182efed4a27853c1b56", "asset_id": "103881229954747883128356510732013463281017124135110025540693943378390360043436", "timestamp": "1769384440583", "hash": "c21ba9389d9935efff2aa0d2dd9d2b857aa0b605", "bids": [{"price": "0.01", "size": "105"}, {"price": "0.02", "size": "11.24"}, {"price": "0.03", "size": "100"}, {"price": "0.04", "size": "7.44"}, {"price": "0.05", "size": "400"}, {"price": "0.06", "size": "324.66"}, {"price": "0.07", "size": "206.81"}, {"price": "0.08", "size": "66.95"}, {"price": "0.09", "size": "44.51"}, {"price": "0.1", "size": "10"}, {"price": "0.11", "size": "120"}, {"price": "0.12", "size": "135.04"}, {"price": "0.13", "size": "202.36"}], "asks": [{"price": "0.99", "size": "1169.18"}, {"price": "0.97", "size": "100"}, {"price": "0.96", "size": "5.68"}, {"price": "0.95", "size": "540"}, {"price": "0.94", "size": "866"}, {"price": "0.92", "size": "200"}, {"price": "0.91", "size": "111.11"}, {"price": "0.9", "size": "6.3"}, {"price": "0.88", "size": "100"}, {"price": "0.85", "size": "325"}, {"price": "0.8", "size": "250"}, {"price": "0.79", "size": "145"}, {"price": "0.75", "size": "100"}, {"price": "0.74", "size": "300"}, {"price": "0.73", "size": "1554"}, {"price": "0.49", "size": "95.69"}, {"price": "0.44", "size": "56.47"}, {"price": "0.29", "size": "352.22"}, {"price": "0.25", "size": "80"}, {"price": "0.24", "size": "17.1"}, {"price": "0.23", "size": "14.28"}, {"price": "0.2", "size": "70"}, {"price": "0.19", "size": "10"}, {"price": "0.17", "size": "220"}, {"price": "0.16", "size": "270"}, {"price": "0.15", "size": "246.47"}], "event_type": "book", "last_trade_price": "0.130"}, {"market": "0xf3bd23b770365e2d08c9267cc927da80c186c254ed83a182efed4a27853c1b56", "asset_id": "63494052079246580398055729529454646196456930731564568807642302096242821023193", "timestamp": "1769384440583", "hash": "fac039a993d40d742aa119c92f513ce6e3a2d648", "bids": [{"price": "0.01", "size": "1169.18"}, {"price": "0.03", "size": "100"}, {"price": "0.04", "size": "5.68"}, {"price": "0.05", "size": "540"}, {"price": "0.06", "size": "866"}, {"price": "0.08", "size": "200"}, {"price": "0.09", "size": "111.11"}, {"price": "0.1", "size": "6.3"}, {"price": "0.12", "size": "100"}, {"price": "0.15", "size": "325"}, {"price": "0.2", "size": "250"}, {"price": "0.21", "size": "145"}, {"price": "0.25", "size": "100"}, {"price": "0.26", "size": "300"}, {"price": "0.27", "size": "1554"}, {"price": "0.51", "size": "95.69"}, {"price": "0.56", "size": "56.47"}, {"price": "0.71", "size": "352.22"}, {"price": "0.75", "size": "80"}, {"price": "0.76", "size": "17.1"}, {"price": "0.77", "size": "14.28"}, {"price": "0.8", "size": "70"}, {"price": "0.81", "size": "10"}, {"price": "0.83", "size": "220"}, {"price": "0.84", "size": "270"}, {"price": "0.85", "size": "246.47"}], "asks": [{"price": "0.99", "size": "105"}, {"price": "0.98", "size": "11.24"}, {"price": "0.97", "size": "100"}, {"price": "0.96", "size": "7.44"}, {"price": "0.95", "size": "400"}, {"price": "0.94", "size": "324.66"}, {"price": "0.93", "size": "206.81"}, {"price": "0.92", "size": "66.95"}, {"price": "0.91", "size": "44.51"}, {"price": "0.9", "size": "10"}, {"price": "0.89", "size": "120"}, {"price": "0.88", "size": "135.04"}, {"price": "0.87", "size": "202.36"}], "event_type": "book", "last_trade_price": "0.130"}]}
{"_local_timestamp": "2026-01-25T23:41:50.799848+00:00", "data": {"market": "0xf3bd23b770365e2d08c9267cc927da80c186c254ed83a182efed4a27853c1b56", "price_changes": [{"asset_id": "63494052079246580398055729529454646196456930731564568807642302096242821023193", "price": "0.25", "size": "0", "side": "BUY", "hash": "aff4576d051df67d9f7cd6cb8c6cc530d01621a9", "best_bid": "0.85", "best_ask": "0.87"}, {"asset_id": "103881229954747883128356510732013463281017124135110025540693943378390360043436", "price": "0.75", "size": "0", "side": "SELL", "hash": "f2460a47a8f40f7d9bdb0d328da91b447464d0fb", "best_bid": "0.13", "best_ask": "0.15"}], "timestamp": "1769384510723", "event_type": "price_change"}}
{"_local_timestamp": "2026-01-25T23:41:52.642447+00:00", "data": {"market": "0xf3bd23b770365e2d08c9267cc927da80c186c254ed83a182efed4a27853c1b56", "price_changes": [{"asset_id": "63494052079246580398055729529454646196456930731564568807642302096242821023193", "price": "0.26", "size": "400", "side": "BUY", "hash": "ef7417f5f133b80b501a3f077ff0ea6ef238fe56", "best_bid": "0.85", "best_ask": "0.87"}, {"asset_id": "103881229954747883128356510732013463281017124135110025540693943378390360043436", "price": "0.74", "size": "400", "side": "SELL", "hash": "8a586f61e69889b7312701f24c51ee5fef10305e", "best_bid": "0.13", "best_ask": "0.15"}], "timestamp": "1769384511758", "event_type": "price_change"}}
{"_local_timestamp": "2026-01-25T23:42:24.704925+00:00", "data": {"market": "0xf3bd23b770365e2d08c9267cc927da80c186c254ed83a182efed4a27853c1b56", "price_changes": [{"asset_id": "63494052079246580398055729529454646196456930731564568807642302096242821023193", "price": "0.21", "size": "95", "side": "BUY", "hash": "a68e504dd5dd4f8b2381f56a5aa30f54420a6dbe", "best_bid": "0.85", "best_ask": "0.87"}, {"asset_id": "103881229954747883128356510732013463281017124135110025540693943378390360043436", "price": "0.79", "size": "95", "side": "SELL", "hash": "9b098fb26a878044964535db3b557acacf3476d0", "best_bid": "0.13", "best_ask": "0.15"}], "timestamp": "1769384544489", "event_type": "price_change"}}
{"_local_timestamp": "2026-01-25T23:42:25.071828+00:00", "data": {"market": "0xf3bd23b770365e2d08c9267cc927da80c186c254ed83a182efed4a27853c1b56", "price_changes": [{"asset_id": "63494052079246580398055729529454646196456930731564568807642302096242821023193", "price": "0.27", "size": "1604", "side": "BUY", "hash": "e71206edce19c3d57f90eea696d669a582e399f3", "best_bid": "0.85", "best_ask": "0.87"}, {"asset_id": "103881229954747883128356510732013463281017124135110025540693943378390360043436", "price": "0.73", "size": "1604", "side": "SELL", "hash": "398c4629dd2c711ca0fd08d080ed5572ff00db3e", "best_bid": "0.13", "best_ask": "0.15"}], "timestamp": "1769384544901", "event_type": "price_change"}}
