{"_local_timestamp": "2026-01-25T23:41:39.259409+00:00", "data": [{"market": "0x4c1692f79bd7554b8211b8c04495e17dff55c22e5666a2d55241f752d70cd086", "asset_id": "67150579542522208378125715418282045029211948711919168215723548561523583177777", "timestamp": "1769379709801", "hash": "4d16a2471d210dc4cace24d65e86aca43baa5638", "bids": [{"price": "0.01", "size": "176.9"}, {"price": "0.02", "size": "104.79"}, {"price": "0.03", "size": "21.3"}], "asks": [{"price": "0.99", "size": "185.01"}, {"price": "0.98", "size": "32.49"}], "event_type": "book", "last_trade_price": ""}, {"market": "0x211c81abf32c4282a1640d48499af080380dbfee35cbdbfb378ea9fd5054e83c", "asset_id": "55423593834662378890263782937970530397430263415690306758801226846210633151538", "timestamp": "1769379709472", "hash": "aee70b314d12d05af9a2d6f040d034623273e3a6", "bids": [{"price": "0.01", "size": "185.01"}, {"price": "0.02", "size": "32.49"}], "asks": [{"price": "0.99", "size": "176.9"}, {"price": "0.98", "size": "104.79"}, {"price": "0.97", "size": "21.3"}], "event_type": "book", "last_trade_price": ""}, {"market": "0x028e05a5658e10a5ff34e9a4eb0c9a09082a0ce62370ed7191e955444153088b", "asset_id": "89974912105132840151187800762423667879638437884809899396707803908784135296336", "timestamp": "1769379709471", "hash": "581fd86362da0e1e78a5008d58ffac2947174f6b", "bids": [{"price": "0.01", "size": "185.01"}, {"price": "0.02", "size": "37.96"}], "asks": [{"price": "0.99", "size": "185.01"}, {"price": "0.98", "size": "32.49"}], "event_type": "book", "last_trade_price": ""}, {"market": "0xd42fe69bb6745f5296872f643d22eff67665f53825c4aff0c0bc4ef2eac663fb", "asset_id": "89193250487136951653103687016227458122690148147594027367922224065452097631115", "timestamp": "1769379709472", "hash": "8676fb34c2245903a8449b10ccbc1d05cdb61342", "bids": [{"price": "0.01", "size": "185.01"}, {"price": "0.02", "size": "32.49"}], "asks": [{"price": "0.99", "size": "185.01"}, {"price": "0.98", "size": "37.96"}], "event_type": "book", "last_trade_price": ""}, {"market": "0x37288bb21317857e5dc2fdc0f47858b663e2264f271e0d5cc4301f1188f95f77", "asset_id": "47461701832779453021230735930031929626510401291088416919821730343661802387124", "timestamp": "1769379195460", "hash": "1b2929f5fd53b44763a014f2d4430081eb1346d3", "bids": [{"price": "0.01", "size": "163.61"}, {"price": "0.02", "size": "90.52"}, {"price": "0.03", "size": "11.78"}, {"price": "0.04", "size": "50"}, {"price": "0.05", "size": "11.86"}], "asks": [{"price": "0.99", "size": "159.86"}, {"price": "0.98", "size": "77"}, {"price": "0.97", "size": "30.04"}, {"price": "0.34", "size": "50"}], "event_type": "book", "last_trade_price": ""}, {"market": "0x37288bb21317857e5dc2fdc0f47858b663e2264f271e0d5cc4301f1188f95f77", "asset_id": "49324960780004018552728710546349992108293904829441255403181773854468915936181", "timestamp": "1769379195460", "hash": "872074c92d6992c42c971d1600aeb3e4624f7435", "bids": [{"price": "0.01", "size": "159.86"}, {"price": "0.02", "size": "77"}, {"price": "0.03", "size": "30.04"}, {"price": "0.66", "size": "50"}], "asks": [{"price": "0.99", "size": "163.61"}, {"price": "0.98", "size": "90.52"}, {"price": "0.97", "size": "11.78"}, {"price": "0.96", "size": "50"}, {"price": "0.95", "size": "11.86"}], "event_type": "book", "last_trade_price": ""}, {"market": "0xd42fe69bb6745f5296872f643d22eff67665f53825c4aff0c0bc4ef2eac663fb", "asset_id": "46005818164976086791546026312152096656299011283680106356228590498596580889892", "timestamp": "1769379709472", "hash": "3a0fa4bccb9b6bee9b913a8ca1d8ba7d112eb7cf", "bids": [{"price": "0.01", "size": "185.01"}, {"price": "0.02", "size": "37.96"}], "asks": [{"price": "0.99", "size": "185.01"}, {"price": "0.98", "size": "32.49"}], "event_type": "book", "last_trade_price": ""}, {"market": "0x4c1692f79bd7554b8211b8c04495e17dff55c22e5666a2d55241f752d70cd086", "asset_id": "64154137146596509353958512455805105350093872976194924401757459859803424528849", "timestamp": "1769379709801", "hash": "c16d6e4371e380beef17927e77810a9bc5d28a16", "bids": [{"price": "0.01", "size": "185.01"}, {"price": "0.02", "size": "32.49"}], "asks": [{"price": "0.99", "size": "176.9"}, {"price": "0.98", "size": "104.79"}, {"price": "0.97", "size": "21.3"}], "event_type": "book", "last_trade_price": ""}, {"market": "0x028e05a5658e10a5ff34e9a4eb0c9a09082a0ce62370ed7191e955444153088b", "asset_id": "60385370881084416607876827958358615534202864015376987108512220145345547985003", "timestamp": "1769379709471", "hash": "99f87bd52fc6d9aa03d9453a40b0dd6b4c37248d", "bids": [{"price": "0.01", "size": "185.01"}, {"price": "0.02", "size": "32.49"}], "asks": [{"price": "0.99", "size": "185.01"}, {"price": "0.98", "size": "37.96"}], "event_type": "book", "last_trade_price": ""}, {"market": "0x211c81abf32c4282a1640d48499af080380dbfee35cbdbfb378ea9fd5054e83c", "asset_id": "25542529608471967998713886361164807116374892028209612016678790704307645872426", "timestamp": "1769379709472", "hash": "4b6826f1b9707fdec0be450ab955ca9d604aec57", "bids": [{"price": "0.01", "size": "176.9"}, {"price": "0.02", "size": "104.79"}, {"price": "0.03", "size": "21.3"}], "asks": [{"price": "0.99", "size": "185.01"}, {"price": "0.98", "size": "32.49"}], "event_type": "book", "last_trade_price": ""}]}
