{"_local_timestamp": "2026-01-25T23:41:38.869152+00:00", "data": [{"market": "0x0c8bc3e6b270588b2bd1abd48565fe8f497c8e565e5433cfcedaac3f5172033c", "asset_id": "58192701719148715495735782154042516551582952035476687218200530746928095156728", "timestamp": "1769379713253", "hash": "3b762f36cac1867a4226c953043202b49a2cac5a", "bids": [{"price": "0.01", "size": "185.01"}, {"price": "0.02", "size": "37.96"}], "asks": [{"price": "0.99", "size": "185.01"}, {"price": "0.98", "size": "32.49"}], "event_type": "book", "last_trade_price": ""}, {"market": "0x1f4bcc4f7959933799fa3c1d5c591f7a110bc518317264d8509591a4d0a528c5", "asset_id": "90491779811437349588423645853508344067369289890489793180129109569613820749058", "timestamp": "1769379713254", "hash": "d67c692ccfac5bb0841a6f828e8dcb0dc7daf278", "bids": [{"price": "0.01", "size": "185.01"}, {"price": "0.02", "size": "37.96"}], "asks": [{"price": "0.99", "size": "176.9"}, {"price": "0.98", "size": "100.79"}, {"price": "0.97", "size": "15.83"}], "event_type": "book", "last_trade_price": ""}, {"market": "0x1f4bcc4f7959933799fa3c1d5c591f7a110bc518317264d8509591a4d0a528c5", "asset_id": "72873529248279491882021239986068823912968389834687170990939996048165853623866", "timestamp": "1769379713254", "hash": "8b5846fd879a941b3ccbfafff3b29026621af16d", "bids": [{"price": "0.01", "size": "176.9"}, {"price": "0.02", "size": "100.79"}, {"price": "0.03", "size": "15.83"}], "asks": [{"price": "0.99", "size": "185.01"}, {"price": "0.98", "size": "37.96"}], "event_type": "book", "last_trade_price": ""}, {"market": "0x36b8daf635c7b0f0039cddc2378a8d9cd524954b0c1f9e45f2f9b939a01f204c", "asset_id": "89327427211772078384529298783599255269295292370874632889520051038733859452471", "timestamp": "1769379216914", "hash": "09e46214d187147519d0af811e81b8b0963f3b41", "bids": [{"price": "0.01", "size": "161.18"}, {"price": "0.02", "size": "77"}, {"price": "0.03", "size": "35.07"}, {"price": "0.36", "size": "10"}, {"price": "0.37", "size": "50"}], "asks": [{"price": "0.99", "size": "164.63"}, {"price": "0.98", "size": "78"}, {"price": "0.97", "size": "33.92"}, {"price": "0.81", "size": "10"}, {"price": "0.8", "size": "50"}], "event_type": "book", "last_trade_price": ""}, {"market": "0x36b8daf635c7b0f0039cddc2378a8d9cd524954b0c1f9e45f2f9b939a01f204c", "asset_id": "48622777534602444616802042111712149890397239448184612871653048144974393158439", "timestamp": "1769379216914", "hash": "f1d4562cabed2582ac484106a0a82ea9878d921f", "bids": [{"price": "0.01", "size": "164.63"}, {"price": "0.02", "size": "78"}, {"price": "0.03", "size": "33.92"}, {"price": "0.19", "size": "10"}, {"price": "0.2", "size": "50"}], "asks": [{"price": "0.99", "size": "161.18"}, {"price": "0.98", "size": "77"}, {"price": "0.97", "size": "35.07"}, {"price": "0.64", "size": "10"}, {"price": "0.63", "size": "50"}], "event_type": "book", "last_trade_price": ""}, {"market": "0xeabd201f3a779b25e41c49d377e0600caedc6ccb015f25d8dbd6cf60c564ef34", "asset_id": "109017642289855794814710482559799403275085852894855078629289040529865802665552", "timestamp": "1769379713403", "hash": "d1554eb441cf27a898592f772e9c92a694cee8c4", "bids": [{"price": "0.01", "size": "185.01"}, {"price": "0.02", "size": "37.96"}], "asks": [{"price": "0.99", "size": "185.01"}, {"price": "0.98", "size": "32.49"}], "event_type": "book", "last_trade_price": ""}, {"market": "0xeabd201f3a779b25e41c49d377e0600caedc6ccb015f25d8dbd6cf60c564ef34", "asset_id": "6925265377996856747060411882120115426151615569493088790817573046746976889155", "timestamp": "1769379713403", "hash": "28611c53f14218d99ee699161a17f3663ccd6c3c", "bids": [{"price": "0.01", "size": "185.01"}, {"price": "0.02", "size": "32.49"}], "asks": [{"price": "0.99", "size": "185.01"}, {"price": "0.98", "size": "37.96"}], "event_type": "book", "last_trade_price": ""}, {"market": "0x74b51ce321af86adaad713e32444cf10383f781982c3c97dfc9c5f326901e485", "asset_id": "43866299403556853277057391055275060166563847182520192351130692206347894512668", "timestamp": "1769379713253", "hash": "40ed0f4bc4b864468d6607a8e4ff3183671b692e", "bids": [{"price": "0.01", "size": "185.01"}, {"price": "0.02", "size": "37.96"}], "asks": [{"price": "0.99", "size": "185.01"}, {"price": "0.98", "size": "32.49"}], "event_type": "book", "last_trade_price": ""}, {"market": "0x74b51ce321af86adaad713e32444cf10383f781982c3c97dfc9c5f326901e485", "asset_id": "115471079340019028179275156431091321671721918140787804633709806149274961666293", "timestamp": "1769379713253", "hash": "18b84c38774bda9116657f118531fff7faf2e4a8", "bids": [{"price": "0.01", "size": "185.01"}, {"price": "0.02", "size": "32.49"}], "asks": [{"price": "0.99", "size": "185.01"}, {"price": "0.98", "size": "37.96"}], "event_type": "book", "last_trade_price": ""}, {"market": "0x0c8bc3e6b270588b2bd1abd48565fe8f497c8e565e5433cfcedaac3f5172033c", "asset_id": "6203678820204095406499684969188457526593049155070642075764825783096828466575", "timestamp": "1769379713253", "hash": "48839f212afe53acd8dbf0b4a4ef65bc6fdcf90e", "bids": [{"price": "0.01", "size": "185.01"}, {"price": "0.02", "size": "32.49"}], "asks": [{"price": "0.99", "size": "185.01"}, {"price": "0.98", "size": "37.96"}], "event_type": "book", "last_trade_price": ""}]}
