{"_local_timestamp": "2026-01-25T23:34:35.540408+00:00", "data": [{"market": "0x894c6e4204af94fce5120ec8795b603db236c0b635e90e82eb8d5c91707f4981", "asset_id": "63045727123374523768394794105521435989362499164301541923653720762158681120098", "timestamp": "1769379713253", "hash": "6d9e1f7c9e5318ea8a0e38ef3fed4c0ed017cf18", "bids": [{"price": "0.01", "size": "185.01"}, {"price": "0.02", "size": "32.49"}], "asks": [{"price": "0.99", "size": "185.01"}, {"price": "0.98", "size": "37.96"}], "event_type": "book", "last_trade_price": ""}, {"market": "0x9048a1efdecc8aea8fbf39feff85778959302de630d422e97eff3df584dc772d", "asset_id": "54945483151984867022531466514329683102442163650583690782306377883357780248264", "timestamp": "1769379713253", "hash": "cdfed689d347bd28a209372988f5bc6ae79db397", "bids": [{"price": "0.01", "size": "185.01"}, {"price": "0.02", "size": "37.96"}], "asks": [{"price": "0.99", "size": "185.01"}, {"price": "0.98", "size": "32.49"}], "event_type": "book", "last_trade_price": ""}, {"market": "0x2b5ae2cdce48cc51ddcb4397a342a97f4e2cc329e6f0823853f9987ad6800eec", "asset_id": "50968699341191047473845514103904542700596654216835327861116908726995041308170", "timestamp": "1769379712490", "hash": "e9e5144837d668388285e78cf0fcd545ef58407b", "bids": [{"price": "0.01", "size": "185.01"}, {"price": "0.02", "size": "32.49"}], "asks": [{"price": "0.99", "size": "185.01"}, {"price": "0.98", "size": "37.96"}], "event_type": "book", "last_trade_price": ""}, {"market": "0x5318f821a9558eac3b05bfc221f87e203306cf96bc46d458aae540923873ddd3", "asset_id": "21535307978998484594808395235246528068983530096970639838976245759991066369383", "timestamp": "1769379216189", "hash": "109bb7806ab14c0831353a6689b493546dd7968f", "bids": [{"price": "0.01", "size": "160.01"}, {"price": "0.02", "size": "77"}, {"price": "0.03", "size": "35.46"}, {"price": "0.59", "size": "50"}], "asks": [{"price": "0.99", "size": "161.31"}, {"price": "0.98", "size": "86.56"}, {"price": "0.97", "size": "25.18"}, {"price": "0.93", "size": "5.47"}, {"price": "0.92", "size": "50"}], "event_type": "book", "last_trade_price": ""}, {"market": "0x64d1fb3a58ccc6494566165282ff4b0e1732118eab74f3096f223ea643721e09", "asset_id": "57788812279602625519053713436637065717051556041598750643893559310758301649810", "timestamp": "1769379713253", "hash": "0aae9f924e2966ac8e6918e66216e3452f42c8d0", "bids": [{"price": "0.01", "size": "185.01"}, {"price": "0.02", "size": "32.49"}], "asks": [{"price": "0.99", "size": "185.01"}, {"price": "0.98", "size": "37.96"}], "event_type": "book", "last_trade_price": ""}, {"market": "0x9048a1efdecc8aea8fbf39feff85778959302de630d422e97eff3df584dc772d", "asset_id": "33560739278555259681295364616143372836628017966274764091307575866937727587112", "timestamp": "1769379713253", "hash": "f79f278dd86987662605838bb37ea7f9b0fe0f18", "bids": [{"price": "0.01", "size": "185.01"}, {"price": "0.02", "size": "32.49"}], "asks": [{"price": "0.99", "size": "185.01"}, {"price": "0.98", "size": "37.96"}], "event_type": "book", "last_trade_price": ""}, {"market": "0x894c6e4204af94fce5120ec8795b603db236c0b635e90e82eb8d5c91707f4981", "asset_id": "65337057960147524322978579647934394459289639182304489330564860658144002146566", "timestamp": "1769379713253", "hash": "7ce7d798716fd935005815d79d6efb4ae712cc27", "bids": [{"price": "0.01", "size": "185.01"}, {"price": "0.02", "size": "37.96"}], "asks": [{"price": "0.99", "size": "185.01"}, {"price": "0.98", "size": "32.49"}], "event_type": "book", "last_trade_price": ""}, {"market": "0x2b5ae2cdce48cc51ddcb4397a342a97f4e2cc329e6f0823853f9987ad6800eec", "asset_id": "67912546322264153769702564239135374387604783533010536931903428029502208475565", "timestamp": "1769379712490", "hash": "3f3c3074ca67adb5801492ad3c796efa851cc60d", "bids": [{"price": "0.01", "size": "185.01"}, {"price": "0.02", "size": "37.96"}], "asks": [{"price": "0.99", "size": "185.01"}, {"price": "0.98", "size": "32.49"}], "event_type": "book", "last_trade_price": ""}, {"market": "0x5318f821a9558eac3b05bfc221f87e203306cf96bc46d458aae540923873ddd3", "asset_id": "39774940293516702572790262736798330238344161721313028723142947779056568535789", "timestamp": "1769379216189", "hash": "04fba96e0ada9054a79cabc1fd21a8189c9be1b5", "bids": [{"price": "0.01", "size": "161.31"}, {"price": "0.02", "size": "86.56"}, {"price": "0.03", "size": "25.18"}, {"price": "0.07", "size": "5.47"}, {"price": "0.08", "size": "50"}], "asks": [{"price": "0.99", "size": "160.01"}, {"price": "0.98", "size": "77"}, {"price": "0.97", "size": "35.46"}, {"price": "0.41", "size": "50"}], "event_type": "book", "last_trade_price": ""}, {"market": "0x64d1fb3a58ccc6494566165282ff4b0e1732118eab74f3096f223ea643721e09", "asset_id": "90011896022955135957880657685088691738684564905439337969186377741663642492429", "timestamp": "1769379713253", "hash": "b1717a3442321b82abf3058e2d26d7d9fbf9cba6", "bids": [{"price": "0.01", "size": "185.01"}, {"price": "0.02", "size": "37.96"}], "asks": [{"price": "0.99", "size": "185.01"}, {"price": "0.98", "size": "32.49"}], "event_type": "book", "last_trade_price": ""}]}
