{"_local_timestamp": "2026-01-25T23:41:39.115199+00:00", "data": [{"market": "0x7a1e47571bd676033ff74dc4d3e5ec118aa6b9400807a1e8c81b658ac6287c7a", "asset_id": "79058195157474589502881343087710540681300342498075952141069240887807462351680", "timestamp": "1769379710661", "hash": "13cccffe2d5cf9d6735d40128f5b290154de3aac", "bids": [{"price": "0.01", "size": "185.01"}, {"price": "0.02", "size": "37.96"}], "asks": [{"price": "0.99", "size": "185.01"}, {"price": "0.98", "size": "32.49"}], "event_type": "book", "last_trade_price": ""}, {"market": "0x6694098851e40d8b40c51e76031d8733c063408602b3d7bceb2b84abcba8c19a", "asset_id": "24563402903271259406948614572198130331855090100074249166407847289769753932014", "timestamp": "1769379710662", "hash": "2b1593672498d2dcb0ede4b5c8f58b059c4f29a7", "bids": [{"price": "0.01", "size": "185.01"}, {"price": "0.02", "size": "32.49"}], "asks": [{"price": "0.99", "size": "185.01"}, {"price": "0.98", "size": "37.96"}], "event_type": "book", "last_trade_price": ""}, {"market": "0xb1be272100a3a404aa975638d748b1aed6df4cf3ef59568ab0eb1f0470cd9773", "asset_id": "112067975439727471305287842464880016486597451632846896335024428003236340305219", "timestamp": "1769379202199", "hash": "d92cf1a4b89bec679c9261aed21981cdd8307ba9", "bids": [{"price": "0.01", "size": "160.8"}, {"price": "0.02", "size": "86.14"}, {"price": "0.03", "size": "31.77"}, {"price": "0.1", "size": "10"}, {"price": "0.11", "size": "50"}], "asks": [{"price": "0.99", "size": "160.46"}, {"price": "0.98", "size": "77"}, {"price": "0.97", "size": "29.84"}, {"price": "0.54", "size": "10"}, {"price": "0.53", "size": "50"}], "event_type": "book", "last_trade_price": ""}, {"market": "0x5e77e56ed309b846d262b2e267165a0ba65e890c6783e09e8a7ff3225a67e3a9", "asset_id": "47443082000511658485854293004568429694489055569113185554845607363118278710052", "timestamp": "1769379710663", "hash": "a536f364abc2e08d3a91ef1fc5154b6be84ba5cc", "bids": [{"price": "0.01", "size": "185.01"}, {"price": "0.02", "size": "32.49"}], "asks": [{"price": "0.99", "size": "185.01"}, {"price": "0.98", "size": "37.96"}], "event_type": "book", "last_trade_price": ""}, {"market": "0x5e77e56ed309b846d262b2e267165a0ba65e890c6783e09e8a7ff3225a67e3a9", "asset_id": "86357823546280945274928084559611134447218896114887686719676770926510404140815", "timestamp": "1769379710663", "hash": "20ee6d32bf31031593a8e2900ba74343b581e087", "bids": [{"price": "0.01", "size": "185.01"}, {"price": "0.02", "size": "37.96"}], "asks": [{"price": "0.99", "size": "185.01"}, {"price": "0.98", "size": "32.49"}], "event_type": "book", "last_trade_price": ""}, {"market": "0x3ee9b01e501cd7a808e745c43bfebecbcff73306a5cbb6099e810478631e10c4", "asset_id": "113060069679987710906527774435259016962437828765175707625142512142411166553729", "timestamp": "1769379710661", "hash": "d22111947ccc1d9208bfb4438771f3bd69e4508e", "bids": [{"price": "0.01", "size": "185.01"}, {"price": "0.02", "size": "37.96"}], "asks": [{"price": "0.99", "size": "185.01"}, {"price": "0.98", "size": "32.49"}], "event_type": "book", "last_trade_price": ""}, {"market": "0xb1be272100a3a404aa975638d748b1aed6df4cf3ef59568ab0eb1f0470cd9773", "asset_id": "113476626204301842773484587331573500579613757838548320712378400329795805169565", "timestamp": "1769379202199", "hash": "aad6c0815a32e5b3890f6d3ca9e4af433939ce50", "bids": [{"price": "0.01", "size": "160.46"}, {"price": "0.02", "size": "77"}, {"price": "0.03", "size": "29.84"}, {"price": "0.46", "size": "10"}, {"price": "0.47", "size": "50"}], "asks": [{"price": "0.99", "size": "160.8"}, {"price": "0.98", "size": "86.14"}, {"price": "0.97", "size": "31.77"}, {"price": "0.9", "size": "10"}, {"price": "0.89", "size": "50"}], "event_type": "book", "last_trade_price": ""}, {"market": "0x3ee9b01e501cd7a808e745c43bfebecbcff73306a5cbb6099e810478631e10c4", "asset_id": "110061407605755814751677663568839123706213440973586329277699241768079037471511", "timestamp": "1769379710661", "hash": "298a6061b09560df9c9623996bf1439e6c9ab585", "bids": [{"price": "0.01", "size": "185.01"}, {"price": "0.02", "size": "32.49"}], "asks": [{"price": "0.99", "size": "185.01"}, {"price": "0.98", "size": "37.96"}], "event_type": "book", "last_trade_price": ""}, {"market": "0x6694098851e40d8b40c51e76031d8733c063408602b3d7bceb2b84abcba8c19a", "asset_id": "47734646566533622299244813721564183021787832209559121134685740246770606486074", "timestamp": "1769379710662", "hash": "4191902a79e3ea3a0a4d30a08420f7a773853cb5", "bids": [{"price": "0.01", "size": "185.01"}, {"price": "0.02", "size": "37.96"}], "asks": [{"price": "0.99", "size": "185.01"}, {"price": "0.98", "size": "32.49"}], "event_type": "book", "last_trade_price": ""}, {"market": "0x7a1e47571bd676033ff74dc4d3e5ec118aa6b9400807a1e8c81b658ac6287c7a", "asset_id": "53206563924887858969027345939548740292741104106605907705269946508686045744219", "timestamp": "1769379710661", "hash": "e2ca89ad6e64f826b1e5be7ed9c2f47e5e895577", "bids": [{"price": "0.01", "size": "185.01"}, {"price": "0.02", "size": "32.49"}], "asks": [{"price": "0.99", "size": "185.01"}, {"price": "0.98", "size": "37.96"}], "event_type": "book", "last_trade_price": ""}]}
