{"_local_timestamp": "2026-01-25T23:34:35.480169+00:00", "data": [{"market": "0xe99da60c0e6aa1193b0805d0ad76e978d1ebdeccf780c488fd864ef59d37b04b", "asset_id": "35476166881926505817221217643168270358500130473544513853545052617550515779400", "timestamp": "1769379712126", "hash": "0c15d70c560aa0cbd375e9feba0106ab5d6e4c39", "bids": [{"price": "0.01", "size": "185.01"}, {"price": "0.02", "size": "37.96"}], "asks": [{"price": "0.99", "size": "185.01"}, {"price": "0.98", "size": "24.37"}], "event_type": "book", "last_trade_price": ""}, {"market": "0x00767415bc9c07cd4ceb47c7e02db5d00d6b606733b2e09bf4dd4e4e690edd23", "asset_id": "85469582521715060820564682935702722681550179465510589445706815396132145083896", "timestamp": "1769379712128", "hash": "51f2c25783413f3d12b5eaaf12cbb8284ae16cfd", "bids": [{"price": "0.01", "size": "185.01"}, {"price": "0.02", "size": "32.49"}], "asks": [{"price": "0.99", "size": "185.01"}, {"price": "0.98", "size": "37.96"}], "event_type": "book", "last_trade_price": ""}, {"market": "0xe16b1c8e894f794f5d345a739a976e3e66632dabbc3df42a8eb3a322e7d073bc", "asset_id": "90984580148474750333206184840783936479282111236129371108301338117973771351897", "timestamp": "1769379712130", "hash": "b9770c59cfe5f1e76eabedbc2fa8c7b65d21dcb3", "bids": [{"price": "0.01", "size": "185.01"}, {"price": "0.02", "size": "37.96"}], "asks": [{"price": "0.99", "size": "185.01"}, {"price": "0.98", "size": "32.49"}], "event_type": "book", "last_trade_price": ""}, {"market": "0xe99da60c0e6aa1193b0805d0ad76e978d1ebdeccf780c488fd864ef59d37b04b", "asset_id": "80355773518562053134577971856664740128835703950523111015424268822316510956113", "timestamp": "1769379712126", "hash": "00987ccfe28bf1ce32bd95eb21bde1c9e88178c4", "bids": [{"price": "0.01", "size": "185.01"}, {"price": "0.02", "size": "24.37"}], "asks": [{"price": "0.99", "size": "185.01"}, {"price": "0.98", "size": "37.96"}], "event_type": "book", "last_trade_price": ""}, {"market": "0xf913bb9d1199af68d0d61f27256781e8c0c710f1994d00cd069cb2ed83f69dfb", "asset_id": "22867029267845818943128695038896659579190129229552911032839420824216442395547", "timestamp": "1769379712130", "hash": "a9092ce0f561bd16bb9db60d0277aaaa1694e6af", "bids": [{"price": "0.01", "size": "185.01"}, {"price": "0.02", "size": "32.49"}], "asks": [{"price": "0.99", "size": "185.01"}, {"price": "0.98", "size": "37.96"}], "event_type": "book", "last_trade_price": ""}, {"market": "0x413830b211ccbc14318bf6a2fe3f113b5e7e892cd2a55688b0edba85bc34bd9e", "asset_id": "90916238340650972092787506582001243933432344323953436666117700882159873912894", "timestamp": "1769379208283", "hash": "edbe74970cef56cb69e2f5bf766d2f8297345988", "bids": [{"price": "0.01", "size": "164.79"}, {"price": "0.02", "size": "89.03"}, {"price": "0.03", "size": "23.71"}, {"price": "0.07", "size": "55.47"}], "asks": [{"price": "0.99", "size": "160.46"}, {"price": "0.98", "size": "77"}, {"price": "0.97", "size": "29.84"}, {"price": "0.53", "size": "50"}], "event_type": "book", "last_trade_price": ""}, {"market": "0xe16b1c8e894f794f5d345a739a976e3e66632dabbc3df42a8eb3a322e7d073bc", "asset_id": "13145294082745291030604077035632260473522991499231809626479218869060225435337", "timestamp": "1769379712130", "hash": "275ec81ae19090e55761ce37700366dc41a8d02e", "bids": [{"price": "0.01", "size": "185.01"}, {"price": "0.02", "size": "32.49"}], "asks": [{"price": "0.99", "size": "185.01"}, {"price": "0.98", "size": "37.96"}], "event_type": "book", "last_trade_price": ""}, {"market": "0x413830b211ccbc14318bf6a2fe3f113b5e7e892cd2a55688b0edba85bc34bd9e", "asset_id": "35142717889479809854527083381685022222143471346048688559107612585392176182559", "timestamp": "1769379208283", "hash": "ffdb50534e57e28f8cb7138e9d0e9a9a39cde210", "bids": [{"price": "0.01", "size": "160.46"}, {"price": "0.02", "size": "77"}, {"price": "0.03", "size": "29.84"}, {"price": "0.47", "size": "50"}], "asks": [{"price": "0.99", "size": "164.79"}, {"price": "0.98", "size": "89.03"}, {"price": "0.97", "size": "23.71"}, {"price": "0.93", "size": "55.47"}], "event_type": "book", "last_trade_price": ""}, {"market": "0x00767415bc9c07cd4ceb47c7e02db5d00d6b606733b2e09bf4dd4e4e690edd23", "asset_id": "106155367234495595839087565747022643949209653538830980438891230750107323353463", "timestamp": "1769379712128", "hash": "9ebbf08354448e5830cdb2751ff0e4428e7fc839", "bids": [{"price": "0.01", "size": "185.01"}, {"price": "0.02", "size": "37.96"}], "asks": [{"price": "0.99", "size": "185.01"}, {"price": "0.98", "size": "32.49"}], "event_type": "book", "last_trade_price": ""}, {"market": "0xf913bb9d1199af68d0d61f27256781e8c0c710f1994d00cd069cb2ed83f69dfb", "asset_id": "106629133733390788981594031069206111058631725181971435256703076675108408475314", "timestamp": "1769379712130", "hash": "e8b4b8877699639af0432116ed06634512638b08", "bids": [{"price": "0.01", "size": "185.01"}, {"price": "0.02", "size": "37.96"}], "asks": [{"price": "0.99", "size": "185.01"}, {"price": "0.98", "size": "32.49"}], "event_type": "book", "last_trade_price": ""}]}
