{"_local_timestamp": "2026-01-25T23:41:39.171608+00:00", "data": [{"market": "0x6b38b3152b680e1e6748274880e2d3dd21fd5c9f8625bdedfb48dea39aea2422", "asset_id": "67666389187295083744496602504418151521223976745508138706522592874711398426542", "timestamp": "1769379710371", "hash": "83e550675148a96b282b33d25322bd87767ec5c6", "bids": [{"price": "0.01", "size": "185.01"}, {"price": "0.02", "size": "32.49"}], "asks": [{"price": "0.99", "size": "185.01"}, {"price": "0.98", "size": "37.96"}], "event_type": "book", "last_trade_price": ""}, {"market": "0x6b38b3152b680e1e6748274880e2d3dd21fd5c9f8625bdedfb48dea39aea2422", "asset_id": "36866782287596556093401545997724423799764723147162933669698731090642443891079", "timestamp": "1769379710371", "hash": "4e9c0e6dc8a1f7171bac28c5431291690ec2edd8", "bids": [{"price": "0.01", "size": "185.01"}, {"price": "0.02", "size": "37.96"}], "asks": [{"price": "0.99", "size": "185.01"}, {"price": "0.98", "size": "32.49"}], "event_type": "book", "last_trade_price": ""}, {"market": "0xe05223233564c70f5d56e28196f7df6e1af6b8c346854c9836c8c9b3c92e4506", "asset_id": "98690232270427420112977141085587015346621909617719209070704199410039803503192", "timestamp": "1769379710371", "hash": "332ded64a5bdd5621682b38be0c0ee6e19f7fa05", "bids": [{"price": "0.01", "size": "185.01"}, {"price": "0.02", "size": "32.49"}], "asks": [{"price": "0.99", "size": "185.01"}, {"price": "0.98", "size": "37.96"}], "event_type": "book", "last_trade_price": ""}, {"market": "0x74c5af553d29ab65d2a2dc6d7dee8807f3698a9be34cfeac870e88b5c236572f", "asset_id": "29007135653672502069218767894122519155537698249653363335129525439003232867772", "timestamp": "1769379710371", "hash": "d2d84bf36cf54f3d6872ffbd852892fe09076463", "bids": [{"price": "0.01", "size": "185.01"}, {"price": "0.02", "size": "37.96"}], "asks": [{"price": "0.99", "size": "185.01"}, {"price": "0.98", "size": "32.49"}], "event_type": "book", "last_trade_price": ""}, {"market": "0xe05223233564c70f5d56e28196f7df6e1af6b8c346854c9836c8c9b3c92e4506", "asset_id": "46303555549979301692616769651686527812627358725072803213585189308493176236526", "timestamp": "1769379710371", "hash": "3266e48b1a0254e25a1574ed7b021c876195a279", "bids": [{"price": "0.01", "size": "185.01"}, {"price": "0.02", "size": "37.96"}], "asks": [{"price": "0.99", "size": "185.01"}, {"price": "0.98", "size": "32.49"}], "event_type": "book", "last_trade_price": ""}, {"market": "0xa69024abb17f1920860a797ff3a640efe33df47130b8a047dbb35ea31ac2c498", "asset_id": "42824428760793049391974268432021929948388300181372885507104231401091646729151", "timestamp": "1769381353590", "hash": "d50511533cd137e17a9116ec0d8eae2e511bf7ee", "bids": [{"price": "0.01", "size": "155.21"}, {"price": "0.02", "size": "47.39"}, {"price": "0.54", "size": "50"}], "asks": [{"price": "0.99", "size": "162.51"}, {"price": "0.98", "size": "43.74"}, {"price": "0.93", "size": "5.47"}, {"price": "0.92", "size": "50"}], "event_type": "book", "last_trade_price": ""}, {"market": "0xda19b94048c7889e51f8c5fa56abc2c8f806b3ea1896f0e5d0f74a1eb5ed6a59", "asset_id": "60870281827946637881093181415500192505146577882455372457333572563669017631447", "timestamp": "1769379710371", "hash": "f9e646116b9e8bce09b898c42dd53a530ca83cfb", "bids": [{"price": "0.01", "size": "185.01"}, {"price": "0.02", "size": "32.49"}], "asks": [{"price": "0.99", "size": "185.01"}, {"price": "0.98", "size": "37.96"}], "event_type": "book", "last_trade_price": ""}, {"market": "0x74c5af553d29ab65d2a2dc6d7dee8807f3698a9be34cfeac870e88b5c236572f", "asset_id": "96344229654252048291268833504682037672447153230245140675810351874472960904396", "timestamp": "1769379710371", "hash": "41085ee0cedbf1cfeb7ea262493c071d0e1edd7c", "bids": [{"price": "0.01", "size": "185.01"}, {"price": "0.02", "size": "32.49"}], "asks": [{"price": "0.99", "size": "185.01"}, {"price": "0.98", "size": "37.96"}], "event_type": "book", "last_trade_price": ""}, {"market": "0xa69024abb17f1920860a797ff3a640efe33df47130b8a047dbb35ea31ac2c498", "asset_id": "98468584974267536373275781093317432433082921978550009109504276529315566112471", "timestamp": "1769381353590", "hash": "5c1ba4d86c05a61ff280e8087b04f4ad351ca95d", "bids": [{"price": "0.01", "size": "162.51"}, {"price": "0.02", "size": "43.74"}, {"price": "0.07", "size": "5.47"}, {"price": "0.08", "size": "50"}], "asks": [{"price": "0.99", "size": "155.21"}, {"price": "0.98", "size": "47.39"}, {"price": "0.46", "size": "50"}], "event_type": "book", "last_trade_price": ""}, {"market": "0xda19b94048c7889e51f8c5fa56abc2c8f806b3ea1896f0e5d0f74a1eb5ed6a59", "asset_id": "36298146163724217872446568259937134469374254536162511068311075433555645524861", "timestamp": "1769379710371", "hash": "31ccd556d3e53304737df5927225158b9e2adabb", "bids": [{"price": "0.01", "size": "185.01"}, {"price": "0.02", "size": "37.96"}], "asks": [{"price": "0.99", "size": "185.01"}, {"price": "0.98", "size": "32.49"}], "event_type": "book", "last_trade_price": ""}]}
