{"_local_timestamp": "2026-01-25T23:34:35.515695+00:00", "data": [{"market": "0x98e4486807104708aea0cf4868687f734d235a894724171b6d2fb15495397c9a", "asset_id": "33873399826678235011604530402713129243087253386030460537936262785920929128959", "timestamp": "1769379709801", "hash": "952adc5e811f38701374dd48cc70f9c48a3ea424", "bids": [{"price": "0.01", "size": "185.01"}, {"price": "0.02", "size": "32.49"}], "asks": [{"price": "0.99", "size": "176.9"}, {"price": "0.98", "size": "104.79"}, {"price": "0.97", "size": "21.3"}], "event_type": "book", "last_trade_price": ""}, {"market": "0xbf49783d80f5e1e3bafdbb58aa3fb67f65ae6a76a2742e79f4a22d6cf866417c", "asset_id": "16649516695193644031464819749562992869477317244842347448395576953484985125440", "timestamp": "1769381355462", "hash": "1ae10d95df0d3d8ed08bed2b56e7e70649696716", "bids": [{"price": "0.01", "size": "185.01"}, {"price": "0.02", "size": "32.49"}], "asks": [{"price": "0.99", "size": "176.9"}, {"price": "0.98", "size": "36.55"}, {"price": "0.97", "size": "5.47"}], "event_type": "book", "last_trade_price": ""}, {"market": "0xb5afe5f5cc5fbdd043a960c62313c03fd695ac17c7a788820750f56584329e7c", "asset_id": "93975976977028974181081196724340573706618507635543808863405638918194347160518", "timestamp": "1769379710371", "hash": "1fdccf61a661838a90dd54f1272d5e023de29fbd", "bids": [{"price": "0.01", "size": "185.01"}, {"price": "0.02", "size": "37.96"}], "asks": [{"price": "0.99", "size": "185.01"}, {"price": "0.98", "size": "32.49"}], "event_type": "book", "last_trade_price": ""}, {"market": "0xe5ce2243d427710d7e60a8c54ed3ec9c550cdd9660a26493ff2b701b58ceca33", "asset_id": "108033154868382183396994702165668416613483408938049575019198889095588363715118", "timestamp": "1769379709801", "hash": "68f3a05cbc1f3949271452a70106470b4252bf12", "bids": [{"price": "0.01", "size": "185.01"}, {"price": "0.02", "size": "32.49"}], "asks": [{"price": "0.99", "size": "185.01"}, {"price": "0.98", "size": "37.96"}], "event_type": "book", "last_trade_price": ""}, {"market": "0xeb4d905e3077ae73bcddb49c13bb7199fbb81c098c1545e8294971ccbcadb57f", "asset_id": "44638060046185063006693680312823280626237142443906085688203031179281852121898", "timestamp": "1769381663121", "hash": "ff4f21cabec1b14c2c90ed9ce82677b5c2fa56d8", "bids": [{"price": "0.01", "size": "160.8"}, {"price": "0.02", "size": "44.6"}, {"price": "0.03", "size": "5.47"}, {"price": "0.1", "size": "10"}, {"price": "0.11", "size": "50"}], "asks": [{"price": "0.99", "size": "155.36"}, {"price": "0.98", "size": "47.31"}, {"price": "0.54", "size": "10"}, {"price": "0.53", "size": "50"}], "event_type": "book", "last_trade_price": ""}, {"market": "0x98e4486807104708aea0cf4868687f734d235a894724171b6d2fb15495397c9a", "asset_id": "65283398185504100984064334899777365829769684129269568185784245881151536065719", "timestamp": "1769379709801", "hash": "c96a293d9969d035248e29aa09a63d4f8eb7d993", "bids": [{"price": "0.01", "size": "176.9"}, {"price": "0.02", "size": "104.79"}, {"price": "0.03", "size": "21.3"}], "asks": [{"price": "0.99", "size": "185.01"}, {"price": "0.98", "size": "32.49"}], "event_type": "book", "last_trade_price": ""}, {"market": "0xbf49783d80f5e1e3bafdbb58aa3fb67f65ae6a76a2742e79f4a22d6cf866417c", "asset_id": "20047066452444814039168104752222802648921714971694029616070517685235725320560", "timestamp": "1769381355462", "hash": "c3ed6e2263f60ad01bb53fe2ecb533a492c11a26", "bids": [{"price": "0.01", "size": "176.9"}, {"price": "0.02", "size": "36.55"}, {"price": "0.03", "size": "5.47"}], "asks": [{"price": "0.99", "size": "185.01"}, {"price": "0.98", "size": "32.49"}], "event_type": "book", "last_trade_price": ""}, {"market": "0xb5afe5f5cc5fbdd043a960c62313c03fd695ac17c7a788820750f56584329e7c", "asset_id": "91474519812868431708701455100541312253582883686878392643191905033807000236419", "timestamp": "1769379710371", "hash": "3daedf0224230c6c59e59c34d1b00f01447e5e63", "bids": [{"price": "0.01", "size": "185.01"}, {"price": "0.02", "size": "32.49"}], "asks": [{"price": "0.99", "size": "185.01"}, {"price": "0.98", "size": "37.96"}], "event_type": "book", "last_trade_price": ""}, {"market": "0xe5ce2243d427710d7e60a8c54ed3ec9c550cdd9660a26493ff2b701b58ceca33", "asset_id": "81371711950594187304761320010953410394313468741465826792989330531114663305991", "timestamp": "1769379709801", "hash": "670c2e61ba5d9539aec22c89a7527673ee2c6521", "bids": [{"price": "0.01", "size": "185.01"}, {"price": "0.02", "size": "37.96"}], "asks": [{"price": "0.99", "size": "185.01"}, {"price": "0.98", "size": "32.49"}], "event_type": "book", "last_trade_price": ""}, {"market": "0xeb4d905e3077ae73bcddb49c13bb7199fbb81c098c1545e8294971ccbcadb57f", "asset_id": "60647867762996153942462177691993901534187585130590471427711300511037964466228", "timestamp": "1769381663121", "hash": "2d982eae382ffca8a9bf510f5c5f8ef3c0be7ec9", "bids": [{"price": "0.01", "size": "155.36"}, {"price": "0.02", "size": "47.31"}, {"price": "0.46", "size": "10"}, {"price": "0.47", "size": "50"}], "asks": [{"price": "0.99", "size": "160.8"}, {"price": "0.98", "size": "44.6"}, {"price": "0.97", "size": "5.47"}, {"price": "0.9", "size": "10"}, {"price": "0.89", "size": "50"}], "event_type": "book", "last_trade_price": ""}]}
