{"_local_timestamp": "2026-01-25T23:33:27.659700+00:00", "data": [{"market": "0x0714dc5c20ec9714b05d1e85e365fcb99b34a0b5261f01c3a8333c568e02abce", "asset_id": "75854345771145535899332860471190733582966961056463642423514620066170423619805", "timestamp": "1769382156984", "hash": "2f3fead402eb3b4e24da1531cf7aa0a5387b2e84", "bids": [{"price": "0.01", "size": "5509.8"}, {"price": "0.02", "size": "2200"}, {"price": "0.03", "size": "8.05"}, {"price": "0.05", "size": "30"}, {"price": "0.06", "size": "33"}, {"price": "0.08", "size": "1250"}, {"price": "0.09", "size": "7.33"}, {"price": "0.11", "size": "859.09"}, {"price": "0.15", "size": "213.33"}, {"price": "0.19", "size": "597.36"}, {"price": "0.23", "size": "363.04"}, {"price": "0.27", "size": "188.88"}, {"price": "0.31", "size": "64.51"}, {"price": "0.35", "size": "300"}, {"price": "0.36", "size": "100"}, {"price": "0.37", "size": "152"}, {"price": "0.55", "size": "100"}, {"price": "0.6", "size": "131.3"}, {"price": "0.71", "size": "6"}, {"price": "0.74", "size": "25"}], "asks": [{"price": "0.99", "size": "2614.27"}, {"price": "0.98", "size": "1259.75"}, {"price": "0.97", "size": "12.24"}, {"price": "0.96", "size": "500"}, {"price": "0.95", "size": "306.77"}, {"price": "0.94", "size": "329.53"}, {"price": "0.93", "size": "206.57"}, {"price": "0.92", "size": "172"}, {"price": "0.91", "size": "59.53"}, {"price": "0.9", "size": "5.33"}, {"price": "0.88", "size": "29.53"}], "event_type": "book", "last_trade_price": ""}, {"market": "0xba002127a4a4ac0e950c838e59055c2cd2985db328153c8c237c9d592467316a", "asset_id": "13213691980462757647945493885222867726650347449408517527147358223940116226175", "timestamp": "1769383987778", "hash": "748f1a336822f796bc9c438b415754bf884db68d", "bids": [{"price": "0.01", "size": "29.84"}, {"price": "0.02", "size": "33.98"}, {"price": "0.03", "size": "20.76"}, {"price": "0.04", "size": "8.98"}, {"price": "0.05", "size": "40"}], "asks": [{"price": "0.99", "size": "6116.3"}, {"price": "0.98", "size": "3750"}, {"price": "0.97", "size": "5.02"}, {"price": "0.96", "size": "500"}, {"price": "0.95", "size": "330"}, {"price": "0.94", "size": "33"}, {"price": "0.93", "size": "8.51"}, {"price": "0.92", "size": "425"}, {"price": "0.89", "size": "550"}, {"price": "0.84", "size": "150"}, {"price": "0.83", "size": "6.41"}, {"price": "0.79", "size": "150"}, {"price": "0.77", "size": "62"}, {"price": "0.62", "size": "100"}, {"price": "0.61", "size": "25"}, {"price": "0.26", "size": "11.1"}], "event_type": "book", "last_trade_price": "0.860"}, {"market": "0x0714dc5c20ec9714b05d1e85e365fcb99b34a0b5261f01c3a8333c568e02abce", "asset_id": "72694444661790832837157669700915284596310605552628577016575854905928758664011", "timestamp": "1769382156984", "hash": "40d88332483c79cbfc337a70f994189aae72865f", "bids": [{"price": "0.01", "size": "2614.27"}, {"price": "0.02", "size": "1259.75"}, {"price": "0.03", "size": "12.24"}, {"price": "0.04", "size": "500"}, {"price": "0.05", "size": "306.77"}, {"price": "0.06", "size": "329.53"}, {"price": "0.07", "size": "206.57"}, {"price": "0.08", "size": "172"}, {"price": "0.09", "size": "59.53"}, {"price": "0.1", "size": "5.33"}, {"price": "0.12", "size": "29.53"}], "asks": [{"price": "0.99", "size": "5509.8"}, {"price": "0.98", "size": "2200"}, {"price": "0.97", "size": "8.05"}, {"price": "0.95", "size": "30"}, {"price": "0.94", "size": "33"}, {"price": "0.92", "size": "1250"}, {"price": "0.91", "size": "7.33"}, {"price": "0.89", "size": "859.09"}, {"price": "0.85", "size": "213.33"}, {"price": "0.81", "size": "597.36"}, {"price": "0.77", "size": "363.04"}, {"price": "0.73", "size": "188.88"}, {"price": "0.69", "size": "64.51"}, {"price": "0.65", "size": "300"}, {"price": "0.64", "size": "100"}, {"price": "0.63", "size": "152"}, {"price": "0.45", "size": "100"}, {"price": "0.4", "size": "131.3"}, {"price": "0.29", "size": "6"}, {"price": "0.26", "size": "25"}], "event_type": "book", "last_trade_price": ""}, {"market": "0xba002127a4a4ac0e950c838e59055c2cd2985db328153c8c237c9d592467316a", "asset_id": "77834264621810987868357166227757099447440958647327655749187619452606339480012", "timestamp": "1769383987778", "hash": "7706cc9eb03c05966c32e5a18234c867a1fcf2cc", "bids": [{"price": "0.01", "size": "6116.3"}, {"price": "0.02", "size": "3750"}, {"price": "0.03", "size": "5.02"}, {"price": "0.04", "size": "500"}, {"price": "0.05", "size": "330"}, {"price": "0.06", "size": "33"}, {"price": "0.07", "size": "8.51"}, {"price": "0.08", "size": "425"}, {"price": "0.11", "size": "550"}, {"price": "0.16", "size": "150"}, {"price": "0.17", "size": "6.41"}, {"price": "0.21", "size": "150"}, {"price": "0.23", "size": "62"}, {"price": "0.38", "size": "100"}, {"price": "0.39", "size": "25"}, {"price": "0.74", "size": "11.1"}], "asks": [{"price": "0.99", "size": "29.84"}, {"price": "0.98", "size": "33.98"}, {"price": "0.97", "size": "20.76"}, {"price": "0.96", "size": "8.98"}, {"price": "0.95", "size": "40"}], "event_type": "book", "last_trade_price": "0.860"}]}
{"_local_timestamp": "2026-01-25T23:33:40.273397+00:00", "data": {"market": "0xba002127a4a4ac0e950c838e59055c2cd2985db328153c8c237c9d592467316a", "price_changes": [{"asset_id": "77834264621810987868357166227757099447440958647327655749187619452606339480012", "price": "0.11", "size": "425", "side": "BUY", "hash": "3d4f4b434d60595f019d2a59814b5c201c7962e7", "best_bid": "0.74", "best_ask": "0.95"}, {"asset_id": "13213691980462757647945493885222867726650347449408517527147358223940116226175", "price": "0.89", "size": "425", "side": "SELL", "hash": "ae87929794d4e188ac5002e3b94ff502e824f69f", "best_bid": "0.05", "best_ask": "0.26"}], "timestamp": "1769384020096", "event_type": "price_change"}}
{"_local_timestamp": "2026-01-25T23:34:01.352085+00:00", "data": {"market": "0xba002127a4a4ac0e950c838e59055c2cd2985db328153c8c237c9d592467316a", "price_changes": [{"asset_id": "77834264621810987868357166227757099447440958647327655749187619452606339480012", "price": "0.02", "size": "3350", "side": "BUY", "hash": "99a16b9465015a6084ed3c39c384521c3fbf2bd9", "best_bid": "0.74", "best_ask": "0.95"}, {"asset_id": "13213691980462757647945493885222867726650347449408517527147358223940116226175", "price": "0.98", "size": "3350", "side": "SELL", "hash": "7d4f77aa9025529e0b363b21714504f97467f2d5", "best_bid": "0.05", "best_ask": "0.26"}], "timestamp": "1769384041241", "event_type": "price_change"}}
{"_local_timestamp": "2026-01-25T23:34:25.325450+00:00", "data": {"market": "0xba002127a4a4ac0e950c838e59055c2cd2985db328153c8c237c9d592467316a", "price_changes": [{"asset_id": "77834264621810987868357166227757099447440958647327655749187619452606339480012", "price": "0.17", "size": "0", "side": "BUY", "hash": "ea717afba56419d85eecda37ab68fdff7679642e", "best_bid": "0.74", "best_ask": "0.95"}, {"asset_id": "13213691980462757647945493885222867726650347449408517527147358223940116226175", "price": "0.83", "size": "0", "side": "SELL", "hash": "8d86b910a2724fcb230f60136892c11a2636b711", "best_bid": "0.05", "best_ask": "0.26"}], "timestamp": "1769384065076", "event_type": "price_change"}}
{"_local_timestamp": "2026-01-25T23:34:25.685611+00:00", "data": {"market": "0xba002127a4a4ac0e950c838e59055c2cd2985db328153c8c237c9d592467316a", "price_changes": [{"asset_id": "77834264621810987868357166227757099447440958647327655749187619452606339480012", "price": "0.17", "size": "6.41", "side": "BUY", "hash": "bda9ea8c219575ac4e2e08011be75bb581634071", "best_bid": "0.74", "best_ask": "0.95"}, {"asset_id": "13213691980462757647945493885222867726650347449408517527147358223940116226175", "price": "0.83", "size": "6.41", "side": "SELL", "hash": "a227f4dea87db44a992631ed9254da548ac0d721", "best_bid": "0.05", "best_ask": "0.26"}], "timestamp": "1769384065402", "event_type": "price_change"}}
{"_local_timestamp": "2026-01-25T23:34:28.028095+00:00", "data": {"market": "0xba002127a4a4ac0e950c838e59055c2cd2985db328153c8c237c9d592467316a", "price_changes": [{"asset_id": "77834264621810987868357166227757099447440958647327655749187619452606339480012", "price": "0.11", "size": "225", "side": "BUY", "hash": "24e8490edf0ad980b5e7f34dd555c0a349ac23f0", "best_bid": "0.74", "best_ask": "0.95"}, {"asset_id": "13213691980462757647945493885222867726650347449408517527147358223940116226175", "price": "0.89", "size": "225", "side": "SELL", "hash": "158704b144a435609af6c5cc57c50cba13f793b5", "best_bid": "0.05", "best_ask": "0.26"}], "timestamp": "1769384067604", "event_type": "price_change"}}
{"_local_timestamp": "2026-01-25T23:34:28.029039+00:00", "data": {"market": "0xba002127a4a4ac0e950c838e59055c2cd2985db328153c8c237c9d592467316a", "price_changes": [{"asset_id": "77834264621810987868357166227757099447440958647327655749187619452606339480012", "price": "0.02", "size": "3050", "side": "BUY", "hash": "24e8490edf0ad980b5e7f34dd555c0a349ac23f0", "best_bid": "0.74", "best_ask": "0.95"}, {"asset_id": "13213691980462757647945493885222867726650347449408517527147358223940116226175", "price": "0.98", "size": "3050", "side": "SELL", "hash": "158704b144a435609af6c5cc57c50cba13f793b5", "best_bid": "0.05", "best_ask": "0.26"}], "timestamp": "1769384067604", "event_type": "price_change"}}
{"_local_timestamp": "2026-01-25T23:34:28.773394+00:00", "data": {"market": "0xba002127a4a4ac0e950c838e59055c2cd2985db328153c8c237c9d592467316a", "price_changes": [{"asset_id": "77834264621810987868357166227757099447440958647327655749187619452606339480012", "price": "0.01", "size": "6416.3", "side": "BUY", "hash": "d3fa282ee46e3754a6b4defe939a8c8886f86d82", "best_bid": "0.74", "best_ask": "0.95"}, {"asset_id": "13213691980462757647945493885222867726650347449408517527147358223940116226175", "price": "0.99", "size": "6416.3", "side": "SELL", "hash": "83886c0152126cfc71ca73ec68b2ae9be3e7a36e", "best_bid": "0.05", "best_ask": "0.26"}], "timestamp": "1769384068171", "event_type": "price_change"}}
{"_local_timestamp": "2026-01-25T23:34:36.461565+00:00", "data": {"market": "0xba002127a4a4ac0e950c838e59055c2cd2985db328153c8c237c9d592467316a", "price_changes": [{"asset_id": "13213691980462757647945493885222867726650347449408517527147358223940116226175", "price": "0.01", "size": "10", "side": "BUY", "hash": "782917e6702a5302132479ac6e929094b5580f04", "best_bid": "0.05", "best_ask": "0.26"}, {"asset_id": "77834264621810987868357166227757099447440958647327655749187619452606339480012", "price": "0.99", "size": "10", "side": "SELL", "hash": "fb6c2b230d0e9b9fd702129abb8e6c2782b93ea3", "best_bid": "0.74", "best_ask": "0.95"}], "timestamp": "1769384076229", "event_type": "price_change"}}
{"_local_timestamp": "2026-01-25T23:34:37.129233+00:00", "data": {"market": "0xba002127a4a4ac0e950c838e59055c2cd2985db328153c8c237c9d592467316a", "price_changes": [{"asset_id": "13213691980462757647945493885222867726650347449408517527147358223940116226175", "price": "0.01", "size": "29.84", "side": "BUY", "hash": "78fa83cffdee05bf7264ac1f83b2b6d371ca621c", "best_bid": "0.05", "best_ask": "0.26"}, {"asset_id": "77834264621810987868357166227757099447440958647327655749187619452606339480012", "price": "0.99", "size": "29.84", "side": "SELL", "hash": "65041ed9845da33efb1c0bc94c8f65cbba541f17", "best_bid": "0.74", "best_ask": "0.95"}], "timestamp": "1769384076905", "event_type": "price_change"}}
{"_local_timestamp": "2026-01-25T23:34:39.758291+00:00", "data": {"market": "0xba002127a4a4ac0e950c838e59055c2cd2985db328153c8c237c9d592467316a", "price_changes": [{"asset_id": "77834264621810987868357166227757099447440958647327655749187619452606339480012", "price": "0.09", "size": "100", "side": "BUY", "hash": "0d31311133b1965ca25cb4473db97c2fc777fdb2", "best_bid": "0.74", "best_ask": "0.95"}, {"asset_id": "13213691980462757647945493885222867726650347449408517527147358223940116226175", "price": "0.91", "size": "100", "side": "SELL", "hash": "6783241235df28cb902867dbc55615527b516524", "best_bid": "0.05", "best_ask": "0.26"}], "timestamp": "1769384079680", "event_type": "price_change"}}
{"_local_timestamp": "2026-01-25T23:35:00.055122+00:00", "data": {"market": "0xba002127a4a4ac0e950c838e59055c2cd2985db328153c8c237c9d592467316a", "price_changes": [{"asset_id": "77834264621810987868357166227757099447440958647327655749187619452606339480012", "price": "0.01", "size": "7416.3", "side": "BUY", "hash": "a1a7c32f9098bc8bb3623f32fd45ba0dd77567fa", "best_bid": "0.74", "best_ask": "0.95"}, {"asset_id": "13213691980462757647945493885222867726650347449408517527147358223940116226175", "price": "0.99", "size": "7416.3", "side": "SELL", "hash": "58d5dae121a6eeb3c91228b6e4dd31ffe48ae55b", "best_bid": "0.05", "best_ask": "0.26"}], "timestamp": "1769384099981", "event_type": "price_change"}}
{"_local_timestamp": "2026-01-25T23:35:38.784367+00:00", "data": {"market": "0xba002127a4a4ac0e950c838e59055c2cd2985db328153c8c237c9d592467316a", "price_changes": [{"asset_id": "77834264621810987868357166227757099447440958647327655749187619452606339480012", "price": "0.01", "size": "6416.3", "side": "BUY", "hash": "5efc04535f119d5dfac937e175f6a415e3cb152b", "best_bid": "0.74", "best_ask": "0.95"}, {"asset_id": "13213691980462757647945493885222867726650347449408517527147358223940116226175", "price": "0.99", "size": "6416.3", "side": "SELL", "hash": "b079358bf3452986938021f939849bbc6816a88b", "best_bid": "0.05", "best_ask": "0.26"}], "timestamp": "1769384138687", "event_type": "price_change"}}
{"_local_timestamp": "2026-01-25T23:36:00.457750+00:00", "data": {"market": "0xba002127a4a4ac0e950c838e59055c2cd2985db328153c8c237c9d592467316a", "price_changes": [{"asset_id": "77834264621810987868357166227757099447440958647327655749187619452606339480012", "price": "0.39", "size": "425", "side": "BUY", "hash": "1f46ed8a5bbc5fdb09c156f6ada6e15c33a11824", "best_bid": "0.74", "best_ask": "0.95"}, {"asset_id": "13213691980462757647945493885222867726650347449408517527147358223940116226175", "price": "0.61", "size": "425", "side": "SELL", "hash": "2ce615f3f8191cbf3be2b78eaf5373457935fc1f", "best_bid": "0.05", "best_ask": "0.26"}], "timestamp": "1769384160391", "event_type": "price_change"}}
{"_local_timestamp": "2026-01-25T23:36:00.458608+00:00", "data": {"market": "0xba002127a4a4ac0e950c838e59055c2cd2985db328153c8c237c9d592467316a", "price_changes": [{"asset_id": "77834264621810987868357166227757099447440958647327655749187619452606339480012", "price": "0.4", "size": "400", "side": "BUY", "hash": "32c3dcb2f69c06540f8ac6efd89773c3b04f6315", "best_bid": "0.74", "best_ask": "0.95"}, {"asset_id": "13213691980462757647945493885222867726650347449408517527147358223940116226175", "price": "0.6", "size": "400", "side": "SELL", "hash": "134594836506543cbb9e35336dee12dacc78dc20", "best_bid": "0.05", "best_ask": "0.26"}], "timestamp": "1769384160391", "event_type": "price_change"}}
{"_local_timestamp": "2026-01-25T23:36:03.502308+00:00", "data": {"market": "0xba002127a4a4ac0e950c838e59055c2cd2985db328153c8c237c9d592467316a", "price_changes": [{"asset_id": "77834264621810987868357166227757099447440958647327655749187619452606339480012", "price": "0.39", "size": "405", "side": "BUY", "hash": "c8d82ea29492cf2bd8e22e916859959d924d2f73", "best_bid": "0.74", "best_ask": "0.95"}, {"asset_id": "13213691980462757647945493885222867726650347449408517527147358223940116226175", "price": "0.61", "size": "405", "side": "SELL", "hash": "6d86e3729fef779293cc5292338102ffa9915b4b", "best_bid": "0.05", "best_ask": "0.26"}], "timestamp": "1769384163375", "event_type": "price_change"}}
{"_local_timestamp": "2026-01-25T23:36:03.502747+00:00", "data": {"market": "0xba002127a4a4ac0e950c838e59055c2cd2985db328153c8c237c9d592467316a", "price_changes": [{"asset_id": "77834264621810987868357166227757099447440958647327655749187619452606339480012", "price": "0.41", "size": "20", "side": "BUY", "hash": "3c18f40642c58167a2b2f35da076f4339f55539d", "best_bid": "0.74", "best_ask": "0.95"}, {"asset_id": "13213691980462757647945493885222867726650347449408517527147358223940116226175", "price": "0.59", "size": "20", "side": "SELL", "hash": "c58ab9e2d36af203247adea0ef543b6b42ae86b5", "best_bid": "0.05", "best_ask": "0.26"}], "timestamp": "1769384163417", "event_type": "price_change"}}
