{"_local_timestamp": "2026-01-25T23:33:27.242598+00:00", "data": [{"market": "0xfc142b3bae6a0b9c44ef174e7fef583c7861cc8b6f10296ae40f8528c2b72160", "asset_id": "84029777003909342227379822310104210539848067052992131413904452673946019637804", "timestamp": "1769383981038", "hash": "4e3ffda3d5216c0722f9156c0ac9e2f9863bb333", "bids": [{"price": "0.01", "size": "1258.62"}, {"price": "0.02", "size": "4030"}, {"price": "0.03", "size": "7.46"}, {"price": "0.04", "size": "1150"}, {"price": "0.05", "size": "880"}, {"price": "0.07", "size": "457.14"}, {"price": "0.08", "size": "250"}, {"price": "0.09", "size": "311.11"}, {"price": "0.1", "size": "6.89"}, {"price": "0.11", "size": "236.36"}, {"price": "0.13", "size": "184.61"}, {"price": "0.14", "size": "220.85"}, {"price": "0.15", "size": "107.89"}, {"price": "0.16", "size": "6"}, {"price": "0.19", "size": "68.42"}, {"price": "0.2", "size": "25"}, {"price": "0.21", "size": "6"}, {"price": "0.23", "size": "36.89"}, {"price": "0.24", "size": "21"}, {"price": "0.25", "size": "6"}, {"price": "0.3", "size": "322"}, {"price": "0.31", "size": "21.48"}], "asks": [{"price": "0.99", "size": "1510.37"}, {"price": "0.97", "size": "600"}, {"price": "0.96", "size": "7.25"}, {"price": "0.93", "size": "1014.28"}, {"price": "0.9", "size": "340"}, {"price": "0.89", "size": "5.51"}, {"price": "0.86", "size": "228.57"}, {"price": "0.85", "size": "1391"}, {"price": "0.83", "size": "414.7"}, {"price": "0.81", "size": "2210"}, {"price": "0.79", "size": "123.8"}, {"price": "0.76", "size": "100"}, {"price": "0.75", "size": "3.53"}, {"price": "0.72", "size": "71.42"}, {"price": "0.71", "size": "145"}, {"price": "0.7", "size": "3156"}, {"price": "0.69", "size": "6"}, {"price": "0.56", "size": "200"}, {"price": "0.55", "size": "210.8"}, {"price": "0.54", "size": "200"}, {"price": "0.53", "size": "200"}, {"price": "0.52", "size": "200"}, {"price": "0.51", "size": "226.53"}, {"price": "0.5", "size": "222"}, {"price": "0.49", "size": "421"}, {"price": "0.48", "size": "200"}, {"price": "0.47", "size": "200"}, {"price": "0.46", "size": "200"}, {"price": "0.45", "size": "206"}, {"price": "0.44", "size": "200"}, {"price": "0.43", "size": "218"}, {"price": "0.42", "size": "200"}, {"price": "0.41", "size": "206"}, {"price": "0.4", "size": "13"}, {"price": "0.39", "size": "6"}, {"price": "0.36", "size": "900"}, {"price": "0.35", "size": "267.49"}], "event_type": "book", "last_trade_price": "0.310"}, {"market": "0xfc142b3bae6a0b9c44ef174e7fef583c7861cc8b6f10296ae40f8528c2b72160", "asset_id": "3435875803090998587046928262280358296607792983665623441644106846759730625038", "timestamp": "1769383981038", "hash": "d02bed5441e38b5423a0b8644445556c78aec84a", "bids": [{"price": "0.01", "size": "1510.37"}, {"price": "0.03", "size": "600"}, {"price": "0.04", "size": "7.25"}, {"price": "0.07", "size": "1014.28"}, {"price": "0.1", "size": "340"}, {"price": "0.11", "size": "5.51"}, {"price": "0.14", "size": "228.57"}, {"price": "0.15", "size": "1391"}, {"price": "0.17", "size": "414.7"}, {"price": "0.19", "size": "2210"}, {"price": "0.21", "size": "123.8"}, {"price": "0.24", "size": "100"}, {"price": "0.25", "size": "3.53"}, {"price": "0.28", "size": "71.42"}, {"price": "0.29", "size": "145"}, {"price": "0.3", "size": "3156"}, {"price": "0.31", "size": "6"}, {"price": "0.44", "size": "200"}, {"price": "0.45", "size": "210.8"}, {"price": "0.46", "size": "200"}, {"price": "0.47", "size": "200"}, {"price": "0.48", "size": "200"}, {"price": "0.49", "size": "226.53"}, {"price": "0.5", "size": "222"}, {"price": "0.51", "size": "421"}, {"price": "0.52", "size": "200"}, {"price": "0.53", "size": "200"}, {"price": "0.54", "size": "200"}, {"price": "0.55", "size": "206"}, {"price": "0.56", "size": "200"}, {"price": "0.57", "size": "218"}, {"price": "0.58", "size": "200"}, {"price": "0.59", "size": "206"}, {"price": "0.6", "size": "13"}, {"price": "0.61", "size": "6"}, {"price": "0.64", "size": "900"}, {"price": "0.65", "size": "267.49"}], "asks": [{"price": "0.99", "size": "1258.62"}, {"price": "0.98", "size": "4030"}, {"price": "0.97", "size": "7.46"}, {"price": "0.96", "size": "1150"}, {"price": "0.95", "size": "880"}, {"price": "0.93", "size": "457.14"}, {"price": "0.92", "size": "250"}, {"price": "0.91", "size": "311.11"}, {"price": "0.9", "size": "6.89"}, {"price": "0.89", "size": "236.36"}, {"price": "0.87", "size": "184.61"}, {"price": "0.86", "size": "220.85"}, {"price": "0.85", "size": "107.89"}, {"price": "0.84", "size": "6"}, {"price": "0.81", "size": "68.42"}, {"price": "0.8", "size": "25"}, {"price": "0.79", "size": "6"}, {"price": "0.77", "size": "36.89"}, {"price": "0.76", "size": "21"}, {"price": "0.75", "size": "6"}, {"price": "0.7", "size": "322"}, {"price": "0.69", "size": "21.48"}], "event_type": "book", "last_trade_price": "0.310"}]}
{"_local_timestamp": "2026-01-25T23:33:40.275856+00:00", "data": {"market": "0xfc142b3bae6a0b9c44ef174e7fef583c7861cc8b6f10296ae40f8528c2b72160", "price_changes": [{"asset_id": "3435875803090998587046928262280358296607792983665623441644106846759730625038", "price": "0.17", "size": "314.7", "side": "BUY", "hash": "64c0123b49d7ec88f0b8602741a62cd4c4a72e5a", "best_bid": "0.65", "best_ask": "0.69"}, {"asset_id": "84029777003909342227379822310104210539848067052992131413904452673946019637804", "price": "0.83", "size": "314.7", "side": "SELL", "hash": "e9332c07622d708717206f4687db45c813838783", "best_bid": "0.31", "best_ask": "0.35"}], "timestamp": "1769384020093", "event_type": "price_change"}}
{"_local_timestamp": "2026-01-25T23:33:40.775520+00:00", "data": {"market": "0xfc142b3bae6a0b9c44ef174e7fef583c7861cc8b6f10296ae40f8528c2b72160", "price_changes": [{"asset_id": "3435875803090998587046928262280358296607792983665623441644106846759730625038", "price": "0.19", "size": "2310", "side": "BUY", "hash": "45207550a8ea062123f416e3dd8d7f2a12d9f7ee", "best_bid": "0.65", "best_ask": "0.69"}, {"asset_id": "84029777003909342227379822310104210539848067052992131413904452673946019637804", "price": "0.81", "size": "2310", "side": "SELL", "hash": "ffb2eada8c3cabbe197cedb11f7babc12c27cb63", "best_bid": "0.31", "best_ask": "0.35"}], "timestamp": "1769384020558", "event_type": "price_change"}}
{"_local_timestamp": "2026-01-25T23:33:42.794160+00:00", "data": {"market": "0xfc142b3bae6a0b9c44ef174e7fef583c7861cc8b6f10296ae40f8528c2b72160", "price_changes": [{"asset_id": "84029777003909342227379822310104210539848067052992131413904452673946019637804", "price": "0.1", "size": "0", "side": "BUY", "hash": "37406ed178431bf20973362621228fa30d912ad7", "best_bid": "0.31", "best_ask": "0.35"}, {"asset_id": "3435875803090998587046928262280358296607792983665623441644106846759730625038", "price": "0.9", "size": "0", "side": "SELL", "hash": "af1b4cd25a109125e8abe65f3a5df2ca9b453c24", "best_bid": "0.65", "best_ask": "0.69"}], "timestamp": "1769384022729", "event_type": "price_change"}}
{"_local_timestamp": "2026-01-25T23:33:42.991607+00:00", "data": {"market": "0xfc142b3bae6a0b9c44ef174e7fef583c7861cc8b6f10296ae40f8528c2b72160", "price_changes": [{"asset_id": "84029777003909342227379822310104210539848067052992131413904452673946019637804", "price": "0.1", "size": "6.89", "side": "BUY", "hash": "a1965d82e50f29eb7cd7a087a0bc83ea8b653b6a", "best_bid": "0.31", "best_ask": "0.35"}, {"asset_id": "3435875803090998587046928262280358296607792983665623441644106846759730625038", "price": "0.9", "size": "6.89", "side": "SELL", "hash": "796d190ede558208a8e62eb411a879ed727e4e2b", "best_bid": "0.65", "best_ask": "0.69"}], "timestamp": "1769384022918", "event_type": "price_change"}}
{"_local_timestamp": "2026-01-25T23:33:45.573191+00:00", "data": {"market": "0xfc142b3bae6a0b9c44ef174e7fef583c7861cc8b6f10296ae40f8528c2b72160", "price_changes": [{"asset_id": "84029777003909342227379822310104210539848067052992131413904452673946019637804", "price": "0.34", "size": "14", "side": "SELL", "hash": "6752437338656b75cbfee91721aa2893ac878116", "best_bid": "0.31", "best_ask": "0.34"}, {"asset_id": "3435875803090998587046928262280358296607792983665623441644106846759730625038", "price": "0.66", "size": "14", "side": "BUY", "hash": "7e806e2d4faf9abb6667e0d5eeae10e8e58028ce", "best_bid": "0.66", "best_ask": "0.69"}], "timestamp": "1769384025506", "event_type": "price_change"}}
{"_local_timestamp": "2026-01-25T23:33:45.601590+00:00", "data": {"market": "0xfc142b3bae6a0b9c44ef174e7fef583c7861cc8b6f10296ae40f8528c2b72160", "price_changes": [{"asset_id": "84029777003909342227379822310104210539848067052992131413904452673946019637804", "price": "0.04", "size": "250", "side": "BUY", "hash": "78245d764d11cce1158e1e03a4c445ddbac43743", "best_bid": "0.31", "best_ask": "0.34"}, {"asset_id": "3435875803090998587046928262280358296607792983665623441644106846759730625038", "price": "0.96", "size": "250", "side": "SELL", "hash": "7a754887b4ce40e8ec09d01d8ae36720411162b7", "best_bid": "0.66", "best_ask": "0.69"}], "timestamp": "1769384025539", "event_type": "price_change"}}
{"_local_timestamp": "2026-01-25T23:33:45.602639+00:00", "data": {"market": "0xfc142b3bae6a0b9c44ef174e7fef583c7861cc8b6f10296ae40f8528c2b72160", "price_changes": [{"asset_id": "84029777003909342227379822310104210539848067052992131413904452673946019637804", "price": "0.14", "size": "78", "side": "BUY", "hash": "78245d764d11cce1158e1e03a4c445ddbac43743", "best_bid": "0.31", "best_ask": "0.34"}, {"asset_id": "3435875803090998587046928262280358296607792983665623441644106846759730625038", "price": "0.86", "size": "78", "side": "SELL", "hash": "7a754887b4ce40e8ec09d01d8ae36720411162b7", "best_bid": "0.66", "best_ask": "0.69"}], "timestamp": "1769384025539", "event_type": "price_change"}}
{"_local_timestamp": "2026-01-25T23:33:45.608668+00:00", "data": {"market": "0xfc142b3bae6a0b9c44ef174e7fef583c7861cc8b6f10296ae40f8528c2b72160", "price_changes": [{"asset_id": "84029777003909342227379822310104210539848067052992131413904452673946019637804", "price": "0.13", "size": "0", "side": "BUY", "hash": "78245d764d11cce1158e1e03a4c445ddbac43743", "best_bid": "0.31", "best_ask": "0.34"}, {"asset_id": "3435875803090998587046928262280358296607792983665623441644106846759730625038", "price": "0.87", "size": "0", "side": "SELL", "hash": "7a754887b4ce40e8ec09d01d8ae36720411162b7", "best_bid": "0.66", "best_ask": "0.69"}], "timestamp": "1769384025539", "event_type": "price_change"}}
{"_local_timestamp": "2026-01-25T23:33:45.609463+00:00", "data": {"market": "0xfc142b3bae6a0b9c44ef174e7fef583c7861cc8b6f10296ae40f8528c2b72160", "price_changes": [{"asset_id": "84029777003909342227379822310104210539848067052992131413904452673946019637804", "price": "0.05", "size": "200", "side": "BUY", "hash": "78245d764d11cce1158e1e03a4c445ddbac43743", "best_bid": "0.31", "best_ask": "0.34"}, {"asset_id": "3435875803090998587046928262280358296607792983665623441644106846759730625038", "price": "0.95", "size": "200", "side": "SELL", "hash": "7a754887b4ce40e8ec09d01d8ae36720411162b7", "best_bid": "0.66", "best_ask": "0.69"}], "timestamp": "1769384025539", "event_type": "price_change"}}
{"_local_timestamp": "2026-01-25T23:33:45.611043+00:00", "data": {"market": "0xfc142b3bae6a0b9c44ef174e7fef583c7861cc8b6f10296ae40f8528c2b72160", "price_changes": [{"asset_id": "84029777003909342227379822310104210539848067052992131413904452673946019637804", "price": "0.11", "size": "0", "side": "BUY", "hash": "78245d764d11cce1158e1e03a4c445ddbac43743", "best_bid": "0.31", "best_ask": "0.34"}, {"asset_id": "3435875803090998587046928262280358296607792983665623441644106846759730625038", "price": "0.89", "size": "0", "side": "SELL", "hash": "7a754887b4ce40e8ec09d01d8ae36720411162b7", "best_bid": "0.66", "best_ask": "0.69"}], "timestamp": "1769384025539", "event_type": "price_change"}}
{"_local_timestamp": "2026-01-25T23:33:45.611470+00:00", "data": {"market": "0xfc142b3bae6a0b9c44ef174e7fef583c7861cc8b6f10296ae40f8528c2b72160", "price_changes": [{"asset_id": "84029777003909342227379822310104210539848067052992131413904452673946019637804", "price": "0.09", "size": "0", "side": "BUY", "hash": "78245d764d11cce1158e1e03a4c445ddbac43743", "best_bid": "0.31", "best_ask": "0.34"}, {"asset_id": "3435875803090998587046928262280358296607792983665623441644106846759730625038", "price": "0.91", "size": "0", "side": "SELL", "hash": "7a754887b4ce40e8ec09d01d8ae36720411162b7", "best_bid": "0.66", "best_ask": "0.69"}], "timestamp": "1769384025539", "event_type": "price_change"}}
{"_local_timestamp": "2026-01-25T23:33:45.611881+00:00", "data": {"market": "0xfc142b3bae6a0b9c44ef174e7fef583c7861cc8b6f10296ae40f8528c2b72160", "price_changes": [{"asset_id": "84029777003909342227379822310104210539848067052992131413904452673946019637804", "price": "0.07", "size": "0", "side": "BUY", "hash": "78245d764d11cce1158e1e03a4c445ddbac43743", "best_bid": "0.31", "best_ask": "0.34"}, {"asset_id": "3435875803090998587046928262280358296607792983665623441644106846759730625038", "price": "0.93", "size": "0", "side": "SELL", "hash": "7a754887b4ce40e8ec09d01d8ae36720411162b7", "best_bid": "0.66", "best_ask": "0.69"}], "timestamp": "1769384025539", "event_type": "price_change"}}
{"_local_timestamp": "2026-01-25T23:33:45.765811+00:00", "data": {"market": "0xfc142b3bae6a0b9c44ef174e7fef583c7861cc8b6f10296ae40f8528c2b72160", "price_changes": [{"asset_id": "84029777003909342227379822310104210539848067052992131413904452673946019637804", "price": "0.35", "size": "262.32", "side": "SELL", "hash": "27ac01802ffd93f4893b3b9d31c98a61cf180cfd", "best_bid": "0.31", "best_ask": "0.34"}, {"asset_id": "3435875803090998587046928262280358296607792983665623441644106846759730625038", "price": "0.65", "size": "262.32", "side": "BUY", "hash": "78da66ecb33c395860630e73fca87a737c516965", "best_bid": "0.66", "best_ask": "0.69"}], "timestamp": "1769384025698", "event_type": "price_change"}}
{"_local_timestamp": "2026-01-25T23:33:46.082909+00:00", "data": {"market": "0xfc142b3bae6a0b9c44ef174e7fef583c7861cc8b6f10296ae40f8528c2b72160", "price_changes": [{"asset_id": "84029777003909342227379822310104210539848067052992131413904452673946019637804", "price": "0.33", "size": "5.17", "side": "SELL", "hash": "37bd33a0fa38672866650e613b35298b47e82936", "best_bid": "0.31", "best_ask": "0.33"}, {"asset_id": "3435875803090998587046928262280358296607792983665623441644106846759730625038", "price": "0.67", "size": "5.17", "side": "BUY", "hash": "f6dbd184755aa9abbeb4ac5f03e414431dc0344d", "best_bid": "0.67", "best_ask": "0.69"}], "timestamp": "1769384026003", "event_type": "price_change"}}
{"_local_timestamp": "2026-01-25T23:33:49.115528+00:00", "data": {"market": "0xfc142b3bae6a0b9c44ef174e7fef583c7861cc8b6f10296ae40f8528c2b72160", "price_changes": [{"asset_id": "84029777003909342227379822310104210539848067052992131413904452673946019637804", "price": "0.14", "size": "6", "side": "BUY", "hash": "808acbb8a678157ba1711d20d8a22ef89a4616ec", "best_bid": "0.31", "best_ask": "0.33"}, {"asset_id": "3435875803090998587046928262280358296607792983665623441644106846759730625038", "price": "0.86", "size": "6", "side": "SELL", "hash": "d18da9404d14f48f65cbd11bcc825ca38d2e659e", "best_bid": "0.67", "best_ask": "0.69"}], "timestamp": "1769384029017", "event_type": "price_change"}}
{"_local_timestamp": "2026-01-25T23:33:49.116288+00:00", "data": {"market": "0xfc142b3bae6a0b9c44ef174e7fef583c7861cc8b6f10296ae40f8528c2b72160", "price_changes": [{"asset_id": "84029777003909342227379822310104210539848067052992131413904452673946019637804", "price": "0.08", "size": "0", "side": "BUY", "hash": "808acbb8a678157ba1711d20d8a22ef89a4616ec", "best_bid": "0.31", "best_ask": "0.33"}, {"asset_id": "3435875803090998587046928262280358296607792983665623441644106846759730625038", "price": "0.92", "size": "0", "side": "SELL", "hash": "d18da9404d14f48f65cbd11bcc825ca38d2e659e", "best_bid": "0.67", "best_ask": "0.69"}], "timestamp": "1769384029017", "event_type": "price_change"}}
{"_local_timestamp": "2026-01-25T23:33:49.138687+00:00", "data": {"market": "0xfc142b3bae6a0b9c44ef174e7fef583c7861cc8b6f10296ae40f8528c2b72160", "price_changes": [{"asset_id": "84029777003909342227379822310104210539848067052992131413904452673946019637804", "price": "0.05", "size": "600", "side": "BUY", "hash": "226cfc0749dea3f2b3b225d9d1ecbd6f49bb9761", "best_bid": "0.31", "best_ask": "0.33"}, {"asset_id": "3435875803090998587046928262280358296607792983665623441644106846759730625038", "price": "0.95", "size": "600", "side": "SELL", "hash": "4d18cc3266a3079614e3d0ce0b7a7a83b543a518", "best_bid": "0.67", "best_ask": "0.69"}], "timestamp": "1769384029068", "event_type": "price_change"}}
{"_local_timestamp": "2026-01-25T23:33:49.143182+00:00", "data": {"market": "0xfc142b3bae6a0b9c44ef174e7fef583c7861cc8b6f10296ae40f8528c2b72160", "price_changes": [{"asset_id": "84029777003909342227379822310104210539848067052992131413904452673946019637804", "price": "0.06", "size": "167", "side": "BUY", "hash": "814c0d3922f581fa496ea5761ef7a5e81750f3e8", "best_bid": "0.31", "best_ask": "0.33"}, {"asset_id": "3435875803090998587046928262280358296607792983665623441644106846759730625038", "price": "0.94", "size": "167", "side": "SELL", "hash": "752a5aeb4357cedf1d705d202f1fc0efa1b42551", "best_bid": "0.67", "best_ask": "0.69"}], "timestamp": "1769384029069", "event_type": "price_change"}}
{"_local_timestamp": "2026-01-25T23:33:57.910224+00:00", "data": {"market": "0xfc142b3bae6a0b9c44ef174e7fef583c7861cc8b6f10296ae40f8528c2b72160", "price_changes": [{"asset_id": "3435875803090998587046928262280358296607792983665623441644106846759730625038", "price": "0.65", "size": "362.32", "side": "BUY", "hash": "65df08c30cf412794fd86afd536596b869b2adfa", "best_bid": "0.67", "best_ask": "0.69"}, {"asset_id": "84029777003909342227379822310104210539848067052992131413904452673946019637804", "price": "0.35", "size": "362.32", "side": "SELL", "hash": "6af5c1f88e8f7217f2ba45f14c11027f0759491d", "best_bid": "0.31", "best_ask": "0.33"}], "timestamp": "1769384037834", "event_type": "price_change"}}
{"_local_timestamp": "2026-01-25T23:34:19.990100+00:00", "data": {"market": "0xfc142b3bae6a0b9c44ef174e7fef583c7861cc8b6f10296ae40f8528c2b72160", "price_changes": [{"asset_id": "3435875803090998587046928262280358296607792983665623441644106846759730625038", "price": "0.19", "size": "100", "side": "BUY", "hash": "8d4b7104373331bb019097cfed917d114237cb97", "best_bid": "0.67", "best_ask": "0.69"}, {"asset_id": "84029777003909342227379822310104210539848067052992131413904452673946019637804", "price": "0.81", "size": "100", "side": "SELL", "hash": "1a9ba08dcd10be0bebbd8054e15f36535292bfae", "best_bid": "0.31", "best_ask": "0.33"}], "timestamp": "1769384059752", "event_type": "price_change"}}
{"_local_timestamp": "2026-01-25T23:34:27.979605+00:00", "data": {"market": "0xfc142b3bae6a0b9c44ef174e7fef583c7861cc8b6f10296ae40f8528c2b72160", "price_changes": [{"asset_id": "3435875803090998587046928262280358296607792983665623441644106846759730625038", "price": "0.17", "size": "164.7", "side": "BUY", "hash": "7ad12211ee1ebabe401716806d8e254b215bc6b1", "best_bid": "0.67", "best_ask": "0.69"}, {"asset_id": "84029777003909342227379822310104210539848067052992131413904452673946019637804", "price": "0.83", "size": "164.7", "side": "SELL", "hash": "1ae4d6c4ff18456ef7688b94eeee44f8df51da26", "best_bid": "0.31", "best_ask": "0.33"}], "timestamp": "1769384067591", "event_type": "price_change"}}
{"_local_timestamp": "2026-01-25T23:34:28.556169+00:00", "data": {"market": "0xfc142b3bae6a0b9c44ef174e7fef583c7861cc8b6f10296ae40f8528c2b72160", "price_changes": [{"asset_id": "3435875803090998587046928262280358296607792983665623441644106846759730625038", "price": "0.19", "size": "250", "side": "BUY", "hash": "db1ec509d1d60e96efbc45c3411931d3dfd34542", "best_bid": "0.67", "best_ask": "0.69"}, {"asset_id": "84029777003909342227379822310104210539848067052992131413904452673946019637804", "price": "0.81", "size": "250", "side": "SELL", "hash": "a556e49918d1de616f5e4736d6560eaac7c9298b", "best_bid": "0.31", "best_ask": "0.33"}], "timestamp": "1769384068113", "event_type": "price_change"}}
{"_local_timestamp": "2026-01-25T23:34:42.135340+00:00", "data": {"market": "0xfc142b3bae6a0b9c44ef174e7fef583c7861cc8b6f10296ae40f8528c2b72160", "price_changes": [{"asset_id": "3435875803090998587046928262280358296607792983665623441644106846759730625038", "price": "0.65", "size": "162.32", "side": "BUY", "hash": "4ccdd4abc77dac8f59ec8a3cbc946bf865653f8c", "best_bid": "0.67", "best_ask": "0.69"}, {"asset_id": "84029777003909342227379822310104210539848067052992131413904452673946019637804", "price": "0.35", "size": "162.32", "side": "SELL", "hash": "4e7035adb98df951c05f7be144e0aaf3345da9e1", "best_bid": "0.31", "best_ask": "0.33"}], "timestamp": "1769384082065", "event_type": "price_change"}}
{"_local_timestamp": "2026-01-25T23:34:42.945613+00:00", "data": {"market": "0xfc142b3bae6a0b9c44ef174e7fef583c7861cc8b6f10296ae40f8528c2b72160", "price_changes": [{"asset_id": "3435875803090998587046928262280358296607792983665623441644106846759730625038", "price": "0.65", "size": "262.32", "side": "BUY", "hash": "20d1f886e17203ad17ce8328dbe12d03dca7189e", "best_bid": "0.67", "best_ask": "0.69"}, {"asset_id": "84029777003909342227379822310104210539848067052992131413904452673946019637804", "price": "0.35", "size": "262.32", "side": "SELL", "hash": "f3ee37cbc0577beb2a16ecd8bf10a6db4cbb6f88", "best_bid": "0.31", "best_ask": "0.33"}], "timestamp": "1769384082882", "event_type": "price_change"}}
{"_local_timestamp": "2026-01-25T23:34:42.953109+00:00", "data": {"market": "0xfc142b3bae6a0b9c44ef174e7fef583c7861cc8b6f10296ae40f8528c2b72160", "price_changes": [{"asset_id": "3435875803090998587046928262280358296607792983665623441644106846759730625038", "price": "0.66", "size": "114", "side": "BUY", "hash": "0c3d7219eae64ab1a5a177b36504d400cadc7826", "best_bid": "0.67", "best_ask": "0.69"}, {"asset_id": "84029777003909342227379822310104210539848067052992131413904452673946019637804", "price": "0.34", "size": "114", "side": "SELL", "hash": "b6821e3f05b1f4915e9f5e6cfc424545da01367b", "best_bid": "0.31", "best_ask": "0.33"}], "timestamp": "1769384082884", "event_type": "price_change"}}
{"_local_timestamp": "2026-01-25T23:35:06.022399+00:00", "data": {"market": "0xfc142b3bae6a0b9c44ef174e7fef583c7861cc8b6f10296ae40f8528c2b72160", "price_changes": [{"asset_id": "3435875803090998587046928262280358296607792983665623441644106846759730625038", "price": "0.18", "size": "2332", "side": "BUY", "hash": "422047519e53b22a5793a9485bb45126c13a156b", "best_bid": "0.67", "best_ask": "0.69"}, {"asset_id": "84029777003909342227379822310104210539848067052992131413904452673946019637804", "price": "0.82", "size": "2332", "side": "SELL", "hash": "34e64a55fb3f9fd01fb22cdbe8498c30e8b016da", "best_bid": "0.31", "best_ask": "0.33"}], "timestamp": "1769384105951", "event_type": "price_change"}}
