{"_local_timestamp": "2026-01-25T23:33:17.010320+00:00", "data": [{"market": "0x3061dcc85903c2700dffd529e0fbd9b0023c3b481324cd0276d5399f9dace5dc", "asset_id": "78453865954536643710017153843673830010373935401063241006664722462398084283536", "timestamp": "1769383918401", "hash": "266b8471dd0d845c53d24ac12cfc3d8874dd557c", "bids": [{"price": "0.01", "size": "5529.73"}, {"price": "0.02", "size": "2884.61"}, {"price": "0.03", "size": "10.16"}, {"price": "0.04", "size": "200.4"}, {"price": "0.05", "size": "20"}, {"price": "0.06", "size": "94.53"}, {"price": "0.07", "size": "57.14"}, {"price": "0.08", "size": "46.15"}, {"price": "0.09", "size": "1200"}, {"price": "0.1", "size": "5.97"}, {"price": "0.11", "size": "346.3"}, {"price": "0.14", "size": "792.85"}, {"price": "0.15", "size": "24.61"}, {"price": "0.18", "size": "22.34"}, {"price": "0.19", "size": "637.85"}, {"price": "0.2", "size": "20"}, {"price": "0.24", "size": "416.66"}, {"price": "0.25", "size": "185.4"}, {"price": "0.27", "size": "14.81"}, {"price": "0.29", "size": "189.65"}, {"price": "0.3", "size": "12.3"}, {"price": "0.31", "size": "12.9"}, {"price": "0.33", "size": "72.72"}, {"price": "0.34", "size": "11.76"}, {"price": "0.38", "size": "177.63"}, {"price": "0.39", "size": "15.25"}, {"price": "0.4", "size": "9.23"}, {"price": "0.41", "size": "9.75"}, {"price": "0.75", "size": "37.12"}, {"price": "0.81", "size": "49.5"}, {"price": "0.83", "size": "6"}, {"price": "0.85", "size": "200"}, {"price": "0.86", "size": "174.98"}, {"price": "0.87", "size": "1006"}, {"price": "0.88", "size": "66.66"}, {"price": "0.89", "size": "101.56"}, {"price": "0.9", "size": "66.66"}], "asks": [{"price": "0.99", "size": "80"}, {"price": "0.98", "size": "521.49"}, {"price": "0.97", "size": "250"}, {"price": "0.96", "size": "13.97"}, {"price": "0.95", "size": "122.5"}, {"price": "0.94", "size": "112.18"}, {"price": "0.93", "size": "652.09"}], "event_type": "book", "last_trade_price": "0.930"}, {"market": "0x3061dcc85903c2700dffd529e0fbd9b0023c3b481324cd0276d5399f9dace5dc", "asset_id": "70584222105672215743914509614198676449757016746323593572033490884974443841053", "timestamp": "1769383918401", "hash": "00194c87737b75f50636aad9f204f7571beda4b4", "bids": [{"price": "0.01", "size": "80"}, {"price": "0.02", "size": "521.49"}, {"price": "0.03", "size": "250"}, {"price": "0.04", "size": "13.97"}, {"price": "0.05", "size": "122.5"}, {"price": "0.06", "size": "112.18"}, {"price": "0.07", "size": "652.09"}], "asks": [{"price": "0.99", "size": "5529.73"}, {"price": "0.98", "size": "2884.61"}, {"price": "0.97", "size": "10.16"}, {"price": "0.96", "size": "200.4"}, {"price": "0.95", "size": "20"}, {"price": "0.94", "size": "94.53"}, {"price": "0.93", "size": "57.14"}, {"price": "0.92", "size": "46.15"}, {"price": "0.91", "size": "1200"}, {"price": "0.9", "size": "5.97"}, {"price": "0.89", "size": "346.3"}, {"price": "0.86", "size": "792.85"}, {"price": "0.85", "size": "24.61"}, {"price": "0.82", "size": "22.34"}, {"price": "0.81", "size": "637.85"}, {"price": "0.8", "size": "20"}, {"price": "0.76", "size": "416.66"}, {"price": "0.75", "size": "185.4"}, {"price": "0.73", "size": "14.81"}, {"price": "0.71", "size": "189.65"}, {"price": "0.7", "size": "12.3"}, {"price": "0.69", "size": "12.9"}, {"price": "0.67", "size": "72.72"}, {"price": "0.66", "size": "11.76"}, {"price": "0.62", "size": "177.63"}, {"price": "0.61", "size": "15.25"}, {"price": "0.6", "size": "9.23"}, {"price": "0.59", "size": "9.75"}, {"price": "0.25", "size": "37.12"}, {"price": "0.19", "size": "49.5"}, {"price": "0.17", "size": "6"}, {"price": "0.15", "size": "200"}, {"price": "0.14", "size": "174.98"}, {"price": "0.13", "size": "1006"}, {"price": "0.12", "size": "66.66"}, {"price": "0.11", "size": "101.56"}, {"price": "0.1", "size": "66.66"}], "event_type": "book", "last_trade_price": "0.930"}]}
{"_local_timestamp": "2026-01-25T23:33:34.523755+00:00", "data": {"market": "0x3061dcc85903c2700dffd529e0fbd9b0023c3b481324cd0276d5399f9dace5dc", "price_changes": [{"asset_id": "78453865954536643710017153843673830010373935401063241006664722462398084283536", "price": "0.02", "size": "2700", "side": "BUY", "hash": "f6ee3c1aba5686ea97dddde560cb74207992a26e", "best_bid": "0.9", "best_ask": "0.93"}, {"asset_id": "70584222105672215743914509614198676449757016746323593572033490884974443841053", "price": "0.98", "size": "2700", "side": "SELL", "hash": "2f15b71d70444de8b7f01f41b26245b0ddc28718", "best_bid": "0.07", "best_ask": "0.1"}], "timestamp": "1769384014444", "event_type": "price_change"}}
{"_local_timestamp": "2026-01-25T23:33:34.724460+00:00", "data": {"market": "0x3061dcc85903c2700dffd529e0fbd9b0023c3b481324cd0276d5399f9dace5dc", "price_changes": [{"asset_id": "78453865954536643710017153843673830010373935401063241006664722462398084283536", "price": "0.02", "size": "2871.42", "side": "BUY", "hash": "828548b0c80461a86cd42204e0cae674cc78dae7", "best_bid": "0.9", "best_ask": "0.93"}, {"asset_id": "70584222105672215743914509614198676449757016746323593572033490884974443841053", "price": "0.98", "size": "2871.42", "side": "SELL", "hash": "d6a1c3ab2b2189c7231a7bc92f66b92050cff2ee", "best_bid": "0.07", "best_ask": "0.1"}], "timestamp": "1769384014650", "event_type": "price_change"}}
{"_local_timestamp": "2026-01-25T23:33:34.915415+00:00", "data": {"market": "0x3061dcc85903c2700dffd529e0fbd9b0023c3b481324cd0276d5399f9dace5dc", "price_changes": [{"asset_id": "78453865954536643710017153843673830010373935401063241006664722462398084283536", "price": "0.04", "size": "108.1", "side": "BUY", "hash": "de870054f69f3f05dc2fbae0651154ee763e10b3", "best_bid": "0.9", "best_ask": "0.93"}, {"asset_id": "70584222105672215743914509614198676449757016746323593572033490884974443841053", "price": "0.96", "size": "108.1", "side": "SELL", "hash": "5e4ea63d44da4939a7ec5a2162cea24dac8f4a48", "best_bid": "0.07", "best_ask": "0.1"}], "timestamp": "1769384014838", "event_type": "price_change"}}
{"_local_timestamp": "2026-01-25T23:33:35.152865+00:00", "data": {"market": "0x3061dcc85903c2700dffd529e0fbd9b0023c3b481324cd0276d5399f9dace5dc", "price_changes": [{"asset_id": "78453865954536643710017153843673830010373935401063241006664722462398084283536", "price": "0.04", "size": "193.81", "side": "BUY", "hash": "189cc3440af67bc623a5b139c75eefdd196c758b", "best_bid": "0.9", "best_ask": "0.93"}, {"asset_id": "70584222105672215743914509614198676449757016746323593572033490884974443841053", "price": "0.96", "size": "193.81", "side": "SELL", "hash": "277d01ea4860eb35b95df2f86e68b5fb4a777563", "best_bid": "0.07", "best_ask": "0.1"}], "timestamp": "1769384015083", "event_type": "price_change"}}
{"_local_timestamp": "2026-01-25T23:33:35.374684+00:00", "data": {"market": "0x3061dcc85903c2700dffd529e0fbd9b0023c3b481324cd0276d5399f9dace5dc", "price_changes": [{"asset_id": "78453865954536643710017153843673830010373935401063241006664722462398084283536", "price": "0.06", "size": "33", "side": "BUY", "hash": "48c309b0d93033bfc05d6b82f32ccd873a03731d", "best_bid": "0.9", "best_ask": "0.93"}, {"asset_id": "70584222105672215743914509614198676449757016746323593572033490884974443841053", "price": "0.94", "size": "33", "side": "SELL", "hash": "6e5e928aaea7ba873549d1d96785151c02d493a6", "best_bid": "0.07", "best_ask": "0.1"}], "timestamp": "1769384015290", "event_type": "price_change"}}
{"_local_timestamp": "2026-01-25T23:33:35.568706+00:00", "data": {"market": "0x3061dcc85903c2700dffd529e0fbd9b0023c3b481324cd0276d5399f9dace5dc", "price_changes": [{"asset_id": "78453865954536643710017153843673830010373935401063241006664722462398084283536", "price": "0.06", "size": "90.14", "side": "BUY", "hash": "16580c1d8895145f1c32fe2b137b4c8878cd491c", "best_bid": "0.9", "best_ask": "0.93"}, {"asset_id": "70584222105672215743914509614198676449757016746323593572033490884974443841053", "price": "0.94", "size": "90.14", "side": "SELL", "hash": "23d4e33b47b85255809e15f33547b138d7d43e10", "best_bid": "0.07", "best_ask": "0.1"}], "timestamp": "1769384015497", "event_type": "price_change"}}
{"_local_timestamp": "2026-01-25T23:33:35.748001+00:00", "data": {"market": "0x3061dcc85903c2700dffd529e0fbd9b0023c3b481324cd0276d5399f9dace5dc", "price_changes": [{"asset_id": "78453865954536643710017153843673830010373935401063241006664722462398084283536", "price": "0.08", "size": "0", "side": "BUY", "hash": "1b921fef2ca9a257e42aba566936fdc429b42d7c", "best_bid": "0.9", "best_ask": "0.93"}, {"asset_id": "70584222105672215743914509614198676449757016746323593572033490884974443841053", "price": "0.92", "size": "0", "side": "SELL", "hash": "3ffc9e810a0150a3e9f28f109a3572e652db5743", "best_bid": "0.07", "best_ask": "0.1"}], "timestamp": "1769384015676", "event_type": "price_change"}}
{"_local_timestamp": "2026-01-25T23:33:35.948633+00:00", "data": {"market": "0x3061dcc85903c2700dffd529e0fbd9b0023c3b481324cd0276d5399f9dace5dc", "price_changes": [{"asset_id": "78453865954536643710017153843673830010373935401063241006664722462398084283536", "price": "0.08", "size": "42.85", "side": "BUY", "hash": "e320dd89d6ae80949f353467ec663216295d4fab", "best_bid": "0.9", "best_ask": "0.93"}, {"asset_id": "70584222105672215743914509614198676449757016746323593572033490884974443841053", "price": "0.92", "size": "42.85", "side": "SELL", "hash": "e52d336b1f4b7a7006064fed9481a0e069ddb52a", "best_bid": "0.07", "best_ask": "0.1"}], "timestamp": "1769384015877", "event_type": "price_change"}}
{"_local_timestamp": "2026-01-25T23:33:36.368326+00:00", "data": {"market": "0x3061dcc85903c2700dffd529e0fbd9b0023c3b481324cd0276d5399f9dace5dc", "price_changes": [{"asset_id": "78453865954536643710017153843673830010373935401063241006664722462398084283536", "price": "0.11", "size": "319.03", "side": "BUY", "hash": "abc9ad65418d73db60710d260481c14c8cc55380", "best_bid": "0.9", "best_ask": "0.93"}, {"asset_id": "70584222105672215743914509614198676449757016746323593572033490884974443841053", "price": "0.89", "size": "319.03", "side": "SELL", "hash": "b622bd6f2f490775a2733865b17bed015fdc1a10", "best_bid": "0.07", "best_ask": "0.1"}], "timestamp": "1769384016291", "event_type": "price_change"}}
{"_local_timestamp": "2026-01-25T23:33:36.607534+00:00", "data": {"market": "0x3061dcc85903c2700dffd529e0fbd9b0023c3b481324cd0276d5399f9dace5dc", "price_changes": [{"asset_id": "78453865954536643710017153843673830010373935401063241006664722462398084283536", "price": "0.11", "size": "350.19", "side": "BUY", "hash": "71f5a9fc02bc42d26091d0e8ba0978a2ea8d3bad", "best_bid": "0.9", "best_ask": "0.93"}, {"asset_id": "70584222105672215743914509614198676449757016746323593572033490884974443841053", "price": "0.89", "size": "350.19", "side": "SELL", "hash": "764bf582d5a3644c3b60e6cd8aadebd1a0fc0ac2", "best_bid": "0.07", "best_ask": "0.1"}], "timestamp": "1769384016531", "event_type": "price_change"}}
{"_local_timestamp": "2026-01-25T23:33:36.825657+00:00", "data": {"market": "0x3061dcc85903c2700dffd529e0fbd9b0023c3b481324cd0276d5399f9dace5dc", "price_changes": [{"asset_id": "78453865954536643710017153843673830010373935401063241006664722462398084283536", "price": "0.15", "size": "0", "side": "BUY", "hash": "6de81b355d8e508ece787aef0096ddb16410e2d2", "best_bid": "0.9", "best_ask": "0.93"}, {"asset_id": "70584222105672215743914509614198676449757016746323593572033490884974443841053", "price": "0.85", "size": "0", "side": "SELL", "hash": "4940890375d5a67323b9e191e96970d6b83d9a9e", "best_bid": "0.07", "best_ask": "0.1"}], "timestamp": "1769384016749", "event_type": "price_change"}}
{"_local_timestamp": "2026-01-25T23:33:37.032764+00:00", "data": {"market": "0x3061dcc85903c2700dffd529e0fbd9b0023c3b481324cd0276d5399f9dace5dc", "price_changes": [{"asset_id": "78453865954536643710017153843673830010373935401063241006664722462398084283536", "price": "0.15", "size": "22.85", "side": "BUY", "hash": "fa639a4b00be2726151247f2ba9cb39fdbaef470", "best_bid": "0.9", "best_ask": "0.93"}, {"asset_id": "70584222105672215743914509614198676449757016746323593572033490884974443841053", "price": "0.85", "size": "22.85", "side": "SELL", "hash": "e1934a5a25b144d122880630ce5e40d3b1c24a67", "best_bid": "0.07", "best_ask": "0.1"}], "timestamp": "1769384016962", "event_type": "price_change"}}
{"_local_timestamp": "2026-01-25T23:33:37.221746+00:00", "data": {"market": "0x3061dcc85903c2700dffd529e0fbd9b0023c3b481324cd0276d5399f9dace5dc", "price_changes": [{"asset_id": "78453865954536643710017153843673830010373935401063241006664722462398084283536", "price": "0.19", "size": "618.42", "side": "BUY", "hash": "28c8034069a959ea4ac552bcbb80a2a0126c6956", "best_bid": "0.9", "best_ask": "0.93"}, {"asset_id": "70584222105672215743914509614198676449757016746323593572033490884974443841053", "price": "0.81", "size": "618.42", "side": "SELL", "hash": "1ea468a31dc09555ce60d6aa4ec9a61e14be7cbd", "best_bid": "0.07", "best_ask": "0.1"}], "timestamp": "1769384017154", "event_type": "price_change"}}
{"_local_timestamp": "2026-01-25T23:33:37.490132+00:00", "data": {"market": "0x3061dcc85903c2700dffd529e0fbd9b0023c3b481324cd0276d5399f9dace5dc", "price_changes": [{"asset_id": "78453865954536643710017153843673830010373935401063241006664722462398084283536", "price": "0.19", "size": "636.46", "side": "BUY", "hash": "1e9bae54312008c3a6049afb2eeac24e03396b3d", "best_bid": "0.9", "best_ask": "0.93"}, {"asset_id": "70584222105672215743914509614198676449757016746323593572033490884974443841053", "price": "0.81", "size": "636.46", "side": "SELL", "hash": "fac261fbbb6dcf7041a772d97838d9af203514bd", "best_bid": "0.07", "best_ask": "0.1"}], "timestamp": "1769384017385", "event_type": "price_change"}}
{"_local_timestamp": "2026-01-25T23:33:38.239551+00:00", "data": {"market": "0x3061dcc85903c2700dffd529e0fbd9b0023c3b481324cd0276d5399f9dace5dc", "price_changes": [{"asset_id": "78453865954536643710017153843673830010373935401063241006664722462398084283536", "price": "0.3", "size": "0", "side": "BUY", "hash": "a3533934b6619deb4162b2c66bad74487c2fc1a9", "best_bid": "0.9", "best_ask": "0.93"}, {"asset_id": "70584222105672215743914509614198676449757016746323593572033490884974443841053", "price": "0.7", "size": "0", "side": "SELL", "hash": "0af7c91e6d3b4a9a46e999b480dc6193a068f8c9", "best_bid": "0.07", "best_ask": "0.1"}], "timestamp": "1769384018171", "event_type": "price_change"}}
{"_local_timestamp": "2026-01-25T23:33:38.495702+00:00", "data": {"market": "0x3061dcc85903c2700dffd529e0fbd9b0023c3b481324cd0276d5399f9dace5dc", "price_changes": [{"asset_id": "78453865954536643710017153843673830010373935401063241006664722462398084283536", "price": "0.3", "size": "11.42", "side": "BUY", "hash": "847ae836b0a8f6088121873c936843c6ee00ff33", "best_bid": "0.9", "best_ask": "0.93"}, {"asset_id": "70584222105672215743914509614198676449757016746323593572033490884974443841053", "price": "0.7", "size": "11.42", "side": "SELL", "hash": "a49f648b0fbd7f282cee687f857b1a600cbb852a", "best_bid": "0.07", "best_ask": "0.1"}], "timestamp": "1769384018420", "event_type": "price_change"}}
{"_local_timestamp": "2026-01-25T23:33:38.704701+00:00", "data": {"market": "0x3061dcc85903c2700dffd529e0fbd9b0023c3b481324cd0276d5399f9dace5dc", "price_changes": [{"asset_id": "78453865954536643710017153843673830010373935401063241006664722462398084283536", "price": "0.4", "size": "0", "side": "BUY", "hash": "48ab216451113d2677c3e8987733d77440c7e81e", "best_bid": "0.9", "best_ask": "0.93"}, {"asset_id": "70584222105672215743914509614198676449757016746323593572033490884974443841053", "price": "0.6", "size": "0", "side": "SELL", "hash": "34b828c9e8e0b8741371e18290f9e68fe4859913", "best_bid": "0.07", "best_ask": "0.1"}], "timestamp": "1769384018638", "event_type": "price_change"}}
{"_local_timestamp": "2026-01-25T23:33:38.914800+00:00", "data": {"market": "0x3061dcc85903c2700dffd529e0fbd9b0023c3b481324cd0276d5399f9dace5dc", "price_changes": [{"asset_id": "78453865954536643710017153843673830010373935401063241006664722462398084283536", "price": "0.4", "size": "8.57", "side": "BUY", "hash": "fc76e5be6438dab70466f766a11e8f278a12615e", "best_bid": "0.9", "best_ask": "0.93"}, {"asset_id": "70584222105672215743914509614198676449757016746323593572033490884974443841053", "price": "0.6", "size": "8.57", "side": "SELL", "hash": "ebb0a664aded6788288923cf549fb754694ae5db", "best_bid": "0.07", "best_ask": "0.1"}], "timestamp": "1769384018841", "event_type": "price_change"}}
