{"_local_timestamp": "2026-01-25T23:33:17.010320+00:00", "data": [{"market": "0x3061dcc85903c2700dffd529e0fbd9b0023c3b481324cd0276d5399f9dace5dc", "asset_id": "78453865954536643710017153843673830010373935401063241006664722462398084283536", "timestamp": "1769383918401", "hash": "266b8471dd0d845c53d24ac12cfc3d8874dd557c", "bids": [{"price": "0.01", "size": "5529.73"}, {"price": "0.02", "size": "2884.61"}, {"price": "0.03", "size": "10.16"}, {"price": "0.04", "size": "200.4"}, {"price": "0.05", "size": "20"}, {"price": "0.06", "size": "94.53"}, {"price": "0.07", "size": "57.14"}, {"price": "0.08", "size": "46.15"}, {"price": "0.09", "size": "1200"}, {"price": "0.1", "size": "5.97"}, {"price": "0.11", "size": "346.3"}, {"price": "0.14", "size": "792.85"}, {"price": "0.15", "size": "24.61"}, {"price": "0.18", "size": "22.34"}, {"price": "0.19", "size": "637.85"}, {"price": "0.2", "size": "20"}, {"price": "0.24", "size": "416.66"}, {"price": "0.25", "size": "185.4"}, {"price": "0.27", "size": "14.81"}, {"price": "0.29", "size": "189.65"}, {"price": "0.3", "size": "12.3"}, {"price": "0.31", "size": "12.9"}, {"price": "0.33", "size": "72.72"}, {"price": "0.34", "size": "11.76"}, {"price": "0.38", "size": "177.63"}, {"price": "0.39", "size": "15.25"}, {"price": "0.4", "size": "9.23"}, {"price": "0.41", "size": "9.75"}, {"price": "0.75", "size": "37.12"}, {"price": "0.81", "size": "49.5"}, {"price": "0.83", "size": "6"}, {"price": "0.85", "size": "200"}, {"price": "0.86", "size": "174.98"}, {"price": "0.87", "size": "1006"}, {"price": "0.88", "size": "66.66"}, {"price": "0.89", "size": "101.56"}, {"price": "0.9", "size": "66.66"}], "asks": [{"price": "0.99", "size": "80"}, {"price": "0.98", "size": "521.49"}, {"price": "0.97", "size": "250"}, {"price": "0.96", "size": "13.97"}, {"price": "0.95", "size": "122.5"}, {"price": "0.94", "size": "112.18"}, {"price": "0.93", "size": "652.09"}], "event_type": "book", "last_trade_price": "0.930"}, {"market": "0x3061dcc85903c2700dffd529e0fbd9b0023c3b481324cd0276d5399f9dace5dc", "asset_id": "70584222105672215743914509614198676449757016746323593572033490884974443841053", "timestamp": "1769383918401", "hash": "00194c87737b75f50636aad9f204f7571beda4b4", "bids": [{"price": "0.01", "size": "80"}, {"price": "0.02", "size": "521.49"}, {"price": "0.03", "size": "250"}, {"price": "0.04", "size": "13.97"}, {"price": "0.05", "size": "122.5"}, {"price": "0.06", "size": "112.18"}, {"price": "0.07", "size": "652.09"}], "asks": [{"price": "0.99", "size": "5529.73"}, {"price": "0.98", "size": "2884.61"}, {"price": "0.97", "size": "10.16"}, {"price": "0.96", "size": "200.4"}, {"price": "0.95", "size": "20"}, {"price": "0.94", "size": "94.53"}, {"price": "0.93", "size": "57.14"}, {"price": "0.92", "size": "46.15"}, {"price": "0.91", "size": "1200"}, {"price": "0.9", "size": "5.97"}, {"price": "0.89", "size": "346.3"}, {"price": "0.86", "size": "792.85"}, {"price": "0.85", "size": "24.61"}, {"price": "0.82", "size": "22.34"}, {"price": "0.81", "size": "637.85"}, {"price": "0.8", "size": "20"}, {"price": "0.76", "size": "416.66"}, {"price": "0.75", "size": "185.4"}, {"price": "0.73", "size": "14.81"}, {"price": "0.71", "size": "189.65"}, {"price": "0.7", "size": "12.3"}, {"price": "0.69", "size": "12.9"}, {"price": "0.67", "size": "72.72"}, {"price": "0.66", "size": "11.76"}, {"price": "0.62", "size": "177.63"}, {"price": "0.61", "size": "15.25"}, {"price": "0.6", "size": "9.23"}, {"price": "0.59", "size": "9.75"}, {"price": "0.25", "size": "37.12"}, {"price": "0.19", "size": "49.5"}, {"price": "0.17", "size": "6"}, {"price": "0.15", "size": "200"}, {"price": "0.14", "size": "174.98"}, {"price": "0.13", "size": "1006"}, {"price": "0.12", "size": "66.66"}, {"price": "0.11", "size": "101.56"}, {"price": "0.1", "size": "66.66"}], "event_type": "book", "last_trade_price": "0.930"}]}
{"_local_timestamp": "2026-01-25T23:33:34.523755+00:00", "data": {"market": "0x3061dcc85903c2700dffd529e0fbd9b0023c3b481324cd0276d5399f9dace5dc", "price_changes": [{"asset_id": "78453865954536643710017153843673830010373935401063241006664722462398084283536", "price": "0.02", "size": "2700", "side": "BUY", "hash": "f6ee3c1aba5686ea97dddde560cb74207992a26e", "best_bid": "0.9", "best_ask": "0.93"}, {"asset_id": "70584222105672215743914509614198676449757016746323593572033490884974443841053", "price": "0.98", "size": "2700", "side": "SELL", "hash": "2f15b71d70444de8b7f01f41b26245b0ddc28718", "best_bid": "0.07", "best_ask": "0.1"}], "timestamp": "1769384014444", "event_type": "price_change"}}
{"_local_timestamp": "2026-01-25T23:33:34.724460+00:00", "data": {"market": "0x3061dcc85903c2700dffd529e0fbd9b0023c3b481324cd0276d5399f9dace5dc", "price_changes": [{"asset_id": "78453865954536643710017153843673830010373935401063241006664722462398084283536", "price": "0.02", "size": "2871.42", "side": "BUY", "hash": "828548b0c80461a86cd42204e0cae674cc78dae7", "best_bid": "0.9", "best_ask": "0.93"}, {"asset_id": "70584222105672215743914509614198676449757016746323593572033490884974443841053", "price": "0.98", "size": "2871.42", "side": "SELL", "hash": "d6a1c3ab2b2189c7231a7bc92f66b92050cff2ee", "best_bid": "0.07", "best_ask": "0.1"}], "timestamp": "1769384014650", "event_type": "price_change"}}
{"_local_timestamp": "2026-01-25T23:33:34.915415+00:00", "data": {"market": "0x3061dcc85903c2700dffd529e0fbd9b0023c3b481324cd0276d5399f9dace5dc", "price_changes": [{"asset_id": "78453865954536643710017153843673830010373935401063241006664722462398084283536", "price": "0.04", "size": "108.1", "side": "BUY", "hash": "de870054f69f3f05dc2fbae0651154ee763e10b3", "best_bid": "0.9", "best_ask": "0.93"}, {"asset_id": "70584222105672215743914509614198676449757016746323593572033490884974443841053", "price": "0.96", "size": "108.1", "side": "SELL", "hash": "5e4ea63d44da4939a7ec5a2162cea24dac8f4a48", "best_bid": "0.07", "best_ask": "0.1"}], "timestamp": "1769384014838", "event_type": "price_change"}}
{"_local_timestamp": "2026-01-25T23:33:35.152865+00:00", "data": {"market": "0x3061dcc85903c2700dffd529e0fbd9b0023c3b481324cd0276d5399f9dace5dc", "price_changes": [{"asset_id": "78453865954536643710017153843673830010373935401063241006664722462398084283536", "price": "0.04", "size": "193.81", "side": "BUY", "hash": "189cc3440af67bc623a5b139c75eefdd196c758b", "best_bid": "0.9", "best_ask": "0.93"}, {"asset_id": "70584222105672215743914509614198676449757016746323593572033490884974443841053", "price": "0.96", "size": "193.81", "side": "SELL", "hash": "277d01ea4860eb35b95df2f86e68b5fb4a777563", "best_bid": "0.07", "best_ask": "0.1"}], "timestamp": "1769384015083", "event_type": "price_change"}}
{"_local_timestamp": "2026-01-25T23:33:35.374684+00:00", "data": {"market": "0x3061dcc85903c2700dffd529e0fbd9b0023c3b481324cd0276d5399f9dace5dc", "price_changes": [{"asset_id": "78453865954536643710017153843673830010373935401063241006664722462398084283536", "price": "0.06", "size": "33", "side": "BUY", "hash": "48c309b0d93033bfc05d6b82f32ccd873a03731d", "best_bid": "0.9", "best_ask": "0.93"}, {"asset_id": "70584222105672215743914509614198676449757016746323593572033490884974443841053", "price": "0.94", "size": "33", "side": "SELL", "hash": "6e5e928aaea7ba873549d1d96785151c02d493a6", "best_bid": "0.07", "best_ask": "0.1"}], "timestamp": "1769384015290", "event_type": "price_change"}}
{"_local_timestamp": "2026-01-25T23:33:35.568706+00:00", "data": {"market": "0x3061dcc85903c2700dffd529e0fbd9b0023c3b481324cd0276d5399f9dace5dc", "price_changes": [{"asset_id": "78453865954536643710017153843673830010373935401063241006664722462398084283536", "price": "0.06", "size": "90.14", "side": "BUY", "hash": "16580c1d8895145f1c32fe2b137b4c8878cd491c", "best_bid": "0.9", "best_ask": "0.93"}, {"asset_id": "70584222105672215743914509614198676449757016746323593572033490884974443841053", "price": "0.94", "size": "90.14", "side": "SELL", "hash": "23d4e33b47b85255809e15f33547b138d7d43e10", "best_bid": "0.07", "best_ask": "0.1"}], "timestamp": "1769384015497", "event_type": "price_change"}}
{"_local_timestamp": "2026-01-25T23:33:35.748001+00:00", "data": {"market": "0x3061dcc85903c2700dffd529e0fbd9b0023c3b481324cd0276d5399f9dace5dc", "price_changes": [{"asset_id": "78453865954536643710017153843673830010373935401063241006664722462398084283536", "price": "0.08", "size": "0", "side": "BUY", "hash": "1b921fef2ca9a257e42aba566936fdc429b42d7c", "best_bid": "0.9", "best_ask": "0.93"}, {"asset_id": "70584222105672215743914509614198676449757016746323593572033490884974443841053", "price": "0.92", "size": "0", "side": "SELL", "hash": "3ffc9e810a0150a3e9f28f109a3572e652db5743", "best_bid": "0.07", "best_ask": "0.1"}], "timestamp": "1769384015676", "event_type": "price_change"}}
{"_local_timestamp": "2026-01-25T23:33:35.948633+00:00", "data": {"market": "0x3061dcc85903c2700dffd529e0fbd9b0023c3b481324cd0276d5399f9dace5dc", "price_changes": [{"asset_id": "78453865954536643710017153843673830010373935401063241006664722462398084283536", "price": "0.08", "size": "42.85", "side": "BUY", "hash": "e320dd89d6ae80949f353467ec663216295d4fab", "best_bid": "0.9", "best_ask": "0.93"}, {"asset_id": "70584222105672215743914509614198676449757016746323593572033490884974443841053", "price": "0.92", "size": "42.85", "side": "SELL", "hash": "e52d336b1f4b7a7006064fed9481a0e069ddb52a", "best_bid": "0.07", "best_ask": "0.1"}], "timestamp": "1769384015877", "event_type": "price_change"}}
{"_local_timestamp": "2026-01-25T23:33:36.368326+00:00", "data": {"market": "0x3061dcc85903c2700dffd529e0fbd9b0023c3b481324cd0276d5399f9dace5dc", "price_changes": [{"asset_id": "78453865954536643710017153843673830010373935401063241006664722462398084283536", "price": "0.11", "size": "319.03", "side": "BUY", "hash": "abc9ad65418d73db60710d260481c14c8cc55380", "best_bid": "0.9", "best_ask": "0.93"}, {"asset_id": "70584222105672215743914509614198676449757016746323593572033490884974443841053", "price": "0.89", "size": "319.03", "side": "SELL", "hash": "b622bd6f2f490775a2733865b17bed015fdc1a10", "best_bid": "0.07", "best_ask": "0.1"}], "timestamp": "1769384016291", "event_type": "price_change"}}
{"_local_timestamp": "2026-01-25T23:33:36.607534+00:00", "data": {"market": "0x3061dcc85903c2700dffd529e0fbd9b0023c3b481324cd0276d5399f9dace5dc", "price_changes": [{"asset_id": "78453865954536643710017153843673830010373935401063241006664722462398084283536", "price": "0.11", "size": "350.19", "side": "BUY", "hash": "71f5a9fc02bc42d26091d0e8ba0978a2ea8d3bad", "best_bid": "0.9", "best_ask": "0.93"}, {"asset_id": "70584222105672215743914509614198676449757016746323593572033490884974443841053", "price": "0.89", "size": "350.19", "side": "SELL", "hash": "764bf582d5a3644c3b60e6cd8aadebd1a0fc0ac2", "best_bid": "0.07", "best_ask": "0.1"}], "timestamp": "1769384016531", "event_type": "price_change"}}
{"_local_timestamp": "2026-01-25T23:33:36.825657+00:00", "data": {"market": "0x3061dcc85903c2700dffd529e0fbd9b0023c3b481324cd0276d5399f9dace5dc", "price_changes": [{"asset_id": "78453865954536643710017153843673830010373935401063241006664722462398084283536", "price": "0.15", "size": "0", "side": "BUY", "hash": "6de81b355d8e508ece787aef0096ddb16410e2d2", "best_bid": "0.9", "best_ask": "0.93"}, {"asset_id": "70584222105672215743914509614198676449757016746323593572033490884974443841053", "price": "0.85", "size": "0", "side": "SELL", "hash": "4940890375d5a67323b9e191e96970d6b83d9a9e", "best_bid": "0.07", "best_ask": "0.1"}], "timestamp": "1769384016749", "event_type": "price_change"}}
{"_local_timestamp": "2026-01-25T23:33:37.032764+00:00", "data": {"market": "0x3061dcc85903c2700dffd529e0fbd9b0023c3b481324cd0276d5399f9dace5dc", "price_changes": [{"asset_id": "78453865954536643710017153843673830010373935401063241006664722462398084283536", "price": "0.15", "size": "22.85", "side": "BUY", "hash": "fa639a4b00be2726151247f2ba9cb39fdbaef470", "best_bid": "0.9", "best_ask": "0.93"}, {"asset_id": "70584222105672215743914509614198676449757016746323593572033490884974443841053", "price": "0.85", "size": "22.85", "side": "SELL", "hash": "e1934a5a25b144d122880630ce5e40d3b1c24a67", "best_bid": "0.07", "best_ask": "0.1"}], "timestamp": "1769384016962", "event_type": "price_change"}}
{"_local_timestamp": "2026-01-25T23:33:37.221746+00:00", "data": {"market": "0x3061dcc85903c2700dffd529e0fbd9b0023c3b481324cd0276d5399f9dace5dc", "price_changes": [{"asset_id": "78453865954536643710017153843673830010373935401063241006664722462398084283536", "price": "0.19", "size": "618.42", "side": "BUY", "hash": "28c8034069a959ea4ac552bcbb80a2a0126c6956", "best_bid": "0.9", "best_ask": "0.93"}, {"asset_id": "70584222105672215743914509614198676449757016746323593572033490884974443841053", "price": "0.81", "size": "618.42", "side": "SELL", "hash": "1ea468a31dc09555ce60d6aa4ec9a61e14be7cbd", "best_bid": "0.07", "best_ask": "0.1"}], "timestamp": "1769384017154", "event_type": "price_change"}}
{"_local_timestamp": "2026-01-25T23:33:37.490132+00:00", "data": {"market": "0x3061dcc85903c2700dffd529e0fbd9b0023c3b481324cd0276d5399f9dace5dc", "price_changes": [{"asset_id": "78453865954536643710017153843673830010373935401063241006664722462398084283536", "price": "0.19", "size": "636.46", "side": "BUY", "hash": "1e9bae54312008c3a6049afb2eeac24e03396b3d", "best_bid": "0.9", "best_ask": "0.93"}, {"asset_id": "70584222105672215743914509614198676449757016746323593572033490884974443841053", "price": "0.81", "size": "636.46", "side": "SELL", "hash": "fac261fbbb6dcf7041a772d97838d9af203514bd", "best_bid": "0.07", "best_ask": "0.1"}], "timestamp": "1769384017385", "event_type": "price_change"}}
{"_local_timestamp": "2026-01-25T23:33:38.239551+00:00", "data": {"market": "0x3061dcc85903c2700dffd529e0fbd9b0023c3b481324cd0276d5399f9dace5dc", "price_changes": [{"asset_id": "78453865954536643710017153843673830010373935401063241006664722462398084283536", "price": "0.3", "size": "0", "side": "BUY", "hash": "a3533934b6619deb4162b2c66bad74487c2fc1a9", "best_bid": "0.9", "best_ask": "0.93"}, {"asset_id": "70584222105672215743914509614198676449757016746323593572033490884974443841053", "price": "0.7", "size": "0", "side": "SELL", "hash": "0af7c91e6d3b4a9a46e999b480dc6193a068f8c9", "best_bid": "0.07", "best_ask": "0.1"}], "timestamp": "1769384018171", "event_type": "price_change"}}
{"_local_timestamp": "2026-01-25T23:33:38.495702+00:00", "data": {"market": "0x3061dcc85903c2700dffd529e0fbd9b0023c3b481324cd0276d5399f9dace5dc", "price_changes": [{"asset_id": "78453865954536643710017153843673830010373935401063241006664722462398084283536", "price": "0.3", "size": "11.42", "side": "BUY", "hash": "847ae836b0a8f6088121873c936843c6ee00ff33", "best_bid": "0.9", "best_ask": "0.93"}, {"asset_id": "70584222105672215743914509614198676449757016746323593572033490884974443841053", "price": "0.7", "size": "11.42", "side": "SELL", "hash": "a49f648b0fbd7f282cee687f857b1a600cbb852a", "best_bid": "0.07", "best_ask": "0.1"}], "timestamp": "1769384018420", "event_type": "price_change"}}
{"_local_timestamp": "2026-01-25T23:33:38.704701+00:00", "data": {"market": "0x3061dcc85903c2700dffd529e0fbd9b0023c3b481324cd0276d5399f9dace5dc", "price_changes": [{"asset_id": "78453865954536643710017153843673830010373935401063241006664722462398084283536", "price": "0.4", "size": "0", "side": "BUY", "hash": "48ab216451113d2677c3e8987733d77440c7e81e", "best_bid": "0.9", "best_ask": "0.93"}, {"asset_id": "70584222105672215743914509614198676449757016746323593572033490884974443841053", "price": "0.6", "size": "0", "side": "SELL", "hash": "34b828c9e8e0b8741371e18290f9e68fe4859913", "best_bid": "0.07", "best_ask": "0.1"}], "timestamp": "1769384018638", "event_type": "price_change"}}
{"_local_timestamp": "2026-01-25T23:33:38.914800+00:00", "data": {"market": "0x3061dcc85903c2700dffd529e0fbd9b0023c3b481324cd0276d5399f9dace5dc", "price_changes": [{"asset_id": "78453865954536643710017153843673830010373935401063241006664722462398084283536", "price": "0.4", "size": "8.57", "side": "BUY", "hash": "fc76e5be6438dab70466f766a11e8f278a12615e", "best_bid": "0.9", "best_ask": "0.93"}, {"asset_id": "70584222105672215743914509614198676449757016746323593572033490884974443841053", "price": "0.6", "size": "8.57", "side": "SELL", "hash": "ebb0a664aded6788288923cf549fb754694ae5db", "best_bid": "0.07", "best_ask": "0.1"}], "timestamp": "1769384018841", "event_type": "price_change"}}
{"_local_timestamp": "2026-01-25T23:34:17.446007+00:00", "data": {"market": "0x3061dcc85903c2700dffd529e0fbd9b0023c3b481324cd0276d5399f9dace5dc", "price_changes": [{"asset_id": "78453865954536643710017153843673830010373935401063241006664722462398084283536", "price": "0.18", "size": "0", "side": "BUY", "hash": "d811d014e1241bb1e187ce5be4229730e1da8a5d", "best_bid": "0.9", "best_ask": "0.93"}, {"asset_id": "70584222105672215743914509614198676449757016746323593572033490884974443841053", "price": "0.82", "size": "0", "side": "SELL", "hash": "7ff771f28d5341d2551836b4ba93f14255bba633", "best_bid": "0.07", "best_ask": "0.1"}], "timestamp": "1769384057370", "event_type": "price_change"}}
{"_local_timestamp": "2026-01-25T23:34:17.636422+00:00", "data": {"market": "0x3061dcc85903c2700dffd529e0fbd9b0023c3b481324cd0276d5399f9dace5dc", "price_changes": [{"asset_id": "78453865954536643710017153843673830010373935401063241006664722462398084283536", "price": "0.11", "size": "313.16", "side": "BUY", "hash": "9c9ecdc1f0331cead9305047b0cc4dc6c9e4ce65", "best_bid": "0.9", "best_ask": "0.93"}, {"asset_id": "70584222105672215743914509614198676449757016746323593572033490884974443841053", "price": "0.89", "size": "313.16", "side": "SELL", "hash": "f126f36ee9bfb4d24be7c11e36fb412a021ef5f1", "best_bid": "0.07", "best_ask": "0.1"}], "timestamp": "1769384057572", "event_type": "price_change"}}
{"_local_timestamp": "2026-01-25T23:34:17.826393+00:00", "data": {"market": "0x3061dcc85903c2700dffd529e0fbd9b0023c3b481324cd0276d5399f9dace5dc", "price_changes": [{"asset_id": "78453865954536643710017153843673830010373935401063241006664722462398084283536", "price": "0.04", "size": "85.71", "side": "BUY", "hash": "546af5be46bf6e165fa8c93c24007bb7cf323d98", "best_bid": "0.9", "best_ask": "0.93"}, {"asset_id": "70584222105672215743914509614198676449757016746323593572033490884974443841053", "price": "0.96", "size": "85.71", "side": "SELL", "hash": "9b1a8f7d8df266034db165df497835ad08b66db4", "best_bid": "0.07", "best_ask": "0.1"}], "timestamp": "1769384057743", "event_type": "price_change"}}
{"_local_timestamp": "2026-01-25T23:34:17.998070+00:00", "data": {"market": "0x3061dcc85903c2700dffd529e0fbd9b0023c3b481324cd0276d5399f9dace5dc", "price_changes": [{"asset_id": "78453865954536643710017153843673830010373935401063241006664722462398084283536", "price": "0.27", "size": "0", "side": "BUY", "hash": "8ea0a82c9dabf48b65ed5e658326d24a044d4d49", "best_bid": "0.9", "best_ask": "0.93"}, {"asset_id": "70584222105672215743914509614198676449757016746323593572033490884974443841053", "price": "0.73", "size": "0", "side": "SELL", "hash": "75c674598b1e5df18abadf67aa66e5be6060d52c", "best_bid": "0.07", "best_ask": "0.1"}], "timestamp": "1769384057928", "event_type": "price_change"}}
{"_local_timestamp": "2026-01-25T23:34:18.200349+00:00", "data": {"market": "0x3061dcc85903c2700dffd529e0fbd9b0023c3b481324cd0276d5399f9dace5dc", "price_changes": [{"asset_id": "78453865954536643710017153843673830010373935401063241006664722462398084283536", "price": "0.11", "size": "276.13", "side": "BUY", "hash": "f2359de2cfd1e5914b56d1e985b30e5ba7603188", "best_bid": "0.9", "best_ask": "0.93"}, {"asset_id": "70584222105672215743914509614198676449757016746323593572033490884974443841053", "price": "0.89", "size": "276.13", "side": "SELL", "hash": "73803a6c8b09f40a30eb2294be1491e049adb2a8", "best_bid": "0.07", "best_ask": "0.1"}], "timestamp": "1769384058133", "event_type": "price_change"}}
{"_local_timestamp": "2026-01-25T23:34:18.417846+00:00", "data": {"market": "0x3061dcc85903c2700dffd529e0fbd9b0023c3b481324cd0276d5399f9dace5dc", "price_changes": [{"asset_id": "78453865954536643710017153843673830010373935401063241006664722462398084283536", "price": "0.04", "size": "203.64", "side": "BUY", "hash": "e8b9a649fa7480de358f1300b0600d29902515e7", "best_bid": "0.9", "best_ask": "0.93"}, {"asset_id": "70584222105672215743914509614198676449757016746323593572033490884974443841053", "price": "0.96", "size": "203.64", "side": "SELL", "hash": "ca18434a0be5f8b8037d050fe41b0d88a42d93d5", "best_bid": "0.07", "best_ask": "0.1"}], "timestamp": "1769384058348", "event_type": "price_change"}}
{"_local_timestamp": "2026-01-25T23:34:18.627718+00:00", "data": {"market": "0x3061dcc85903c2700dffd529e0fbd9b0023c3b481324cd0276d5399f9dace5dc", "price_changes": [{"asset_id": "78453865954536643710017153843673830010373935401063241006664722462398084283536", "price": "0.07", "size": "0", "side": "BUY", "hash": "bc6038634179b1bc51c4162da976edaad453741b", "best_bid": "0.9", "best_ask": "0.93"}, {"asset_id": "70584222105672215743914509614198676449757016746323593572033490884974443841053", "price": "0.93", "size": "0", "side": "SELL", "hash": "1781bbffec805c989e907f3f1a3eeba32f8cf979", "best_bid": "0.07", "best_ask": "0.1"}], "timestamp": "1769384058562", "event_type": "price_change"}}
{"_local_timestamp": "2026-01-25T23:34:18.849796+00:00", "data": {"market": "0x3061dcc85903c2700dffd529e0fbd9b0023c3b481324cd0276d5399f9dace5dc", "price_changes": [{"asset_id": "78453865954536643710017153843673830010373935401063241006664722462398084283536", "price": "0.07", "size": "62.33", "side": "BUY", "hash": "28f10dcb9f219ed662d481905d4628436d236f80", "best_bid": "0.9", "best_ask": "0.93"}, {"asset_id": "70584222105672215743914509614198676449757016746323593572033490884974443841053", "price": "0.93", "size": "62.33", "side": "SELL", "hash": "2edd88acd4e0cc494c05eb69e768719c7963e50f", "best_bid": "0.07", "best_ask": "0.1"}], "timestamp": "1769384058778", "event_type": "price_change"}}
{"_local_timestamp": "2026-01-25T23:34:19.056368+00:00", "data": {"market": "0x3061dcc85903c2700dffd529e0fbd9b0023c3b481324cd0276d5399f9dace5dc", "price_changes": [{"asset_id": "78453865954536643710017153843673830010373935401063241006664722462398084283536", "price": "0.11", "size": "316.53", "side": "BUY", "hash": "7d9a69a486aba719f0f9a40eeb9ac7fe605a893a", "best_bid": "0.9", "best_ask": "0.93"}, {"asset_id": "70584222105672215743914509614198676449757016746323593572033490884974443841053", "price": "0.89", "size": "316.53", "side": "SELL", "hash": "725ae8cb984a5da883253207414c2e17a9f4d12c", "best_bid": "0.07", "best_ask": "0.1"}], "timestamp": "1769384058985", "event_type": "price_change"}}
{"_local_timestamp": "2026-01-25T23:34:19.290373+00:00", "data": {"market": "0x3061dcc85903c2700dffd529e0fbd9b0023c3b481324cd0276d5399f9dace5dc", "price_changes": [{"asset_id": "78453865954536643710017153843673830010373935401063241006664722462398084283536", "price": "0.14", "size": "823.15", "side": "BUY", "hash": "4840c71250cc3fa9087047129d3db0100441263c", "best_bid": "0.9", "best_ask": "0.93"}, {"asset_id": "70584222105672215743914509614198676449757016746323593572033490884974443841053", "price": "0.86", "size": "823.15", "side": "SELL", "hash": "23f87f9555323c1bdeab595d212536db08f0e18f", "best_bid": "0.07", "best_ask": "0.1"}], "timestamp": "1769384059224", "event_type": "price_change"}}
{"_local_timestamp": "2026-01-25T23:34:19.510843+00:00", "data": {"market": "0x3061dcc85903c2700dffd529e0fbd9b0023c3b481324cd0276d5399f9dace5dc", "price_changes": [{"asset_id": "78453865954536643710017153843673830010373935401063241006664722462398084283536", "price": "0.16", "size": "27.27", "side": "BUY", "hash": "9490b0f273143e61703dfc48ca5bc3e01750587d", "best_bid": "0.9", "best_ask": "0.93"}, {"asset_id": "70584222105672215743914509614198676449757016746323593572033490884974443841053", "price": "0.84", "size": "27.27", "side": "SELL", "hash": "a9b141c38bbe2af36c0c0636620e215d9beed03d", "best_bid": "0.07", "best_ask": "0.1"}], "timestamp": "1769384059443", "event_type": "price_change"}}
{"_local_timestamp": "2026-01-25T23:34:19.710799+00:00", "data": {"market": "0x3061dcc85903c2700dffd529e0fbd9b0023c3b481324cd0276d5399f9dace5dc", "price_changes": [{"asset_id": "78453865954536643710017153843673830010373935401063241006664722462398084283536", "price": "0.2", "size": "0", "side": "BUY", "hash": "e8786dff629457c6038db6894801b3b14f33195a", "best_bid": "0.9", "best_ask": "0.93"}, {"asset_id": "70584222105672215743914509614198676449757016746323593572033490884974443841053", "price": "0.8", "size": "0", "side": "SELL", "hash": "fc976b78d9d57d07156370fb4f07791305ff5d81", "best_bid": "0.07", "best_ask": "0.1"}], "timestamp": "1769384059644", "event_type": "price_change"}}
{"_local_timestamp": "2026-01-25T23:34:19.930265+00:00", "data": {"market": "0x3061dcc85903c2700dffd529e0fbd9b0023c3b481324cd0276d5399f9dace5dc", "price_changes": [{"asset_id": "78453865954536643710017153843673830010373935401063241006664722462398084283536", "price": "0.2", "size": "21.81", "side": "BUY", "hash": "9cf4d4b95e14b0e704fa16b759ca72bd0bd9f6ca", "best_bid": "0.9", "best_ask": "0.93"}, {"asset_id": "70584222105672215743914509614198676449757016746323593572033490884974443841053", "price": "0.8", "size": "21.81", "side": "SELL", "hash": "b49392c54bfcfd67c291a9e22b697f794256d8a0", "best_bid": "0.07", "best_ask": "0.1"}], "timestamp": "1769384059858", "event_type": "price_change"}}
{"_local_timestamp": "2026-01-25T23:34:20.113963+00:00", "data": {"market": "0x3061dcc85903c2700dffd529e0fbd9b0023c3b481324cd0276d5399f9dace5dc", "price_changes": [{"asset_id": "78453865954536643710017153843673830010373935401063241006664722462398084283536", "price": "0.25", "size": "169.4", "side": "BUY", "hash": "da5560e8f7ac86fe2286e722fc636b7051b13f53", "best_bid": "0.9", "best_ask": "0.93"}, {"asset_id": "70584222105672215743914509614198676449757016746323593572033490884974443841053", "price": "0.75", "size": "169.4", "side": "SELL", "hash": "e86a51c068258a1a396f4a12d41979b1fd817627", "best_bid": "0.07", "best_ask": "0.1"}], "timestamp": "1769384060025", "event_type": "price_change"}}
{"_local_timestamp": "2026-01-25T23:34:20.319477+00:00", "data": {"market": "0x3061dcc85903c2700dffd529e0fbd9b0023c3b481324cd0276d5399f9dace5dc", "price_changes": [{"asset_id": "78453865954536643710017153843673830010373935401063241006664722462398084283536", "price": "0.25", "size": "186.85", "side": "BUY", "hash": "c5821bc3b4c9b4e1aa06ea7f93bd82f38b13f554", "best_bid": "0.9", "best_ask": "0.93"}, {"asset_id": "70584222105672215743914509614198676449757016746323593572033490884974443841053", "price": "0.75", "size": "186.85", "side": "SELL", "hash": "be786e01a6cb2e0b290ee8dc04dfdc18e509a3e3", "best_bid": "0.07", "best_ask": "0.1"}], "timestamp": "1769384060250", "event_type": "price_change"}}
{"_local_timestamp": "2026-01-25T23:34:20.533617+00:00", "data": {"market": "0x3061dcc85903c2700dffd529e0fbd9b0023c3b481324cd0276d5399f9dace5dc", "price_changes": [{"asset_id": "78453865954536643710017153843673830010373935401063241006664722462398084283536", "price": "0.31", "size": "0", "side": "BUY", "hash": "887d59be9600d50b488b5b46f850f888dac0d42e", "best_bid": "0.9", "best_ask": "0.93"}, {"asset_id": "70584222105672215743914509614198676449757016746323593572033490884974443841053", "price": "0.69", "size": "0", "side": "SELL", "hash": "c6a09f276f8ab1f8b50c4e31b54a931b95f0a305", "best_bid": "0.07", "best_ask": "0.1"}], "timestamp": "1769384060465", "event_type": "price_change"}}
{"_local_timestamp": "2026-01-25T23:34:20.757813+00:00", "data": {"market": "0x3061dcc85903c2700dffd529e0fbd9b0023c3b481324cd0276d5399f9dace5dc", "price_changes": [{"asset_id": "78453865954536643710017153843673830010373935401063241006664722462398084283536", "price": "0.31", "size": "14.07", "side": "BUY", "hash": "f84d2310fadff4fb71a9e697e624386fa38dfb57", "best_bid": "0.9", "best_ask": "0.93"}, {"asset_id": "70584222105672215743914509614198676449757016746323593572033490884974443841053", "price": "0.69", "size": "14.07", "side": "SELL", "hash": "98012a121a52e9f15d0330ae58131ff6b756ce74", "best_bid": "0.07", "best_ask": "0.1"}], "timestamp": "1769384060686", "event_type": "price_change"}}
{"_local_timestamp": "2026-01-25T23:34:20.967991+00:00", "data": {"market": "0x3061dcc85903c2700dffd529e0fbd9b0023c3b481324cd0276d5399f9dace5dc", "price_changes": [{"asset_id": "78453865954536643710017153843673830010373935401063241006664722462398084283536", "price": "0.34", "size": "0", "side": "BUY", "hash": "23ebae7babf38e4528cedbe133eebac4cf5a6c60", "best_bid": "0.9", "best_ask": "0.93"}, {"asset_id": "70584222105672215743914509614198676449757016746323593572033490884974443841053", "price": "0.66", "size": "0", "side": "SELL", "hash": "d499d383f4d6a0c53f1d7ae16acfa118dcae7d7d", "best_bid": "0.07", "best_ask": "0.1"}], "timestamp": "1769384060900", "event_type": "price_change"}}
{"_local_timestamp": "2026-01-25T23:34:21.181874+00:00", "data": {"market": "0x3061dcc85903c2700dffd529e0fbd9b0023c3b481324cd0276d5399f9dace5dc", "price_changes": [{"asset_id": "78453865954536643710017153843673830010373935401063241006664722462398084283536", "price": "0.34", "size": "12.83", "side": "BUY", "hash": "cada3ff40af7b0e6cb0dc2c60d4820104c4b6a57", "best_bid": "0.9", "best_ask": "0.93"}, {"asset_id": "70584222105672215743914509614198676449757016746323593572033490884974443841053", "price": "0.66", "size": "12.83", "side": "SELL", "hash": "2330383aee6b1d35dc74470a24f62ddbd79fec4d", "best_bid": "0.07", "best_ask": "0.1"}], "timestamp": "1769384061112", "event_type": "price_change"}}
{"_local_timestamp": "2026-01-25T23:34:21.379163+00:00", "data": {"market": "0x3061dcc85903c2700dffd529e0fbd9b0023c3b481324cd0276d5399f9dace5dc", "price_changes": [{"asset_id": "78453865954536643710017153843673830010373935401063241006664722462398084283536", "price": "0.39", "size": "5", "side": "BUY", "hash": "c1e787006f5b8ada863df778ef36c29a8525fff6", "best_bid": "0.9", "best_ask": "0.93"}, {"asset_id": "70584222105672215743914509614198676449757016746323593572033490884974443841053", "price": "0.61", "size": "5", "side": "SELL", "hash": "03735ae05f4c199c6674af6f6cec3e21652a70a6", "best_bid": "0.07", "best_ask": "0.1"}], "timestamp": "1769384061312", "event_type": "price_change"}}
{"_local_timestamp": "2026-01-25T23:34:21.614993+00:00", "data": {"market": "0x3061dcc85903c2700dffd529e0fbd9b0023c3b481324cd0276d5399f9dace5dc", "price_changes": [{"asset_id": "78453865954536643710017153843673830010373935401063241006664722462398084283536", "price": "0.39", "size": "16.18", "side": "BUY", "hash": "5289c42d751ae87cb658cacb94b588dd8179a04f", "best_bid": "0.9", "best_ask": "0.93"}, {"asset_id": "70584222105672215743914509614198676449757016746323593572033490884974443841053", "price": "0.61", "size": "16.18", "side": "SELL", "hash": "e658e5017b4d5ce7772e9d63bd134ce679c2e685", "best_bid": "0.07", "best_ask": "0.1"}], "timestamp": "1769384061533", "event_type": "price_change"}}
{"_local_timestamp": "2026-01-25T23:34:21.824958+00:00", "data": {"market": "0x3061dcc85903c2700dffd529e0fbd9b0023c3b481324cd0276d5399f9dace5dc", "price_changes": [{"asset_id": "78453865954536643710017153843673830010373935401063241006664722462398084283536", "price": "0.41", "size": "0", "side": "BUY", "hash": "cee1bc9931a32bd537f8eca52d4b5adf1a1798f1", "best_bid": "0.9", "best_ask": "0.93"}, {"asset_id": "70584222105672215743914509614198676449757016746323593572033490884974443841053", "price": "0.59", "size": "0", "side": "SELL", "hash": "e36c88b00d8215e9a6b18c12fde881ffe40452d8", "best_bid": "0.07", "best_ask": "0.1"}], "timestamp": "1769384061752", "event_type": "price_change"}}
{"_local_timestamp": "2026-01-25T23:34:22.077243+00:00", "data": {"market": "0x3061dcc85903c2700dffd529e0fbd9b0023c3b481324cd0276d5399f9dace5dc", "price_changes": [{"asset_id": "78453865954536643710017153843673830010373935401063241006664722462398084283536", "price": "0.41", "size": "10.64", "side": "BUY", "hash": "0ffc6f1aaf383998ee933e91b17107088471b476", "best_bid": "0.9", "best_ask": "0.93"}, {"asset_id": "70584222105672215743914509614198676449757016746323593572033490884974443841053", "price": "0.59", "size": "10.64", "side": "SELL", "hash": "9fe837a795c279fd28390cafd9f66214dd778994", "best_bid": "0.07", "best_ask": "0.1"}], "timestamp": "1769384062001", "event_type": "price_change"}}
{"_local_timestamp": "2026-01-25T23:35:30.808895+00:00", "data": {"market": "0x3061dcc85903c2700dffd529e0fbd9b0023c3b481324cd0276d5399f9dace5dc", "price_changes": [{"asset_id": "78453865954536643710017153843673830010373935401063241006664722462398084283536", "price": "0.19", "size": "586.46", "side": "BUY", "hash": "96b0a50ec1dc41134dc5b3aee52f151ce7bc1baa", "best_bid": "0.9", "best_ask": "0.93"}, {"asset_id": "70584222105672215743914509614198676449757016746323593572033490884974443841053", "price": "0.81", "size": "586.46", "side": "SELL", "hash": "3d6421c8e64327fb7d11eb26df8a592ef951aa59", "best_bid": "0.07", "best_ask": "0.1"}], "timestamp": "1769384130721", "event_type": "price_change"}}
{"_local_timestamp": "2026-01-25T23:35:31.112877+00:00", "data": {"market": "0x3061dcc85903c2700dffd529e0fbd9b0023c3b481324cd0276d5399f9dace5dc", "price_changes": [{"asset_id": "78453865954536643710017153843673830010373935401063241006664722462398084283536", "price": "0.14", "size": "873.15", "side": "BUY", "hash": "101225058759cac933f985572d117afb1eeaafd5", "best_bid": "0.9", "best_ask": "0.93"}, {"asset_id": "70584222105672215743914509614198676449757016746323593572033490884974443841053", "price": "0.86", "size": "873.15", "side": "SELL", "hash": "fbf9b3b595d8995a82853e12afa8b3a1328620ec", "best_bid": "0.07", "best_ask": "0.1"}], "timestamp": "1769384131025", "event_type": "price_change"}}
