{"_local_timestamp": "2026-01-25T23:34:15.789095+00:00", "data": [{"market": "0x2c81a8904319b7131451303d47dff6fa03fd438276425a9f3400629628d25b81", "asset_id": "56525414833479009875549535167750859925009860480241066343962291236011852956223", "timestamp": "1769382483679", "hash": "a76d7cb05697b98cfef25a900d29134003a13a4f", "bids": [{"price": "0.01", "size": "612.54"}, {"price": "0.02", "size": "786.64"}, {"price": "0.03", "size": "108"}, {"price": "0.04", "size": "7.7"}, {"price": "0.05", "size": "172"}, {"price": "0.06", "size": "50.07"}], "asks": [{"price": "0.99", "size": "216.94"}, {"price": "0.98", "size": "159.12"}, {"price": "0.97", "size": "189.67"}, {"price": "0.96", "size": "300"}, {"price": "0.95", "size": "690.77"}, {"price": "0.94", "size": "108"}, {"price": "0.93", "size": "7.4"}, {"price": "0.9", "size": "79"}, {"price": "0.89", "size": "44.91"}, {"price": "0.85", "size": "10"}], "event_type": "book", "last_trade_price": ""}, {"market": "0x037b6d78c59ddc065081ace67c2efcd8e629a0acc482f3760063c06fde261fbf", "asset_id": "17879475743615870491608665073359881181337862690419810052829194282319257983233", "timestamp": "1769383179842", "hash": "8a59010d809bb194e5b9dc289d6c9f118b230e9a", "bids": [{"price": "0.01", "size": "225.07"}, {"price": "0.02", "size": "159.71"}, {"price": "0.03", "size": "228.37"}, {"price": "0.04", "size": "625"}, {"price": "0.05", "size": "488.53"}, {"price": "0.06", "size": "33"}, {"price": "0.07", "size": "10.95"}, {"price": "0.09", "size": "158"}, {"price": "0.1", "size": "79"}, {"price": "0.14", "size": "10"}], "asks": [{"price": "0.99", "size": "612.54"}, {"price": "0.98", "size": "786.64"}, {"price": "0.97", "size": "108"}, {"price": "0.96", "size": "7.7"}, {"price": "0.95", "size": "172"}, {"price": "0.94", "size": "50.07"}], "event_type": "book", "last_trade_price": ""}, {"market": "0x2c81a8904319b7131451303d47dff6fa03fd438276425a9f3400629628d25b81", "asset_id": "5787262446632568012202021696195276933478915137926745419925674116044014383753", "timestamp": "1769382483679", "hash": "84151cffd8024ecc42a0b8ff22e354e04f248be6", "bids": [{"price": "0.01", "size": "216.94"}, {"price": "0.02", "size": "159.12"}, {"price": "0.03", "size": "189.67"}, {"price": "0.04", "size": "300"}, {"price": "0.05", "size": "690.77"}, {"price": "0.06", "size": "108"}, {"price": "0.07", "size": "7.4"}, {"price": "0.1", "size": "79"}, {"price": "0.11", "size": "44.91"}, {"price": "0.15", "size": "10"}], "asks": [{"price": "0.99", "size": "612.54"}, {"price": "0.98", "size": "786.64"}, {"price": "0.97", "size": "108"}, {"price": "0.96", "size": "7.7"}, {"price": "0.95", "size": "172"}, {"price": "0.94", "size": "50.07"}], "event_type": "book", "last_trade_price": ""}, {"market": "0x93dbbb012e441cdcd49c4eac2ae65a88578caaa333485e956dbb7a99087a0807", "asset_id": "9287514243966163098612538378067595459193593653740412901084987951705261623353", "timestamp": "1769383177772", "hash": "470869989126e657ac3dc456322f621893040f41", "bids": [{"price": "0.01", "size": "226.97"}, {"price": "0.02", "size": "159.71"}, {"price": "0.03", "size": "195.61"}, {"price": "0.04", "size": "625"}, {"price": "0.05", "size": "506.85"}, {"price": "0.06", "size": "33"}, {"price": "0.07", "size": "11.78"}, {"price": "0.09", "size": "158"}, {"price": "0.1", "size": "79"}, {"price": "0.14", "size": "10"}], "asks": [{"price": "0.99", "size": "612.54"}, {"price": "0.98", "size": "786.64"}, {"price": "0.97", "size": "108"}, {"price": "0.96", "size": "7.7"}, {"price": "0.95", "size": "172"}, {"price": "0.94", "size": "49.67"}], "event_type": "book", "last_trade_price": ""}, {"market": "0x93dbbb012e441cdcd49c4eac2ae65a88578caaa333485e956dbb7a99087a0807", "asset_id": "97682538957849643910555955940346266531025952882202677975448780364377017548315", "timestamp": "1769383177772", "hash": "b573be07ff93115787bc60ff0a24d90dd6d5bc22", "bids": [{"price": "0.01", "size": "612.54"}, {"price": "0.02", "size": "786.64"}, {"price": "0.03", "size": "108"}, {"price": "0.04", "size": "7.7"}, {"price": "0.05", "size": "172"}, {"price": "0.06", "size": "49.67"}], "asks": [{"price": "0.99", "size": "226.97"}, {"price": "0.98", "size": "159.71"}, {"price": "0.97", "size": "195.61"}, {"price": "0.96", "size": "625"}, {"price": "0.95", "size": "506.85"}, {"price": "0.94", "size": "33"}, {"price": "0.93", "size": "11.78"}, {"price": "0.91", "size": "158"}, {"price": "0.9", "size": "79"}, {"price": "0.86", "size": "10"}], "event_type": "book", "last_trade_price": ""}, {"market": "0x037b6d78c59ddc065081ace67c2efcd8e629a0acc482f3760063c06fde261fbf", "asset_id": "17075056685338703605000215351504621959263941580862530643987966079507811071728", "timestamp": "1769383179842", "hash": "5a47cd79ecc76b61788ab5b999fe0a358802ef5b", "bids": [{"price": "0.01", "size": "612.54"}, {"price": "0.02", "size": "786.64"}, {"price": "0.03", "size": "108"}, {"price": "0.04", "size": "7.7"}, {"price": "0.05", "size": "172"}, {"price": "0.06", "size": "50.07"}], "asks": [{"price": "0.99", "size": "225.07"}, {"price": "0.98", "size": "159.71"}, {"price": "0.97", "size": "228.37"}, {"price": "0.96", "size": "625"}, {"price": "0.95", "size": "488.53"}, {"price": "0.94", "size": "33"}, {"price": "0.93", "size": "10.95"}, {"price": "0.91", "size": "158"}, {"price": "0.9", "size": "79"}, {"price": "0.86", "size": "10"}], "event_type": "book", "last_trade_price": ""}]}
{"_local_timestamp": "2026-01-25T23:34:49.031439+00:00", "data": {"market": "0x037b6d78c59ddc065081ace67c2efcd8e629a0acc482f3760063c06fde261fbf", "price_changes": [{"asset_id": "17879475743615870491608665073359881181337862690419810052829194282319257983233", "price": "0.01", "size": "200", "side": "BUY", "hash": "06a8480d5ec3db2f5ff42ccecbb3c41262a30eb1", "best_bid": "0.14", "best_ask": "0.94"}, {"asset_id": "17075056685338703605000215351504621959263941580862530643987966079507811071728", "price": "0.99", "size": "200", "side": "SELL", "hash": "ec9370f62df3acb04cd544b6c4edda193ffe7543", "best_bid": "0.06", "best_ask": "0.86"}], "timestamp": "1769384088959", "event_type": "price_change"}}
{"_local_timestamp": "2026-01-25T23:34:49.033077+00:00", "data": {"market": "0x037b6d78c59ddc065081ace67c2efcd8e629a0acc482f3760063c06fde261fbf", "price_changes": [{"asset_id": "17879475743615870491608665073359881181337862690419810052829194282319257983233", "price": "0.05", "size": "480", "side": "BUY", "hash": "06a8480d5ec3db2f5ff42ccecbb3c41262a30eb1", "best_bid": "0.14", "best_ask": "0.94"}, {"asset_id": "17075056685338703605000215351504621959263941580862530643987966079507811071728", "price": "0.95", "size": "480", "side": "SELL", "hash": "ec9370f62df3acb04cd544b6c4edda193ffe7543", "best_bid": "0.06", "best_ask": "0.86"}], "timestamp": "1769384088959", "event_type": "price_change"}}
{"_local_timestamp": "2026-01-25T23:34:49.033441+00:00", "data": {"market": "0x037b6d78c59ddc065081ace67c2efcd8e629a0acc482f3760063c06fde261fbf", "price_changes": [{"asset_id": "17879475743615870491608665073359881181337862690419810052829194282319257983233", "price": "0.07", "size": "0", "side": "BUY", "hash": "06a8480d5ec3db2f5ff42ccecbb3c41262a30eb1", "best_bid": "0.14", "best_ask": "0.94"}, {"asset_id": "17075056685338703605000215351504621959263941580862530643987966079507811071728", "price": "0.93", "size": "0", "side": "SELL", "hash": "ec9370f62df3acb04cd544b6c4edda193ffe7543", "best_bid": "0.06", "best_ask": "0.86"}], "timestamp": "1769384088959", "event_type": "price_change"}}
{"_local_timestamp": "2026-01-25T23:34:49.033809+00:00", "data": {"market": "0x93dbbb012e441cdcd49c4eac2ae65a88578caaa333485e956dbb7a99087a0807", "price_changes": [{"asset_id": "9287514243966163098612538378067595459193593653740412901084987951705261623353", "price": "0.01", "size": "200", "side": "BUY", "hash": "9e554570aec2df33792f1f322c98bca70c822769", "best_bid": "0.14", "best_ask": "0.94"}, {"asset_id": "97682538957849643910555955940346266531025952882202677975448780364377017548315", "price": "0.99", "size": "200", "side": "SELL", "hash": "2e9f2a095b9dbb3fbfa66f28b4f664e4538a1c95", "best_bid": "0.06", "best_ask": "0.86"}], "timestamp": "1769384088959", "event_type": "price_change"}}
{"_local_timestamp": "2026-01-25T23:34:49.034273+00:00", "data": {"market": "0x93dbbb012e441cdcd49c4eac2ae65a88578caaa333485e956dbb7a99087a0807", "price_changes": [{"asset_id": "9287514243966163098612538378067595459193593653740412901084987951705261623353", "price": "0.07", "size": "0", "side": "BUY", "hash": "9e554570aec2df33792f1f322c98bca70c822769", "best_bid": "0.14", "best_ask": "0.94"}, {"asset_id": "97682538957849643910555955940346266531025952882202677975448780364377017548315", "price": "0.93", "size": "0", "side": "SELL", "hash": "2e9f2a095b9dbb3fbfa66f28b4f664e4538a1c95", "best_bid": "0.06", "best_ask": "0.86"}], "timestamp": "1769384088959", "event_type": "price_change"}}
{"_local_timestamp": "2026-01-25T23:34:50.010502+00:00", "data": {"market": "0x037b6d78c59ddc065081ace67c2efcd8e629a0acc482f3760063c06fde261fbf", "price_changes": [{"asset_id": "17879475743615870491608665073359881181337862690419810052829194282319257983233", "price": "0.01", "size": "225.07", "side": "BUY", "hash": "eed85c9d6e9582f277a09612b833447659629c0f", "best_bid": "0.14", "best_ask": "0.94"}, {"asset_id": "17075056685338703605000215351504621959263941580862530643987966079507811071728", "price": "0.99", "size": "225.07", "side": "SELL", "hash": "98777543fbcd2dbc983b649be42a344365b4eeb3", "best_bid": "0.06", "best_ask": "0.86"}], "timestamp": "1769384089935", "event_type": "price_change"}}
{"_local_timestamp": "2026-01-25T23:34:50.014588+00:00", "data": {"market": "0x037b6d78c59ddc065081ace67c2efcd8e629a0acc482f3760063c06fde261fbf", "price_changes": [{"asset_id": "17879475743615870491608665073359881181337862690419810052829194282319257983233", "price": "0.05", "size": "488.53", "side": "BUY", "hash": "3f88a9e10ac0be0f94ae3979b4956629ea3e3c24", "best_bid": "0.14", "best_ask": "0.94"}, {"asset_id": "17075056685338703605000215351504621959263941580862530643987966079507811071728", "price": "0.95", "size": "488.53", "side": "SELL", "hash": "6ec53747528b3f8ab058583a03dfdec1bc949a5a", "best_bid": "0.06", "best_ask": "0.86"}], "timestamp": "1769384089939", "event_type": "price_change"}}
{"_local_timestamp": "2026-01-25T23:34:50.018886+00:00", "data": {"market": "0x037b6d78c59ddc065081ace67c2efcd8e629a0acc482f3760063c06fde261fbf", "price_changes": [{"asset_id": "17879475743615870491608665073359881181337862690419810052829194282319257983233", "price": "0.07", "size": "10.95", "side": "BUY", "hash": "5b511f62cc2d6c1dab413f28be0a4b2f00621bd6", "best_bid": "0.14", "best_ask": "0.94"}, {"asset_id": "17075056685338703605000215351504621959263941580862530643987966079507811071728", "price": "0.93", "size": "10.95", "side": "SELL", "hash": "c44cef401b38c16c0d552fcff35cd3267b886c2a", "best_bid": "0.06", "best_ask": "0.86"}], "timestamp": "1769384089941", "event_type": "price_change"}}
{"_local_timestamp": "2026-01-25T23:34:50.142537+00:00", "data": {"market": "0x93dbbb012e441cdcd49c4eac2ae65a88578caaa333485e956dbb7a99087a0807", "price_changes": [{"asset_id": "9287514243966163098612538378067595459193593653740412901084987951705261623353", "price": "0.01", "size": "226.97", "side": "BUY", "hash": "7098cb01184d3847b229d3b26d75d25415ba6e64", "best_bid": "0.14", "best_ask": "0.94"}, {"asset_id": "97682538957849643910555955940346266531025952882202677975448780364377017548315", "price": "0.99", "size": "226.97", "side": "SELL", "hash": "3686e3fb78ae2d06278c78a346a527a863d21248", "best_bid": "0.06", "best_ask": "0.86"}], "timestamp": "1769384090073", "event_type": "price_change"}}
{"_local_timestamp": "2026-01-25T23:34:50.142889+00:00", "data": {"market": "0x93dbbb012e441cdcd49c4eac2ae65a88578caaa333485e956dbb7a99087a0807", "price_changes": [{"asset_id": "9287514243966163098612538378067595459193593653740412901084987951705261623353", "price": "0.07", "size": "11.78", "side": "BUY", "hash": "0637a956a027d8d3f3347a07e10d061bc61fca34", "best_bid": "0.14", "best_ask": "0.94"}, {"asset_id": "97682538957849643910555955940346266531025952882202677975448780364377017548315", "price": "0.93", "size": "11.78", "side": "SELL", "hash": "e152c37aee54e7e3f3eac7a2880e58ce3b20d434", "best_bid": "0.06", "best_ask": "0.86"}], "timestamp": "1769384090076", "event_type": "price_change"}}
