{"_local_timestamp": "2026-01-25T23:41:23.293538+00:00", "data": [{"market": "0x404427085f89787835943cb23c52aa64076a9f5df55909fd13e7576aaa48f5e0", "asset_id": "2568846331583804476492673257557753372754819423853081255273307661848797934626", "timestamp": "1769384352853", "hash": "d2edc2d4310c157957956db45c481f8e543f6118", "bids": [{"price": "0.01", "size": "450"}, {"price": "0.02", "size": "292"}], "asks": [{"price": "0.99", "size": "466.74"}, {"price": "0.98", "size": "158.94"}, {"price": "0.97", "size": "146.86"}, {"price": "0.96", "size": "17.41"}], "event_type": "book", "last_trade_price": ""}, {"market": "0x81f69b670d23763250f0b22aaba2101f3a566c9cd2e25262fdb051f92add15a3", "asset_id": "64577706819660359724275229373141970563256775874197900065443000207422450312594", "timestamp": "1769384350003", "hash": "fd92e84f4018a4bc17b69196b366fa286e705ec0", "bids": [{"price": "0.01", "size": "450"}, {"price": "0.02", "size": "292"}], "asks": [{"price": "0.99", "size": "466.74"}, {"price": "0.98", "size": "158.94"}, {"price": "0.97", "size": "197.86"}, {"price": "0.96", "size": "11.94"}, {"price": "0.95", "size": "5.47"}], "event_type": "book", "last_trade_price": ""}, {"market": "0x404427085f89787835943cb23c52aa64076a9f5df55909fd13e7576aaa48f5e0", "asset_id": "92493089135095250631883276379134889243302923158274786334866185201692035853526", "timestamp": "1769384352853", "hash": "fb36bf8de84c2eb9749450b76ada93e1f5ffa6bf", "bids": [{"price": "0.01", "size": "466.74"}, {"price": "0.02", "size": "158.94"}, {"price": "0.03", "size": "146.86"}, {"price": "0.04", "size": "17.41"}], "asks": [{"price": "0.99", "size": "450"}, {"price": "0.98", "size": "292"}], "event_type": "book", "last_trade_price": ""}, {"market": "0x45c236f1beb7b98aa5de18f8589293d8aaac1f394cd401870b346ebb4d406771", "asset_id": "48160786572658108083408738125514286139989245221296780129626356616717267906953", "timestamp": "1769384350348", "hash": "bb4030b481cf70c1c548107a21006a4e1c8b189b", "bids": [{"price": "0.01", "size": "450"}, {"price": "0.02", "size": "292"}], "asks": [{"price": "0.99", "size": "466.74"}, {"price": "0.98", "size": "158.94"}, {"price": "0.97", "size": "151.86"}, {"price": "0.96", "size": "11.94"}, {"price": "0.95", "size": "5.47"}], "event_type": "book", "last_trade_price": ""}, {"market": "0x81f69b670d23763250f0b22aaba2101f3a566c9cd2e25262fdb051f92add15a3", "asset_id": "35706419677842226760102929177618096799982969336607073386291470591780908612732", "timestamp": "1769384350003", "hash": "b92483065eebcfd9ceda0ab67057e5822be28fd3", "bids": [{"price": "0.01", "size": "466.74"}, {"price": "0.02", "size": "158.94"}, {"price": "0.03", "size": "197.86"}, {"price": "0.04", "size": "11.94"}, {"price": "0.05", "size": "5.47"}], "asks": [{"price": "0.99", "size": "450"}, {"price": "0.98", "size": "292"}], "event_type": "book", "last_trade_price": ""}, {"market": "0x8e07e016113d8ac0d63227c11d7544c0b9854868cbe06e89472e1714ab9e429f", "asset_id": "74650485935385335719920436138138399944992049443041687079584990514797609659155", "timestamp": "1769384352855", "hash": "ad2771b86709265ac9f3cbc535ae176093831880", "bids": [{"price": "0.01", "size": "450"}, {"price": "0.02", "size": "288"}], "asks": [{"price": "0.99", "size": "472.03"}, {"price": "0.98", "size": "160.56"}, {"price": "0.97", "size": "150.63"}, {"price": "0.96", "size": "14.7"}], "event_type": "book", "last_trade_price": ""}, {"market": "0x8e07e016113d8ac0d63227c11d7544c0b9854868cbe06e89472e1714ab9e429f", "asset_id": "104578312453899545005196460747775299473798539281357817006568592836564797468575", "timestamp": "1769384352855", "hash": "7b1f430b0d521986b13a2dd50f9e26a8f27fb071", "bids": [{"price": "0.01", "size": "472.03"}, {"price": "0.02", "size": "160.56"}, {"price": "0.03", "size": "150.63"}, {"price": "0.04", "size": "14.7"}], "asks": [{"price": "0.99", "size": "450"}, {"price": "0.98", "size": "288"}], "event_type": "book", "last_trade_price": ""}, {"market": "0xd45da88ddca254ed9bdf771520875d76846524c946d0b491df0e7b184ce853eb", "asset_id": "25889898312516807020857757938101800509983182183246726904188918185011874657776", "timestamp": "1769382484881", "hash": "3aed28aaebfd655e473cd4e591413ccec88c47ad", "bids": [{"price": "0.01", "size": "614.79"}, {"price": "0.02", "size": "188.72"}, {"price": "0.03", "size": "33"}, {"price": "0.04", "size": "89.21"}, {"price": "0.05", "size": "70.7"}, {"price": "0.06", "size": "46.17"}], "asks": [{"price": "0.99", "size": "614.79"}, {"price": "0.98", "size": "157.03"}, {"price": "0.97", "size": "12.74"}, {"price": "0.96", "size": "6"}, {"price": "0.95", "size": "100"}, {"price": "0.94", "size": "43.95"}], "event_type": "book", "last_trade_price": ""}, {"market": "0xd45da88ddca254ed9bdf771520875d76846524c946d0b491df0e7b184ce853eb", "asset_id": "80137319412177744755009241381883930415357131497696818804119586485386508743192", "timestamp": "1769382484881", "hash": "b5941c09783a8f5bb40e691e4084312ff8563a98", "bids": [{"price": "0.01", "size": "614.79"}, {"price": "0.02", "size": "157.03"}, {"price": "0.03", "size": "12.74"}, {"price": "0.04", "size": "6"}, {"price": "0.05", "size": "100"}, {"price": "0.06", "size": "43.95"}], "asks": [{"price": "0.99", "size": "614.79"}, {"price": "0.98", "size": "188.72"}, {"price": "0.97", "size": "33"}, {"price": "0.96", "size": "89.21"}, {"price": "0.95", "size": "70.7"}, {"price": "0.94", "size": "46.17"}], "event_type": "book", "last_trade_price": ""}, {"market": "0x45c236f1beb7b98aa5de18f8589293d8aaac1f394cd401870b346ebb4d406771", "asset_id": "10814370441978004518818899241302722641720659751934104063293590689665491465943", "timestamp": "1769384350348", "hash": "09d36d010d3b8073c966f122934fedb691dac771", "bids": [{"price": "0.01", "size": "466.74"}, {"price": "0.02", "size": "158.94"}, {"price": "0.03", "size": "151.86"}, {"price": "0.04", "size": "11.94"}, {"price": "0.05", "size": "5.47"}], "asks": [{"price": "0.99", "size": "450"}, {"price": "0.98", "size": "292"}], "event_type": "book", "last_trade_price": ""}]}
