{"_local_timestamp": "2026-01-25T23:34:16.021178+00:00", "data": [{"market": "0x7d1aa9bf2ce16337a2502452b15916447f4d946ca0c9421f57d0143e4028de7a", "asset_id": "75336270518595207900873530323615722326936296996315737131368237316703355739988", "timestamp": "1769383994347", "hash": "707891cc40e6058711e425b0e64a2e2e53f66818", "bids": [{"price": "0.01", "size": "245.8"}, {"price": "0.03", "size": "28.01"}, {"price": "0.05", "size": "20"}, {"price": "0.06", "size": "16.69"}, {"price": "0.42", "size": "30.95"}, {"price": "0.43", "size": "25.58"}, {"price": "0.45", "size": "79"}, {"price": "0.57", "size": "80"}], "asks": [{"price": "0.99", "size": "86.36"}, {"price": "0.97", "size": "5.19"}, {"price": "0.96", "size": "700"}, {"price": "0.93", "size": "500"}, {"price": "0.92", "size": "5.59"}, {"price": "0.83", "size": "76.47"}, {"price": "0.82", "size": "61.11"}, {"price": "0.73", "size": "10"}, {"price": "0.67", "size": "100"}, {"price": "0.62", "size": "20"}], "event_type": "book", "last_trade_price": "0.570"}, {"market": "0x7d1aa9bf2ce16337a2502452b15916447f4d946ca0c9421f57d0143e4028de7a", "asset_id": "36406966981909436292261195143255744585076508278343838580183547299242691670017", "timestamp": "1769383994347", "hash": "aedf626d1bfff7e8d778d986825f41b515088187", "bids": [{"price": "0.01", "size": "86.36"}, {"price": "0.03", "size": "5.19"}, {"price": "0.04", "size": "700"}, {"price": "0.07", "size": "500"}, {"price": "0.08", "size": "5.59"}, {"price": "0.17", "size": "76.47"}, {"price": "0.18", "size": "61.11"}, {"price": "0.27", "size": "10"}, {"price": "0.33", "size": "100"}, {"price": "0.38", "size": "20"}], "asks": [{"price": "0.99", "size": "245.8"}, {"price": "0.97", "size": "28.01"}, {"price": "0.95", "size": "20"}, {"price": "0.94", "size": "16.69"}, {"price": "0.58", "size": "30.95"}, {"price": "0.57", "size": "25.58"}, {"price": "0.55", "size": "79"}, {"price": "0.43", "size": "80"}], "event_type": "book", "last_trade_price": "0.570"}, {"market": "0x4573b43ec1251d809353918b21823beb047b4d09d95ce40848a6e3741dcfeefe", "asset_id": "55827795285943822219977112668234275057367181205772939608251873514290972027412", "timestamp": "1769383942281", "hash": "d5b6ef8f4d8fe0c7388bd9a65beb96e2a0dd5785", "bids": [{"price": "0.01", "size": "245.45"}, {"price": "0.02", "size": "700"}, {"price": "0.03", "size": "13.41"}, {"price": "0.05", "size": "20"}, {"price": "0.07", "size": "500"}, {"price": "0.08", "size": "300"}, {"price": "0.09", "size": "16.03"}, {"price": "0.5", "size": "26"}, {"price": "0.51", "size": "21.56"}, {"price": "0.62", "size": "100"}, {"price": "0.63", "size": "19"}], "asks": [{"price": "0.99", "size": "86.71"}, {"price": "0.97", "size": "19.98"}, {"price": "0.8", "size": "75"}, {"price": "0.79", "size": "52.38"}, {"price": "0.72", "size": "98.61"}], "event_type": "book", "last_trade_price": "0.280"}, {"market": "0xd035a2eb5d4e49a45fb5b4b560c9c1325464e98f2d7806b0bb991f02a7e09101", "asset_id": "108247984323788555794349635386850066630614344050695781306585547741886371227545", "timestamp": "1769383221222", "hash": "af36b9a8afd06ac0914b68089b37db62cbe97047", "bids": [{"price": "0.01", "size": "237.74"}, {"price": "0.02", "size": "46.12"}, {"price": "0.05", "size": "20"}, {"price": "0.06", "size": "16.66"}, {"price": "0.47", "size": "27.65"}, {"price": "0.48", "size": "22.91"}, {"price": "0.49", "size": "79"}, {"price": "0.66", "size": "80"}], "asks": [{"price": "0.99", "size": "86.07"}, {"price": "0.98", "size": "700"}, {"price": "0.97", "size": "20.19"}, {"price": "0.91", "size": "444.44"}, {"price": "0.79", "size": "10"}, {"price": "0.78", "size": "50"}, {"price": "0.76", "size": "100"}, {"price": "0.72", "size": "3.61"}, {"price": "0.71", "size": "20"}], "event_type": "book", "last_trade_price": "0.660"}, {"market": "0x4573b43ec1251d809353918b21823beb047b4d09d95ce40848a6e3741dcfeefe", "asset_id": "30834899181734598634438955315387092909298682883409651891855142418521670029894", "timestamp": "1769383942281", "hash": "d4f6b7fa6906d783f8ed32920486ef5b483a7706", "bids": [{"price": "0.01", "size": "86.71"}, {"price": "0.03", "size": "19.98"}, {"price": "0.2", "size": "75"}, {"price": "0.21", "size": "52.38"}, {"price": "0.28", "size": "98.61"}], "asks": [{"price": "0.99", "size": "245.45"}, {"price": "0.98", "size": "700"}, {"price": "0.97", "size": "13.41"}, {"price": "0.95", "size": "20"}, {"price": "0.93", "size": "500"}, {"price": "0.92", "size": "300"}, {"price": "0.91", "size": "16.03"}, {"price": "0.5", "size": "26"}, {"price": "0.49", "size": "21.56"}, {"price": "0.38", "size": "100"}, {"price": "0.37", "size": "19"}], "event_type": "book", "last_trade_price": "0.280"}, {"market": "0xd035a2eb5d4e49a45fb5b4b560c9c1325464e98f2d7806b0bb991f02a7e09101", "asset_id": "18154111245610453356914690620229549095171695744789254972303218891368200373369", "timestamp": "1769383221222", "hash": "e5b9d4c4309912ef689423706264795f6150cb55", "bids": [{"price": "0.01", "size": "86.07"}, {"price": "0.02", "size": "700"}, {"price": "0.03", "size": "20.19"}, {"price": "0.09", "size": "444.44"}, {"price": "0.21", "size": "10"}, {"price": "0.22", "size": "50"}, {"price": "0.24", "size": "100"}, {"price": "0.28", "size": "3.61"}, {"price": "0.29", "size": "20"}], "asks": [{"price": "0.99", "size": "237.74"}, {"price": "0.98", "size": "46.12"}, {"price": "0.95", "size": "20"}, {"price": "0.94", "size": "16.66"}, {"price": "0.53", "size": "27.65"}, {"price": "0.52", "size": "22.91"}, {"price": "0.51", "size": "79"}, {"price": "0.34", "size": "80"}], "event_type": "book", "last_trade_price": "0.660"}]}
{"_local_timestamp": "2026-01-25T23:34:40.017029+00:00", "data": {"market": "0x4573b43ec1251d809353918b21823beb047b4d09d95ce40848a6e3741dcfeefe", "price_changes": [{"asset_id": "55827795285943822219977112668234275057367181205772939608251873514290972027412", "price": "0.07", "size": "0", "side": "BUY", "hash": "164e3329181862cec83beff7e1108424241fb709", "best_bid": "0.63", "best_ask": "0.72"}, {"asset_id": "30834899181734598634438955315387092909298682883409651891855142418521670029894", "price": "0.93", "size": "0", "side": "SELL", "hash": "0a19f08cf5db2603878e748e407b7c68191a02cd", "best_bid": "0.28", "best_ask": "0.37"}], "timestamp": "1769384079830", "event_type": "price_change"}}
{"_local_timestamp": "2026-01-25T23:34:40.018293+00:00", "data": {"market": "0x7d1aa9bf2ce16337a2502452b15916447f4d946ca0c9421f57d0143e4028de7a", "price_changes": [{"asset_id": "36406966981909436292261195143255744585076508278343838580183547299242691670017", "price": "0.04", "size": "0", "side": "BUY", "hash": "b54f3773489ef92996722b398e38e07e7105f8a1", "best_bid": "0.38", "best_ask": "0.43"}, {"asset_id": "75336270518595207900873530323615722326936296996315737131368237316703355739988", "price": "0.96", "size": "0", "side": "SELL", "hash": "6ed13a6d7b7a46d91b0988012ece5a9f3e7c6365", "best_bid": "0.57", "best_ask": "0.62"}], "timestamp": "1769384079830", "event_type": "price_change"}}
{"_local_timestamp": "2026-01-25T23:34:40.018698+00:00", "data": {"market": "0x7d1aa9bf2ce16337a2502452b15916447f4d946ca0c9421f57d0143e4028de7a", "price_changes": [{"asset_id": "36406966981909436292261195143255744585076508278343838580183547299242691670017", "price": "0.07", "size": "0", "side": "BUY", "hash": "b54f3773489ef92996722b398e38e07e7105f8a1", "best_bid": "0.38", "best_ask": "0.43"}, {"asset_id": "75336270518595207900873530323615722326936296996315737131368237316703355739988", "price": "0.93", "size": "0", "side": "SELL", "hash": "6ed13a6d7b7a46d91b0988012ece5a9f3e7c6365", "best_bid": "0.57", "best_ask": "0.62"}], "timestamp": "1769384079830", "event_type": "price_change"}}
{"_local_timestamp": "2026-01-25T23:34:40.334554+00:00", "data": {"market": "0x4573b43ec1251d809353918b21823beb047b4d09d95ce40848a6e3741dcfeefe", "price_changes": [{"asset_id": "55827795285943822219977112668234275057367181205772939608251873514290972027412", "price": "0.05", "size": "520", "side": "BUY", "hash": "1bb34753f4fb639c4126fdf539de05139fbbf10e", "best_bid": "0.63", "best_ask": "0.72"}, {"asset_id": "30834899181734598634438955315387092909298682883409651891855142418521670029894", "price": "0.95", "size": "520", "side": "SELL", "hash": "10202c84b78f120f2f343258a42e5a7ac9b72970", "best_bid": "0.28", "best_ask": "0.37"}], "timestamp": "1769384080132", "event_type": "price_change"}}
{"_local_timestamp": "2026-01-25T23:34:40.334992+00:00", "data": {"market": "0x7d1aa9bf2ce16337a2502452b15916447f4d946ca0c9421f57d0143e4028de7a", "price_changes": [{"asset_id": "36406966981909436292261195143255744585076508278343838580183547299242691670017", "price": "0.02", "size": "700", "side": "BUY", "hash": "b5da2fdb94e5e3c19356dbfd727bf859d6bb3e2c", "best_bid": "0.38", "best_ask": "0.43"}, {"asset_id": "75336270518595207900873530323615722326936296996315737131368237316703355739988", "price": "0.98", "size": "700", "side": "SELL", "hash": "e0a2113bb061cf27db7bd61689214d28ab19a64f", "best_bid": "0.57", "best_ask": "0.62"}], "timestamp": "1769384080126", "event_type": "price_change"}}
{"_local_timestamp": "2026-01-25T23:34:40.382914+00:00", "data": {"market": "0x4573b43ec1251d809353918b21823beb047b4d09d95ce40848a6e3741dcfeefe", "price_changes": [{"asset_id": "55827795285943822219977112668234275057367181205772939608251873514290972027412", "price": "0.01", "size": "1045.45", "side": "BUY", "hash": "41a952d17ab940f5375a4ae95cb0aef89716abfe", "best_bid": "0.63", "best_ask": "0.72"}, {"asset_id": "30834899181734598634438955315387092909298682883409651891855142418521670029894", "price": "0.99", "size": "1045.45", "side": "SELL", "hash": "83b102da6ea8bc87e8c4acf486e324f43ab863f1", "best_bid": "0.28", "best_ask": "0.37"}], "timestamp": "1769384080168", "event_type": "price_change"}}
{"_local_timestamp": "2026-01-25T23:35:45.015119+00:00", "data": {"market": "0x7d1aa9bf2ce16337a2502452b15916447f4d946ca0c9421f57d0143e4028de7a", "price_changes": [{"asset_id": "75336270518595207900873530323615722326936296996315737131368237316703355739988", "price": "0.01", "size": "237.77", "side": "BUY", "hash": "cebf3573e49757e562f832cf3881fedf3721820d", "best_bid": "0.57", "best_ask": "0.62"}, {"asset_id": "36406966981909436292261195143255744585076508278343838580183547299242691670017", "price": "0.99", "size": "237.77", "side": "SELL", "hash": "5bf672a7aadc6af5a5060cf22e3f98e2cfc7d63f", "best_bid": "0.38", "best_ask": "0.43"}], "timestamp": "1769384144947", "event_type": "price_change"}}
{"_local_timestamp": "2026-01-25T23:35:45.019891+00:00", "data": {"market": "0x7d1aa9bf2ce16337a2502452b15916447f4d946ca0c9421f57d0143e4028de7a", "price_changes": [{"asset_id": "75336270518595207900873530323615722326936296996315737131368237316703355739988", "price": "0.03", "size": "0", "side": "BUY", "hash": "cebf3573e49757e562f832cf3881fedf3721820d", "best_bid": "0.57", "best_ask": "0.62"}, {"asset_id": "36406966981909436292261195143255744585076508278343838580183547299242691670017", "price": "0.97", "size": "0", "side": "SELL", "hash": "5bf672a7aadc6af5a5060cf22e3f98e2cfc7d63f", "best_bid": "0.38", "best_ask": "0.43"}], "timestamp": "1769384144947", "event_type": "price_change"}}
{"_local_timestamp": "2026-01-25T23:35:47.031207+00:00", "data": {"market": "0x7d1aa9bf2ce16337a2502452b15916447f4d946ca0c9421f57d0143e4028de7a", "price_changes": [{"asset_id": "75336270518595207900873530323615722326936296996315737131368237316703355739988", "price": "0.02", "size": "7.64", "side": "BUY", "hash": "f0de2fed0e296b1b08b910f34e6fd638b431acec", "best_bid": "0.57", "best_ask": "0.62"}, {"asset_id": "36406966981909436292261195143255744585076508278343838580183547299242691670017", "price": "0.98", "size": "7.64", "side": "SELL", "hash": "85794d4f66421274a5e3e0686bcfed51ca0c7318", "best_bid": "0.38", "best_ask": "0.43"}], "timestamp": "1769384146960", "event_type": "price_change"}}
{"_local_timestamp": "2026-01-25T23:35:47.031646+00:00", "data": {"market": "0x7d1aa9bf2ce16337a2502452b15916447f4d946ca0c9421f57d0143e4028de7a", "price_changes": [{"asset_id": "75336270518595207900873530323615722326936296996315737131368237316703355739988", "price": "0.04", "size": "19.2", "side": "BUY", "hash": "828092d26d0c9a852d3cb1959834327e8366b762", "best_bid": "0.57", "best_ask": "0.62"}, {"asset_id": "36406966981909436292261195143255744585076508278343838580183547299242691670017", "price": "0.96", "size": "19.2", "side": "SELL", "hash": "513b7972af70ccfcaeed95823e610e5e0b457054", "best_bid": "0.38", "best_ask": "0.43"}], "timestamp": "1769384146963", "event_type": "price_change"}}
{"_local_timestamp": "2026-01-25T23:36:04.589306+00:00", "data": {"market": "0x7d1aa9bf2ce16337a2502452b15916447f4d946ca0c9421f57d0143e4028de7a", "price_changes": [{"asset_id": "36406966981909436292261195143255744585076508278343838580183547299242691670017", "price": "0.01", "size": "6085.47", "side": "BUY", "hash": "63be4b91c7fbcdb4230054688aab408b0d772a8f", "best_bid": "0.38", "best_ask": "0.43"}, {"asset_id": "75336270518595207900873530323615722326936296996315737131368237316703355739988", "price": "0.99", "size": "6085.47", "side": "SELL", "hash": "8936fd9a46c4c99d676e0df62e375fb388fdb636", "best_bid": "0.57", "best_ask": "0.62"}], "timestamp": "1769384164524", "event_type": "price_change"}}
{"_local_timestamp": "2026-01-25T23:36:04.590059+00:00", "data": {"market": "0x4573b43ec1251d809353918b21823beb047b4d09d95ce40848a6e3741dcfeefe", "price_changes": [{"asset_id": "55827795285943822219977112668234275057367181205772939608251873514290972027412", "price": "0.02", "size": "13699.11", "side": "BUY", "hash": "05573f08a58274922a46cbb8a88c9f525ff8e8af", "best_bid": "0.63", "best_ask": "0.72"}, {"asset_id": "30834899181734598634438955315387092909298682883409651891855142418521670029894", "price": "0.98", "size": "13699.11", "side": "SELL", "hash": "2d5c3b67e811dc6c27f08ff1c62115280024e92b", "best_bid": "0.28", "best_ask": "0.37"}], "timestamp": "1769384164524", "event_type": "price_change"}}
{"_local_timestamp": "2026-01-25T23:36:04.594794+00:00", "data": {"market": "0x7d1aa9bf2ce16337a2502452b15916447f4d946ca0c9421f57d0143e4028de7a", "price_changes": [{"asset_id": "36406966981909436292261195143255744585076508278343838580183547299242691670017", "price": "0.01", "size": "31084.58", "side": "BUY", "hash": "6dd14cddee63ba2c14832774cddd569fc4a7186b", "best_bid": "0.38", "best_ask": "0.43"}, {"asset_id": "75336270518595207900873530323615722326936296996315737131368237316703355739988", "price": "0.99", "size": "31084.58", "side": "SELL", "hash": "13e4ba1e37e48ac61a542524f86d8c540928d2e4", "best_bid": "0.57", "best_ask": "0.62"}], "timestamp": "1769384164524", "event_type": "price_change"}}
{"_local_timestamp": "2026-01-25T23:36:04.595167+00:00", "data": {"market": "0x4573b43ec1251d809353918b21823beb047b4d09d95ce40848a6e3741dcfeefe", "price_changes": [{"asset_id": "55827795285943822219977112668234275057367181205772939608251873514290972027412", "price": "0.05", "size": "6519.11", "side": "BUY", "hash": "549d2318e4cb66f41223e95a6941f989b493519b", "best_bid": "0.63", "best_ask": "0.72"}, {"asset_id": "30834899181734598634438955315387092909298682883409651891855142418521670029894", "price": "0.95", "size": "6519.11", "side": "SELL", "hash": "054b721c1fb802879733d8cdda5d493ef87a17ac", "best_bid": "0.28", "best_ask": "0.37"}], "timestamp": "1769384164525", "event_type": "price_change"}}
{"_local_timestamp": "2026-01-25T23:36:04.595468+00:00", "data": {"market": "0x7d1aa9bf2ce16337a2502452b15916447f4d946ca0c9421f57d0143e4028de7a", "price_changes": [{"asset_id": "36406966981909436292261195143255744585076508278343838580183547299242691670017", "price": "0.01", "size": "72083.69", "side": "BUY", "hash": "8bb01b19cb8b9e46bb98f6fc2a8a92cd713d568d", "best_bid": "0.38", "best_ask": "0.43"}, {"asset_id": "75336270518595207900873530323615722326936296996315737131368237316703355739988", "price": "0.99", "size": "72083.69", "side": "SELL", "hash": "195ce7f8e2228f1c1bba144756dd6449a01ca0b1", "best_bid": "0.57", "best_ask": "0.62"}], "timestamp": "1769384164525", "event_type": "price_change"}}
{"_local_timestamp": "2026-01-25T23:36:04.595743+00:00", "data": {"market": "0x4573b43ec1251d809353918b21823beb047b4d09d95ce40848a6e3741dcfeefe", "price_changes": [{"asset_id": "55827795285943822219977112668234275057367181205772939608251873514290972027412", "price": "0.01", "size": "42044.56", "side": "BUY", "hash": "2d4b9ea6b102a67382bf2ec378cf62e95316eeb4", "best_bid": "0.63", "best_ask": "0.72"}, {"asset_id": "30834899181734598634438955315387092909298682883409651891855142418521670029894", "price": "0.99", "size": "42044.56", "side": "SELL", "hash": "3daa9c4636ea028c9fcd5bfeaf9b323cd7119d00", "best_bid": "0.28", "best_ask": "0.37"}], "timestamp": "1769384164525", "event_type": "price_change"}}
{"_local_timestamp": "2026-01-25T23:36:04.596029+00:00", "data": {"market": "0x7d1aa9bf2ce16337a2502452b15916447f4d946ca0c9421f57d0143e4028de7a", "price_changes": [{"asset_id": "36406966981909436292261195143255744585076508278343838580183547299242691670017", "price": "0.03", "size": "6004.3", "side": "BUY", "hash": "20fcd112e599be02a50c06032546c7b73fe2f9cb", "best_bid": "0.38", "best_ask": "0.43"}, {"asset_id": "75336270518595207900873530323615722326936296996315737131368237316703355739988", "price": "0.97", "size": "6004.3", "side": "SELL", "hash": "05558ad9826c8aeeedd22f62f1c538f1b92ab707", "best_bid": "0.57", "best_ask": "0.62"}], "timestamp": "1769384164526", "event_type": "price_change"}}
{"_local_timestamp": "2026-01-25T23:36:04.596302+00:00", "data": {"market": "0x4573b43ec1251d809353918b21823beb047b4d09d95ce40848a6e3741dcfeefe", "price_changes": [{"asset_id": "55827795285943822219977112668234275057367181205772939608251873514290972027412", "price": "0.02", "size": "19698.22", "side": "BUY", "hash": "67522f8a67274d68f0570319c01983cd9e898421", "best_bid": "0.63", "best_ask": "0.72"}, {"asset_id": "30834899181734598634438955315387092909298682883409651891855142418521670029894", "price": "0.98", "size": "19698.22", "side": "SELL", "hash": "93b5943f8cf460d44cfecf83b494bc9f1e8da9ff", "best_bid": "0.28", "best_ask": "0.37"}], "timestamp": "1769384164526", "event_type": "price_change"}}
{"_local_timestamp": "2026-01-25T23:36:04.596567+00:00", "data": {"market": "0x7d1aa9bf2ce16337a2502452b15916447f4d946ca0c9421f57d0143e4028de7a", "price_changes": [{"asset_id": "36406966981909436292261195143255744585076508278343838580183547299242691670017", "price": "0.01", "size": "85082.8", "side": "BUY", "hash": "bef7650cb4bccb02e3c52ef43b7eb4779874cda4", "best_bid": "0.38", "best_ask": "0.43"}, {"asset_id": "75336270518595207900873530323615722326936296996315737131368237316703355739988", "price": "0.99", "size": "85082.8", "side": "SELL", "hash": "3f99103651238f8937dbd0f387e59db80601c9b7", "best_bid": "0.57", "best_ask": "0.62"}], "timestamp": "1769384164527", "event_type": "price_change"}}
{"_local_timestamp": "2026-01-25T23:36:04.596849+00:00", "data": {"market": "0x4573b43ec1251d809353918b21823beb047b4d09d95ce40848a6e3741dcfeefe", "price_changes": [{"asset_id": "55827795285943822219977112668234275057367181205772939608251873514290972027412", "price": "0.06", "size": "5999.11", "side": "BUY", "hash": "d96292606c2753859182a036577b09858f0c1bb6", "best_bid": "0.63", "best_ask": "0.72"}, {"asset_id": "30834899181734598634438955315387092909298682883409651891855142418521670029894", "price": "0.94", "size": "5999.11", "side": "SELL", "hash": "7d854c7e02e7dffa1643a6f1c738d74b53ba97f6", "best_bid": "0.28", "best_ask": "0.37"}], "timestamp": "1769384164527", "event_type": "price_change"}}
{"_local_timestamp": "2026-01-25T23:36:04.731370+00:00", "data": {"market": "0x7d1aa9bf2ce16337a2502452b15916447f4d946ca0c9421f57d0143e4028de7a", "price_changes": [{"asset_id": "36406966981909436292261195143255744585076508278343838580183547299242691670017", "price": "0.02", "size": "6699.11", "side": "BUY", "hash": "a76491d6816a50f11996c464be372c9bac3c5440", "best_bid": "0.38", "best_ask": "0.43"}, {"asset_id": "75336270518595207900873530323615722326936296996315737131368237316703355739988", "price": "0.98", "size": "6699.11", "side": "SELL", "hash": "cae25bec54858419451eef42c9a5424f88438520", "best_bid": "0.57", "best_ask": "0.62"}], "timestamp": "1769384164527", "event_type": "price_change"}}
{"_local_timestamp": "2026-01-25T23:36:04.731829+00:00", "data": {"market": "0x4573b43ec1251d809353918b21823beb047b4d09d95ce40848a6e3741dcfeefe", "price_changes": [{"asset_id": "55827795285943822219977112668234275057367181205772939608251873514290972027412", "price": "0.02", "size": "44697.33", "side": "BUY", "hash": "b502436d6b88f19bffe191f4c5a415e51a6e4d67", "best_bid": "0.63", "best_ask": "0.72"}, {"asset_id": "30834899181734598634438955315387092909298682883409651891855142418521670029894", "price": "0.98", "size": "44697.33", "side": "SELL", "hash": "b66c985799bfae6bf007175fcfd783382fdf053e", "best_bid": "0.28", "best_ask": "0.37"}], "timestamp": "1769384164527", "event_type": "price_change"}}
{"_local_timestamp": "2026-01-25T23:37:30.547514+00:00", "data": {"market": "0x7d1aa9bf2ce16337a2502452b15916447f4d946ca0c9421f57d0143e4028de7a", "price_changes": [{"asset_id": "36406966981909436292261195143255744585076508278343838580183547299242691670017", "price": "0.02", "size": "5999.11", "side": "BUY", "hash": "b6cec3c0a00cd486dace87e82d87de5760d2e8bc", "best_bid": "0.38", "best_ask": "0.43"}, {"asset_id": "75336270518595207900873530323615722326936296996315737131368237316703355739988", "price": "0.98", "size": "5999.11", "side": "SELL", "hash": "a2138d6f20a440831bfcfd60d7e6b2d26ad8c2f5", "best_bid": "0.57", "best_ask": "0.62"}], "timestamp": "1769384250477", "event_type": "price_change"}}
{"_local_timestamp": "2026-01-25T23:37:30.547975+00:00", "data": {"market": "0x4573b43ec1251d809353918b21823beb047b4d09d95ce40848a6e3741dcfeefe", "price_changes": [{"asset_id": "55827795285943822219977112668234275057367181205772939608251873514290972027412", "price": "0.01", "size": "41244.56", "side": "BUY", "hash": "14e5740bd4b527ea484cd01abba1fe0818f3a2f2", "best_bid": "0.63", "best_ask": "0.72"}, {"asset_id": "30834899181734598634438955315387092909298682883409651891855142418521670029894", "price": "0.99", "size": "41244.56", "side": "SELL", "hash": "453e6f903e312b888b1c5537c8da2ca21dcf27f5", "best_bid": "0.28", "best_ask": "0.37"}], "timestamp": "1769384250477", "event_type": "price_change"}}
{"_local_timestamp": "2026-01-25T23:37:30.617713+00:00", "data": {"market": "0x7d1aa9bf2ce16337a2502452b15916447f4d946ca0c9421f57d0143e4028de7a", "price_changes": [{"asset_id": "75336270518595207900873530323615722326936296996315737131368237316703355739988", "price": "0.01", "size": "6236.88", "side": "BUY", "hash": "f0f5e4ae15af1d114c97fd9bc906552024dbf62a", "best_bid": "0.57", "best_ask": "0.62"}, {"asset_id": "36406966981909436292261195143255744585076508278343838580183547299242691670017", "price": "0.99", "size": "6236.88", "side": "SELL", "hash": "c79d7b1ac3f8bf7e82dd41a2b867b088b7d31682", "best_bid": "0.38", "best_ask": "0.43"}], "timestamp": "1769384250550", "event_type": "price_change"}}
{"_local_timestamp": "2026-01-25T23:37:30.618174+00:00", "data": {"market": "0x7d1aa9bf2ce16337a2502452b15916447f4d946ca0c9421f57d0143e4028de7a", "price_changes": [{"asset_id": "36406966981909436292261195143255744585076508278343838580183547299242691670017", "price": "0.02", "size": "0", "side": "BUY", "hash": "f3d734ea304511cefc84333161af616ee8590fe2", "best_bid": "0.38", "best_ask": "0.43"}, {"asset_id": "75336270518595207900873530323615722326936296996315737131368237316703355739988", "price": "0.98", "size": "0", "side": "SELL", "hash": "5a7436841b8cd42f91d1e154447584999273c58e", "best_bid": "0.57", "best_ask": "0.62"}], "timestamp": "1769384250552", "event_type": "price_change"}}
{"_local_timestamp": "2026-01-25T23:37:30.622790+00:00", "data": {"market": "0x4573b43ec1251d809353918b21823beb047b4d09d95ce40848a6e3741dcfeefe", "price_changes": [{"asset_id": "55827795285943822219977112668234275057367181205772939608251873514290972027412", "price": "0.02", "size": "700", "side": "BUY", "hash": "edd4f51f08598b158337c37ec02216e7d513532d", "best_bid": "0.63", "best_ask": "0.72"}, {"asset_id": "30834899181734598634438955315387092909298682883409651891855142418521670029894", "price": "0.98", "size": "700", "side": "SELL", "hash": "741e3bf5c8b8a050e83d358220138cebcf694d24", "best_bid": "0.28", "best_ask": "0.37"}], "timestamp": "1769384250552", "event_type": "price_change"}}
{"_local_timestamp": "2026-01-25T23:37:30.660883+00:00", "data": {"market": "0x7d1aa9bf2ce16337a2502452b15916447f4d946ca0c9421f57d0143e4028de7a", "price_changes": [{"asset_id": "75336270518595207900873530323615722326936296996315737131368237316703355739988", "price": "0.01", "size": "19235.99", "side": "BUY", "hash": "d473ee7a1f948a531814a3f3e7c9c060af1e5c01", "best_bid": "0.57", "best_ask": "0.62"}, {"asset_id": "36406966981909436292261195143255744585076508278343838580183547299242691670017", "price": "0.99", "size": "19235.99", "side": "SELL", "hash": "d4589c169dad53f0ab77b7c51d083275685f5aaa", "best_bid": "0.38", "best_ask": "0.43"}], "timestamp": "1769384250591", "event_type": "price_change"}}
{"_local_timestamp": "2026-01-25T23:37:30.661372+00:00", "data": {"market": "0x4573b43ec1251d809353918b21823beb047b4d09d95ce40848a6e3741dcfeefe", "price_changes": [{"asset_id": "30834899181734598634438955315387092909298682883409651891855142418521670029894", "price": "0.01", "size": "25085.82", "side": "BUY", "hash": "9d8e4b8274a751bd551b618bf61492f895fd31ee", "best_bid": "0.28", "best_ask": "0.37"}, {"asset_id": "55827795285943822219977112668234275057367181205772939608251873514290972027412", "price": "0.99", "size": "25085.82", "side": "SELL", "hash": "100caec090462eaf7f0f30a436621889211860fc", "best_bid": "0.63", "best_ask": "0.72"}], "timestamp": "1769384250591", "event_type": "price_change"}}
{"_local_timestamp": "2026-01-25T23:37:30.661730+00:00", "data": {"market": "0x4573b43ec1251d809353918b21823beb047b4d09d95ce40848a6e3741dcfeefe", "price_changes": [{"asset_id": "30834899181734598634438955315387092909298682883409651891855142418521670029894", "price": "0.01", "size": "31084.93", "side": "BUY", "hash": "a9f2bbebb8e93b80482f305507af89ce312404bb", "best_bid": "0.28", "best_ask": "0.37"}, {"asset_id": "55827795285943822219977112668234275057367181205772939608251873514290972027412", "price": "0.99", "size": "31084.93", "side": "SELL", "hash": "60b0965ccee747a9b72c904697d7162fcd121a76", "best_bid": "0.63", "best_ask": "0.72"}], "timestamp": "1769384250592", "event_type": "price_change"}}
{"_local_timestamp": "2026-01-25T23:37:30.662070+00:00", "data": {"market": "0x7d1aa9bf2ce16337a2502452b15916447f4d946ca0c9421f57d0143e4028de7a", "price_changes": [{"asset_id": "75336270518595207900873530323615722326936296996315737131368237316703355739988", "price": "0.01", "size": "60235.1", "side": "BUY", "hash": "a0f2a7b9e51add6ea91dec5c356de10dd8180620", "best_bid": "0.57", "best_ask": "0.62"}, {"asset_id": "36406966981909436292261195143255744585076508278343838580183547299242691670017", "price": "0.99", "size": "60235.1", "side": "SELL", "hash": "414e0f8d1ca59a1686ab5308d6371b9498ad753d", "best_bid": "0.38", "best_ask": "0.43"}], "timestamp": "1769384250592", "event_type": "price_change"}}
{"_local_timestamp": "2026-01-25T23:37:30.667325+00:00", "data": {"market": "0x4573b43ec1251d809353918b21823beb047b4d09d95ce40848a6e3741dcfeefe", "price_changes": [{"asset_id": "30834899181734598634438955315387092909298682883409651891855142418521670029894", "price": "0.01", "size": "44084.04", "side": "BUY", "hash": "177076618c02ec47db5dda14e66edb19e9786124", "best_bid": "0.28", "best_ask": "0.37"}, {"asset_id": "55827795285943822219977112668234275057367181205772939608251873514290972027412", "price": "0.99", "size": "44084.04", "side": "SELL", "hash": "bb1b2870f7f441a2441bb64bf30aeee92cd640d4", "best_bid": "0.63", "best_ask": "0.72"}], "timestamp": "1769384250593", "event_type": "price_change"}}
{"_local_timestamp": "2026-01-25T23:37:30.668086+00:00", "data": {"market": "0x7d1aa9bf2ce16337a2502452b15916447f4d946ca0c9421f57d0143e4028de7a", "price_changes": [{"asset_id": "75336270518595207900873530323615722326936296996315737131368237316703355739988", "price": "0.01", "size": "85234.21", "side": "BUY", "hash": "c90454b255a3e15a28f4425c3e227e529f6ec097", "best_bid": "0.57", "best_ask": "0.62"}, {"asset_id": "36406966981909436292261195143255744585076508278343838580183547299242691670017", "price": "0.99", "size": "85234.21", "side": "SELL", "hash": "ae3ab8e7bb7f9188e222ac99c576115082c97748", "best_bid": "0.38", "best_ask": "0.43"}], "timestamp": "1769384250593", "event_type": "price_change"}}
{"_local_timestamp": "2026-01-25T23:37:30.677441+00:00", "data": {"market": "0x4573b43ec1251d809353918b21823beb047b4d09d95ce40848a6e3741dcfeefe", "price_changes": [{"asset_id": "55827795285943822219977112668234275057367181205772939608251873514290972027412", "price": "0.01", "size": "47243.67", "side": "BUY", "hash": "66b6b8f94af4fbc7dd3902ad5b49ae139575176b", "best_bid": "0.63", "best_ask": "0.72"}, {"asset_id": "30834899181734598634438955315387092909298682883409651891855142418521670029894", "price": "0.99", "size": "47243.67", "side": "SELL", "hash": "77c9fd90336a123a68d8398526800768f0c0f3ce", "best_bid": "0.28", "best_ask": "0.37"}], "timestamp": "1769384250594", "event_type": "price_change"}}
{"_local_timestamp": "2026-01-25T23:37:30.677829+00:00", "data": {"market": "0x4573b43ec1251d809353918b21823beb047b4d09d95ce40848a6e3741dcfeefe", "price_changes": [{"asset_id": "55827795285943822219977112668234275057367181205772939608251873514290972027412", "price": "0.01", "size": "72242.78", "side": "BUY", "hash": "1f79b21824b53a7b0eefa9554e944a0eec8b12fa", "best_bid": "0.63", "best_ask": "0.72"}, {"asset_id": "30834899181734598634438955315387092909298682883409651891855142418521670029894", "price": "0.99", "size": "72242.78", "side": "SELL", "hash": "15068779bbad173d45fe4c611b83a3922118dd53", "best_bid": "0.28", "best_ask": "0.37"}], "timestamp": "1769384250595", "event_type": "price_change"}}
{"_local_timestamp": "2026-01-25T23:37:30.678209+00:00", "data": {"market": "0x4573b43ec1251d809353918b21823beb047b4d09d95ce40848a6e3741dcfeefe", "price_changes": [{"asset_id": "30834899181734598634438955315387092909298682883409651891855142418521670029894", "price": "0.01", "size": "85083.15", "side": "BUY", "hash": "d95e4a453bd34d4b44526f3f6eb73b6b6e012ba2", "best_bid": "0.28", "best_ask": "0.37"}, {"asset_id": "55827795285943822219977112668234275057367181205772939608251873514290972027412", "price": "0.99", "size": "85083.15", "side": "SELL", "hash": "9c930e88c338b1a9fddfd505d02215e34fef0be0", "best_bid": "0.63", "best_ask": "0.72"}], "timestamp": "1769384250596", "event_type": "price_change"}}
{"_local_timestamp": "2026-01-25T23:37:30.752401+00:00", "data": {"market": "0x7d1aa9bf2ce16337a2502452b15916447f4d946ca0c9421f57d0143e4028de7a", "price_changes": [{"asset_id": "36406966981909436292261195143255744585076508278343838580183547299242691670017", "price": "0.01", "size": "91081.91", "side": "BUY", "hash": "6454a7a1593d3c13c76766835d6307f64efa947f", "best_bid": "0.38", "best_ask": "0.43"}, {"asset_id": "75336270518595207900873530323615722326936296996315737131368237316703355739988", "price": "0.99", "size": "91081.91", "side": "SELL", "hash": "61d473be3409a187f175873639cbe2c2bb9faa70", "best_bid": "0.57", "best_ask": "0.62"}], "timestamp": "1769384250631", "event_type": "price_change"}}
{"_local_timestamp": "2026-01-25T23:37:30.752826+00:00", "data": {"market": "0x4573b43ec1251d809353918b21823beb047b4d09d95ce40848a6e3741dcfeefe", "price_changes": [{"asset_id": "30834899181734598634438955315387092909298682883409651891855142418521670029894", "price": "0.01", "size": "91082.26", "side": "BUY", "hash": "31f4917c1bfeff8c93e1bba578da173a90caf921", "best_bid": "0.28", "best_ask": "0.37"}, {"asset_id": "55827795285943822219977112668234275057367181205772939608251873514290972027412", "price": "0.99", "size": "91082.26", "side": "SELL", "hash": "1c3cea65834702bd9fa565b31c315429775b505b", "best_bid": "0.63", "best_ask": "0.72"}], "timestamp": "1769384250631", "event_type": "price_change"}}
{"_local_timestamp": "2026-01-25T23:37:30.753207+00:00", "data": {"market": "0x4573b43ec1251d809353918b21823beb047b4d09d95ce40848a6e3741dcfeefe", "price_changes": [{"asset_id": "55827795285943822219977112668234275057367181205772939608251873514290972027412", "price": "0.01", "size": "85241.89", "side": "BUY", "hash": "b9aea30ec88f83e8044411af75cff44d71685554", "best_bid": "0.63", "best_ask": "0.72"}, {"asset_id": "30834899181734598634438955315387092909298682883409651891855142418521670029894", "price": "0.99", "size": "85241.89", "side": "SELL", "hash": "e5b094f7b5d6281dc1387068027869d712ec89da", "best_bid": "0.28", "best_ask": "0.37"}], "timestamp": "1769384250632", "event_type": "price_change"}}
{"_local_timestamp": "2026-01-25T23:37:30.753601+00:00", "data": {"market": "0x7d1aa9bf2ce16337a2502452b15916447f4d946ca0c9421f57d0143e4028de7a", "price_changes": [{"asset_id": "75336270518595207900873530323615722326936296996315737131368237316703355739988", "price": "0.01", "size": "91233.32", "side": "BUY", "hash": "3c3b154370788765028438d579125b8b4fe13f55", "best_bid": "0.57", "best_ask": "0.62"}, {"asset_id": "36406966981909436292261195143255744585076508278343838580183547299242691670017", "price": "0.99", "size": "91233.32", "side": "SELL", "hash": "fc8dfd4c70585a38ed736135804d2743c2f6a9a8", "best_bid": "0.38", "best_ask": "0.43"}], "timestamp": "1769384250632", "event_type": "price_change"}}
{"_local_timestamp": "2026-01-25T23:37:30.829861+00:00", "data": {"market": "0x7d1aa9bf2ce16337a2502452b15916447f4d946ca0c9421f57d0143e4028de7a", "price_changes": [{"asset_id": "36406966981909436292261195143255744585076508278343838580183547299242691670017", "price": "0.03", "size": "6704.3", "side": "BUY", "hash": "d99add5e88ab0f397cd54a9b9003dea9fe51af5b", "best_bid": "0.38", "best_ask": "0.43"}, {"asset_id": "75336270518595207900873530323615722326936296996315737131368237316703355739988", "price": "0.97", "size": "6704.3", "side": "SELL", "hash": "fef8fdf755d71283c316ab40434be99cc636fa38", "best_bid": "0.57", "best_ask": "0.62"}], "timestamp": "1769384250752", "event_type": "price_change"}}
{"_local_timestamp": "2026-01-25T23:38:09.828647+00:00", "data": {"market": "0x7d1aa9bf2ce16337a2502452b15916447f4d946ca0c9421f57d0143e4028de7a", "price_changes": [{"asset_id": "36406966981909436292261195143255744585076508278343838580183547299242691670017", "price": "0.01", "size": "85082.8", "side": "BUY", "hash": "f26ce5304109eea1070b15b38cb5da9e71bde450", "best_bid": "0.38", "best_ask": "0.43"}, {"asset_id": "75336270518595207900873530323615722326936296996315737131368237316703355739988", "price": "0.99", "size": "85082.8", "side": "SELL", "hash": "f4d48660680c2f4e362afc12c22b01f973df8e9d", "best_bid": "0.57", "best_ask": "0.62"}], "timestamp": "1769384289738", "event_type": "price_change"}}
{"_local_timestamp": "2026-01-25T23:38:09.829815+00:00", "data": {"market": "0x4573b43ec1251d809353918b21823beb047b4d09d95ce40848a6e3741dcfeefe", "price_changes": [{"asset_id": "30834899181734598634438955315387092909298682883409651891855142418521670029894", "price": "0.01", "size": "86.71", "side": "BUY", "hash": "2d1b572a4855f01179a8e13b386233cb42f2672a", "best_bid": "0.28", "best_ask": "0.37"}, {"asset_id": "55827795285943822219977112668234275057367181205772939608251873514290972027412", "price": "0.99", "size": "86.71", "side": "SELL", "hash": "ae368fb35b0ade4afa3dfa2bdb333e76dd4e55df", "best_bid": "0.63", "best_ask": "0.72"}], "timestamp": "1769384289738", "event_type": "price_change"}}
{"_local_timestamp": "2026-01-25T23:38:09.830660+00:00", "data": {"market": "0x7d1aa9bf2ce16337a2502452b15916447f4d946ca0c9421f57d0143e4028de7a", "price_changes": [{"asset_id": "75336270518595207900873530323615722326936296996315737131368237316703355739988", "price": "0.01", "size": "237.77", "side": "BUY", "hash": "c8f2b584972bd9937a91b67f1205eeb69a1a4d69", "best_bid": "0.57", "best_ask": "0.62"}, {"asset_id": "36406966981909436292261195143255744585076508278343838580183547299242691670017", "price": "0.99", "size": "237.77", "side": "SELL", "hash": "1e50578e66b4fa50723ba3e98cdb0e4ed818ef7c", "best_bid": "0.38", "best_ask": "0.43"}], "timestamp": "1769384289738", "event_type": "price_change"}}
{"_local_timestamp": "2026-01-25T23:38:09.907178+00:00", "data": {"market": "0x7d1aa9bf2ce16337a2502452b15916447f4d946ca0c9421f57d0143e4028de7a", "price_changes": [{"asset_id": "36406966981909436292261195143255744585076508278343838580183547299242691670017", "price": "0.04", "size": "5999.11", "side": "BUY", "hash": "150f4e3c01a4a4616f108a5d81eaed9f22220cd1", "best_bid": "0.38", "best_ask": "0.43"}, {"asset_id": "75336270518595207900873530323615722326936296996315737131368237316703355739988", "price": "0.96", "size": "5999.11", "side": "SELL", "hash": "fd82edc940784ad339467025cc8f2b0fc72ee3cc", "best_bid": "0.57", "best_ask": "0.62"}], "timestamp": "1769384289825", "event_type": "price_change"}}
{"_local_timestamp": "2026-01-25T23:38:11.391108+00:00", "data": {"market": "0x7d1aa9bf2ce16337a2502452b15916447f4d946ca0c9421f57d0143e4028de7a", "price_changes": [{"asset_id": "75336270518595207900873530323615722326936296996315737131368237316703355739988", "price": "0.01", "size": "6236.88", "side": "BUY", "hash": "33889b3ab3ca07c91c8cfb3558b36aec2c10afd2", "best_bid": "0.57", "best_ask": "0.62"}, {"asset_id": "36406966981909436292261195143255744585076508278343838580183547299242691670017", "price": "0.99", "size": "6236.88", "side": "SELL", "hash": "b7df5fe511b6da9ab06a4277fc9b9b6320fff507", "best_bid": "0.38", "best_ask": "0.43"}], "timestamp": "1769384291316", "event_type": "price_change"}}
{"_local_timestamp": "2026-01-25T23:38:11.391597+00:00", "data": {"market": "0x4573b43ec1251d809353918b21823beb047b4d09d95ce40848a6e3741dcfeefe", "price_changes": [{"asset_id": "30834899181734598634438955315387092909298682883409651891855142418521670029894", "price": "0.01", "size": "6085.82", "side": "BUY", "hash": "f5501ef09a6974050b73fc7648ff3cd99ebed027", "best_bid": "0.28", "best_ask": "0.37"}, {"asset_id": "55827795285943822219977112668234275057367181205772939608251873514290972027412", "price": "0.99", "size": "6085.82", "side": "SELL", "hash": "098d2329a50f516626b68053800ac1cd3d116035", "best_bid": "0.63", "best_ask": "0.72"}], "timestamp": "1769384291316", "event_type": "price_change"}}
{"_local_timestamp": "2026-01-25T23:38:11.391972+00:00", "data": {"market": "0x4573b43ec1251d809353918b21823beb047b4d09d95ce40848a6e3741dcfeefe", "price_changes": [{"asset_id": "30834899181734598634438955315387092909298682883409651891855142418521670029894", "price": "0.01", "size": "19084.93", "side": "BUY", "hash": "19f00dd3d4faec3190677b7a2ae09a33edb1d7ad", "best_bid": "0.28", "best_ask": "0.37"}, {"asset_id": "55827795285943822219977112668234275057367181205772939608251873514290972027412", "price": "0.99", "size": "19084.93", "side": "SELL", "hash": "1910af49c1e30eb8a103552333808e320faafadf", "best_bid": "0.63", "best_ask": "0.72"}], "timestamp": "1769384291317", "event_type": "price_change"}}
{"_local_timestamp": "2026-01-25T23:38:11.392330+00:00", "data": {"market": "0x7d1aa9bf2ce16337a2502452b15916447f4d946ca0c9421f57d0143e4028de7a", "price_changes": [{"asset_id": "75336270518595207900873530323615722326936296996315737131368237316703355739988", "price": "0.01", "size": "47235.99", "side": "BUY", "hash": "0ebbc847dbf26bd65f8f9cacd77e74806351fb35", "best_bid": "0.57", "best_ask": "0.62"}, {"asset_id": "36406966981909436292261195143255744585076508278343838580183547299242691670017", "price": "0.99", "size": "47235.99", "side": "SELL", "hash": "f94129ce46f7ec60fb297d4f0c367985611901ac", "best_bid": "0.38", "best_ask": "0.43"}], "timestamp": "1769384291317", "event_type": "price_change"}}
{"_local_timestamp": "2026-01-25T23:38:11.392695+00:00", "data": {"market": "0x4573b43ec1251d809353918b21823beb047b4d09d95ce40848a6e3741dcfeefe", "price_changes": [{"asset_id": "30834899181734598634438955315387092909298682883409651891855142418521670029894", "price": "0.01", "size": "25084.04", "side": "BUY", "hash": "0ead4c70c2b1943195eeec848cba9f6831647e57", "best_bid": "0.28", "best_ask": "0.37"}, {"asset_id": "55827795285943822219977112668234275057367181205772939608251873514290972027412", "price": "0.99", "size": "25084.04", "side": "SELL", "hash": "aa244354908a6ef7090e24223c3043233c4678df", "best_bid": "0.63", "best_ask": "0.72"}], "timestamp": "1769384291317", "event_type": "price_change"}}
{"_local_timestamp": "2026-01-25T23:38:11.393259+00:00", "data": {"market": "0x7d1aa9bf2ce16337a2502452b15916447f4d946ca0c9421f57d0143e4028de7a", "price_changes": [{"asset_id": "75336270518595207900873530323615722326936296996315737131368237316703355739988", "price": "0.01", "size": "72235.1", "side": "BUY", "hash": "3fe6cc92bcb44a552c04754f091eed1013f7bc48", "best_bid": "0.57", "best_ask": "0.62"}, {"asset_id": "36406966981909436292261195143255744585076508278343838580183547299242691670017", "price": "0.99", "size": "72235.1", "side": "SELL", "hash": "ae6025e66b021284b46562c8683294f861d43922", "best_bid": "0.38", "best_ask": "0.43"}], "timestamp": "1769384291317", "event_type": "price_change"}}
{"_local_timestamp": "2026-01-25T23:38:11.393792+00:00", "data": {"market": "0x7d1aa9bf2ce16337a2502452b15916447f4d946ca0c9421f57d0143e4028de7a", "price_changes": [{"asset_id": "75336270518595207900873530323615722326936296996315737131368237316703355739988", "price": "0.01", "size": "85234.21", "side": "BUY", "hash": "a5d90873e949baa3fd0c28613f975f06a0094b2f", "best_bid": "0.57", "best_ask": "0.62"}, {"asset_id": "36406966981909436292261195143255744585076508278343838580183547299242691670017", "price": "0.99", "size": "85234.21", "side": "SELL", "hash": "a3ffbd917858cb26d5c0542d55e3dc616a7918bb", "best_bid": "0.38", "best_ask": "0.43"}], "timestamp": "1769384291318", "event_type": "price_change"}}
{"_local_timestamp": "2026-01-25T23:38:11.394236+00:00", "data": {"market": "0x4573b43ec1251d809353918b21823beb047b4d09d95ce40848a6e3741dcfeefe", "price_changes": [{"asset_id": "30834899181734598634438955315387092909298682883409651891855142418521670029894", "price": "0.01", "size": "66083.15", "side": "BUY", "hash": "7a2d11c0ef58312577727f7546c770a70f89f156", "best_bid": "0.28", "best_ask": "0.37"}, {"asset_id": "55827795285943822219977112668234275057367181205772939608251873514290972027412", "price": "0.99", "size": "66083.15", "side": "SELL", "hash": "72f11dbc01357bcccd546922f3a9b3f9e904f12a", "best_bid": "0.63", "best_ask": "0.72"}], "timestamp": "1769384291318", "event_type": "price_change"}}
{"_local_timestamp": "2026-01-25T23:38:11.394649+00:00", "data": {"market": "0x4573b43ec1251d809353918b21823beb047b4d09d95ce40848a6e3741dcfeefe", "price_changes": [{"asset_id": "30834899181734598634438955315387092909298682883409651891855142418521670029894", "price": "0.01", "size": "91082.26", "side": "BUY", "hash": "015bf1c45db19592ee6c2636488a52e5054491b3", "best_bid": "0.28", "best_ask": "0.37"}, {"asset_id": "55827795285943822219977112668234275057367181205772939608251873514290972027412", "price": "0.99", "size": "91082.26", "side": "SELL", "hash": "f01164207070a278fe382e848e4c80cc2a9c77e6", "best_bid": "0.63", "best_ask": "0.72"}], "timestamp": "1769384291319", "event_type": "price_change"}}
{"_local_timestamp": "2026-01-25T23:38:59.150161+00:00", "data": {"market": "0x4573b43ec1251d809353918b21823beb047b4d09d95ce40848a6e3741dcfeefe", "price_changes": [{"asset_id": "55827795285943822219977112668234275057367181205772939608251873514290972027412", "price": "0.05", "size": "6019.11", "side": "BUY", "hash": "bd5128035b86d31765ddb08c7685e54780f87fce", "best_bid": "0.63", "best_ask": "0.72"}, {"asset_id": "30834899181734598634438955315387092909298682883409651891855142418521670029894", "price": "0.95", "size": "6019.11", "side": "SELL", "hash": "0f0207c1a47e1cde7077dcd1ca21ad6dffefb584", "best_bid": "0.28", "best_ask": "0.37"}], "timestamp": "1769384338947", "event_type": "price_change"}}
{"_local_timestamp": "2026-01-25T23:38:59.219626+00:00", "data": {"market": "0x4573b43ec1251d809353918b21823beb047b4d09d95ce40848a6e3741dcfeefe", "price_changes": [{"asset_id": "55827795285943822219977112668234275057367181205772939608251873514290972027412", "price": "0.03", "size": "6012.52", "side": "BUY", "hash": "9b25aa248e6380411e775204e9beb1f5fc505368", "best_bid": "0.63", "best_ask": "0.72"}, {"asset_id": "30834899181734598634438955315387092909298682883409651891855142418521670029894", "price": "0.97", "size": "6012.52", "side": "SELL", "hash": "b823f2e34c29681f0c671a54c1897a71b8a7d7ff", "best_bid": "0.28", "best_ask": "0.37"}], "timestamp": "1769384339099", "event_type": "price_change"}}
{"_local_timestamp": "2026-01-25T23:38:59.226240+00:00", "data": {"market": "0x4573b43ec1251d809353918b21823beb047b4d09d95ce40848a6e3741dcfeefe", "price_changes": [{"asset_id": "55827795285943822219977112668234275057367181205772939608251873514290972027412", "price": "0.02", "size": "6699.11", "side": "BUY", "hash": "eb3afe668f7a33cad899a6365a3643e2a33048e0", "best_bid": "0.63", "best_ask": "0.72"}, {"asset_id": "30834899181734598634438955315387092909298682883409651891855142418521670029894", "price": "0.98", "size": "6699.11", "side": "SELL", "hash": "d64032d2581f6d16cb4451bd36e7da7a40db862e", "best_bid": "0.28", "best_ask": "0.37"}], "timestamp": "1769384339102", "event_type": "price_change"}}
{"_local_timestamp": "2026-01-25T23:38:59.508586+00:00", "data": {"market": "0x4573b43ec1251d809353918b21823beb047b4d09d95ce40848a6e3741dcfeefe", "price_changes": [{"asset_id": "55827795285943822219977112668234275057367181205772939608251873514290972027412", "price": "0.06", "size": "6499.11", "side": "BUY", "hash": "e9c1915baf512447ff17e2bb4279e2e136c61634", "best_bid": "0.63", "best_ask": "0.72"}, {"asset_id": "30834899181734598634438955315387092909298682883409651891855142418521670029894", "price": "0.94", "size": "6499.11", "side": "SELL", "hash": "b070c7b5523926b6ede5aede232ac142bda4d8bd", "best_bid": "0.28", "best_ask": "0.37"}], "timestamp": "1769384339358", "event_type": "price_change"}}
