{"_local_timestamp": "2026-01-25T23:34:16.859110+00:00", "data": [{"market": "0x8894fb8faff4c4a6f78170ae6314507bdaca3493b7b2c81e59c587e38c178455", "asset_id": "115254175328520679409586755817868489999308955464510071502750841800535150397107", "timestamp": "1769382487345", "hash": "f7df150f2187303838853ea6f005e15c1320aa9e", "bids": [{"price": "0.01", "size": "450"}, {"price": "0.02", "size": "292"}], "asks": [{"price": "0.99", "size": "472.74"}, {"price": "0.98", "size": "160.48"}, {"price": "0.97", "size": "202.65"}, {"price": "0.95", "size": "12.73"}], "event_type": "book", "last_trade_price": ""}, {"market": "0xef65972a02068bc58dedb469f675d53d8a1f03c62d6b784e796b434665c0a46c", "asset_id": "19272478141975951955109964705551031352477243194913898949941913304844786124499", "timestamp": "1769382484884", "hash": "8efc22637c82ca10ea8728488d8f3f405fe06cf0", "bids": [{"price": "0.01", "size": "450"}, {"price": "0.02", "size": "150"}], "asks": [{"price": "0.99", "size": "468.34"}, {"price": "0.98", "size": "160.56"}, {"price": "0.97", "size": "197.58"}, {"price": "0.95", "size": "11.22"}], "event_type": "book", "last_trade_price": ""}, {"market": "0xfc2044858d113316cd3290b707555fbd7fc00cc463fe839670c17c7a205b3934", "asset_id": "115656381177377879981213771170759245875736927024396833184868328685349856941310", "timestamp": "1769382798527", "hash": "d580866bbf62d18d213e181368cd8fe5aa612c75", "bids": [{"price": "0.01", "size": "450"}, {"price": "0.02", "size": "150"}], "asks": [{"price": "0.99", "size": "472.74"}, {"price": "0.98", "size": "160.48"}, {"price": "0.97", "size": "211.65"}, {"price": "0.95", "size": "12.73"}], "event_type": "book", "last_trade_price": ""}, {"market": "0x8894fb8faff4c4a6f78170ae6314507bdaca3493b7b2c81e59c587e38c178455", "asset_id": "86918029378276449209017861506068133120952330366913195469176506563058506028799", "timestamp": "1769382487345", "hash": "2e87bf5e1064ed6ada99a27cd857253e94a26ac7", "bids": [{"price": "0.01", "size": "472.74"}, {"price": "0.02", "size": "160.48"}, {"price": "0.03", "size": "202.65"}, {"price": "0.05", "size": "12.73"}], "asks": [{"price": "0.99", "size": "450"}, {"price": "0.98", "size": "292"}], "event_type": "book", "last_trade_price": ""}, {"market": "0xca7e1d719294410bda67a0c2c8d00fcafc9c01349bef4e704a254eabf547d481", "asset_id": "106228549247292415234258042349968839761302578701479773018153034961997438401061", "timestamp": "1769382702733", "hash": "84a6e3f75b671e5bac58b75ff4b0a40c1e5044b6", "bids": [{"price": "0.01", "size": "464.79"}, {"price": "0.02", "size": "156.69"}, {"price": "0.03", "size": "87.56"}, {"price": "0.05", "size": "12.29"}], "asks": [{"price": "0.99", "size": "450"}, {"price": "0.98", "size": "150"}], "event_type": "book", "last_trade_price": ""}, {"market": "0x0b6af8ad6656507ee658ff458f89e02eb0efa4dc1fc1489f38de1204bb67eb40", "asset_id": "97683208496726960582763175856287734783896910445146326449579435931947937104258", "timestamp": "1769382483671", "hash": "e49e5e90b4de7c4d3836abce528a7e9ef0ea678e", "bids": [{"price": "0.01", "size": "614.79"}, {"price": "0.02", "size": "163.72"}, {"price": "0.03", "size": "91"}, {"price": "0.04", "size": "31.21"}, {"price": "0.05", "size": "70"}, {"price": "0.06", "size": "38.48"}], "asks": [{"price": "0.99", "size": "614.79"}, {"price": "0.98", "size": "156.7"}, {"price": "0.97", "size": "12.97"}, {"price": "0.96", "size": "37"}, {"price": "0.95", "size": "100"}, {"price": "0.94", "size": "43.95"}], "event_type": "book", "last_trade_price": ""}, {"market": "0xef65972a02068bc58dedb469f675d53d8a1f03c62d6b784e796b434665c0a46c", "asset_id": "115141991203190690327043473178939008052220211640800611532691681915945555974108", "timestamp": "1769382484884", "hash": "16d984f007dfd314ee28ff96a2af83efe4b57050", "bids": [{"price": "0.01", "size": "468.34"}, {"price": "0.02", "size": "160.56"}, {"price": "0.03", "size": "197.58"}, {"price": "0.05", "size": "11.22"}], "asks": [{"price": "0.99", "size": "450"}, {"price": "0.98", "size": "150"}], "event_type": "book", "last_trade_price": ""}, {"market": "0x0b6af8ad6656507ee658ff458f89e02eb0efa4dc1fc1489f38de1204bb67eb40", "asset_id": "6235362846711701828223855922279720685590854807181493736455736232849946440598", "timestamp": "1769382483671", "hash": "ecb6bcede424a90e042d242a6775e63ba224a0fa", "bids": [{"price": "0.01", "size": "614.79"}, {"price": "0.02", "size": "156.7"}, {"price": "0.03", "size": "12.97"}, {"price": "0.04", "size": "37"}, {"price": "0.05", "size": "100"}, {"price": "0.06", "size": "43.95"}], "asks": [{"price": "0.99", "size": "614.79"}, {"price": "0.98", "size": "163.72"}, {"price": "0.97", "size": "91"}, {"price": "0.96", "size": "31.21"}, {"price": "0.95", "size": "70"}, {"price": "0.94", "size": "38.48"}], "event_type": "book", "last_trade_price": ""}, {"market": "0xca7e1d719294410bda67a0c2c8d00fcafc9c01349bef4e704a254eabf547d481", "asset_id": "84828795518807995585070596646147002479022886279979892508124797577938962648315", "timestamp": "1769382702733", "hash": "d4e5976e849ee8d1e78b3d0770f6119b19f687cb", "bids": [{"price": "0.01", "size": "450"}, {"price": "0.02", "size": "150"}], "asks": [{"price": "0.99", "size": "464.79"}, {"price": "0.98", "size": "156.69"}, {"price": "0.97", "size": "87.56"}, {"price": "0.95", "size": "12.29"}], "event_type": "book", "last_trade_price": ""}, {"market": "0xfc2044858d113316cd3290b707555fbd7fc00cc463fe839670c17c7a205b3934", "asset_id": "104922532427139863055991134211082722575762796404900479286700020163090842201989", "timestamp": "1769382798527", "hash": "d4629f06740220b292a184b62e1886cc6df54391", "bids": [{"price": "0.01", "size": "472.74"}, {"price": "0.02", "size": "160.48"}, {"price": "0.03", "size": "211.65"}, {"price": "0.05", "size": "12.73"}], "asks": [{"price": "0.99", "size": "450"}, {"price": "0.98", "size": "150"}], "event_type": "book", "last_trade_price": ""}]}
