{"_local_timestamp": "2026-01-25T23:34:16.909446+00:00", "data": [{"market": "0xbd5d525b1280f82bc28bcc87ea19679e77a94b9ec227f91c519d08616d9690fd", "asset_id": "40838630127727482810019825318368556718403699228544612781607003890603585729775", "timestamp": "1769382569617", "hash": "09feccb99c40fa2a1f76be95041e3de1c2d40267", "bids": [{"price": "0.01", "size": "450"}, {"price": "0.02", "size": "292"}], "asks": [{"price": "0.99", "size": "468.81"}, {"price": "0.98", "size": "158.94"}, {"price": "0.97", "size": "155.07"}, {"price": "0.95", "size": "11.48"}], "event_type": "book", "last_trade_price": ""}, {"market": "0xe135359aa3734befa244762dba86dbd2b4f1bc002980a22919c8105c63dceadd", "asset_id": "81901416609503406387917827784985338172589762171235973100924504258522626971473", "timestamp": "1769382589277", "hash": "3e3f5055126ff319b5a82683b8cdf5f9c5d52f63", "bids": [{"price": "0.01", "size": "450"}, {"price": "0.02", "size": "292"}], "asks": [{"price": "0.99", "size": "470.93"}, {"price": "0.98", "size": "157.03"}, {"price": "0.97", "size": "166.38"}, {"price": "0.95", "size": "14.64"}], "event_type": "book", "last_trade_price": ""}, {"market": "0xbd5d525b1280f82bc28bcc87ea19679e77a94b9ec227f91c519d08616d9690fd", "asset_id": "26697023414898465936163359387129601961816761555795543921943331365790898134565", "timestamp": "1769382569617", "hash": "d14c725e2dbc00cb7c4caf1811527a45e2455803", "bids": [{"price": "0.01", "size": "468.81"}, {"price": "0.02", "size": "158.94"}, {"price": "0.03", "size": "155.07"}, {"price": "0.05", "size": "11.48"}], "asks": [{"price": "0.99", "size": "450"}, {"price": "0.98", "size": "292"}], "event_type": "book", "last_trade_price": ""}, {"market": "0x67794771217e22a208f75840e6ee979a682f54f1cde3c27da6b9a008c7e8fed7", "asset_id": "2150558405241556953169048900934734136917106339476406723501440120321186798962", "timestamp": "1769382484879", "hash": "fa0ccc575b165ad7090e60a7f85fafe36c403cca", "bids": [{"price": "0.01", "size": "614.79"}, {"price": "0.02", "size": "163.72"}, {"price": "0.03", "size": "16"}, {"price": "0.04", "size": "104.21"}, {"price": "0.05", "size": "80.7"}, {"price": "0.06", "size": "46.17"}], "asks": [{"price": "0.99", "size": "614.79"}, {"price": "0.98", "size": "156.7"}, {"price": "0.97", "size": "12.97"}, {"price": "0.95", "size": "125"}, {"price": "0.94", "size": "43.95"}], "event_type": "book", "last_trade_price": ""}, {"market": "0x67794771217e22a208f75840e6ee979a682f54f1cde3c27da6b9a008c7e8fed7", "asset_id": "24185411797901571891095612399982344422450127551756567796070278615538053307701", "timestamp": "1769382484879", "hash": "36d2b0f6de70a0491f2f9be15c1afa802d9b2d89", "bids": [{"price": "0.01", "size": "614.79"}, {"price": "0.02", "size": "156.7"}, {"price": "0.03", "size": "12.97"}, {"price": "0.05", "size": "125"}, {"price": "0.06", "size": "43.95"}], "asks": [{"price": "0.99", "size": "614.79"}, {"price": "0.98", "size": "163.72"}, {"price": "0.97", "size": "16"}, {"price": "0.96", "size": "104.21"}, {"price": "0.95", "size": "80.7"}, {"price": "0.94", "size": "46.17"}], "event_type": "book", "last_trade_price": ""}, {"market": "0x54f7249ebd1fb28ba849603b9db7bbf9e0c888a22aebb158ef5f89bad5c208e9", "asset_id": "13160242262437830545703907017464911780853372727149010681582344672816796920787", "timestamp": "1769382587031", "hash": "c3b69c7ab5ae3a7b3f1195f28b776c9af99e2950", "bids": [{"price": "0.01", "size": "450"}, {"price": "0.02", "size": "292"}], "asks": [{"price": "0.99", "size": "489.66"}, {"price": "0.98", "size": "160.56"}, {"price": "0.97", "size": "173.07"}, {"price": "0.96", "size": "5.47"}], "event_type": "book", "last_trade_price": ""}, {"market": "0xfa3d42e6eced4c2d31442589a1cfb525530e4744c513bb24962541d827abde35", "asset_id": "67459255630540672919620555556606917018841038444829543886853854217097710804507", "timestamp": "1769382484887", "hash": "896dd3cb64ada82634486d03734f30af5650f90e", "bids": [{"price": "0.01", "size": "450"}, {"price": "0.02", "size": "292"}], "asks": [{"price": "0.99", "size": "470.27"}, {"price": "0.98", "size": "160.16"}, {"price": "0.97", "size": "149.59"}, {"price": "0.95", "size": "13.39"}], "event_type": "book", "last_trade_price": ""}, {"market": "0xe135359aa3734befa244762dba86dbd2b4f1bc002980a22919c8105c63dceadd", "asset_id": "68915667054920317708866671818382336265258623389317123863865658037121727110606", "timestamp": "1769382589277", "hash": "2390c92a010961c69e79b90b325e0ddfb83f7065", "bids": [{"price": "0.01", "size": "470.93"}, {"price": "0.02", "size": "157.03"}, {"price": "0.03", "size": "166.38"}, {"price": "0.05", "size": "14.64"}], "asks": [{"price": "0.99", "size": "450"}, {"price": "0.98", "size": "292"}], "event_type": "book", "last_trade_price": ""}, {"market": "0xfa3d42e6eced4c2d31442589a1cfb525530e4744c513bb24962541d827abde35", "asset_id": "28555250181585001325856028120414080458563088323659829736045405265789977343191", "timestamp": "1769382484887", "hash": "22c673362a1b883a42f0f8fb961abc74fe9ce415", "bids": [{"price": "0.01", "size": "470.27"}, {"price": "0.02", "size": "160.16"}, {"price": "0.03", "size": "149.59"}, {"price": "0.05", "size": "13.39"}], "asks": [{"price": "0.99", "size": "450"}, {"price": "0.98", "size": "292"}], "event_type": "book", "last_trade_price": ""}, {"market": "0x54f7249ebd1fb28ba849603b9db7bbf9e0c888a22aebb158ef5f89bad5c208e9", "asset_id": "38457044477642738723779558089754273025451278490455430953012954945600514417101", "timestamp": "1769382587031", "hash": "bb3ff2d8e5ec478a768d4b704131bb13730352dc", "bids": [{"price": "0.01", "size": "489.66"}, {"price": "0.02", "size": "160.56"}, {"price": "0.03", "size": "173.07"}, {"price": "0.04", "size": "5.47"}], "asks": [{"price": "0.99", "size": "450"}, {"price": "0.98", "size": "292"}], "event_type": "book", "last_trade_price": ""}]}
