{"_local_timestamp": "2026-01-25T23:34:15.559879+00:00", "data": [{"market": "0x3a0d4f1f45573333897178ad414c1f09392ec153d1a73ec5f6a5fa1ae7970043", "asset_id": "68606194997842553962697986005544114709167199473583940821707033112482471400323", "timestamp": "1769383198733", "hash": "b59fe469dedccef78297908c43a0aba879dfb0f7", "bids": [{"price": "0.01", "size": "210.69"}, {"price": "0.02", "size": "150"}, {"price": "0.03", "size": "6.14"}, {"price": "0.04", "size": "500"}, {"price": "0.05", "size": "300"}, {"price": "0.06", "size": "33"}, {"price": "0.07", "size": "10.83"}, {"price": "0.1", "size": "130"}, {"price": "0.11", "size": "165"}, {"price": "0.19", "size": "10"}], "asks": [{"price": "0.99", "size": "223.35"}, {"price": "0.98", "size": "150"}, {"price": "0.97", "size": "17.35"}, {"price": "0.95", "size": "20"}, {"price": "0.94", "size": "33"}, {"price": "0.93", "size": "78.57"}, {"price": "0.92", "size": "5.51"}, {"price": "0.9", "size": "300"}, {"price": "0.89", "size": "200"}, {"price": "0.88", "size": "125"}, {"price": "0.87", "size": "75"}, {"price": "0.86", "size": "5.75"}, {"price": "0.83", "size": "76.47"}, {"price": "0.82", "size": "79"}, {"price": "0.8", "size": "208"}, {"price": "0.65", "size": "10"}], "event_type": "book", "last_trade_price": ""}, {"market": "0x3a0d4f1f45573333897178ad414c1f09392ec153d1a73ec5f6a5fa1ae7970043", "asset_id": "80186964689226502183747667611882734611710077260051101099863611045420718171006", "timestamp": "1769383198733", "hash": "9ee1a3e5dd7d58723884a7117b0b231a6da3e92e", "bids": [{"price": "0.01", "size": "223.35"}, {"price": "0.02", "size": "150"}, {"price": "0.03", "size": "17.35"}, {"price": "0.05", "size": "20"}, {"price": "0.06", "size": "33"}, {"price": "0.07", "size": "78.57"}, {"price": "0.08", "size": "5.51"}, {"price": "0.1", "size": "300"}, {"price": "0.11", "size": "200"}, {"price": "0.12", "size": "125"}, {"price": "0.13", "size": "75"}, {"price": "0.14", "size": "5.75"}, {"price": "0.17", "size": "76.47"}, {"price": "0.18", "size": "79"}, {"price": "0.2", "size": "208"}, {"price": "0.35", "size": "10"}], "asks": [{"price": "0.99", "size": "210.69"}, {"price": "0.98", "size": "150"}, {"price": "0.97", "size": "6.14"}, {"price": "0.96", "size": "500"}, {"price": "0.95", "size": "300"}, {"price": "0.94", "size": "33"}, {"price": "0.93", "size": "10.83"}, {"price": "0.9", "size": "130"}, {"price": "0.89", "size": "165"}, {"price": "0.81", "size": "10"}], "event_type": "book", "last_trade_price": ""}, {"market": "0x0818f70db22d13fca00f1306743f00e5151401c2027680349b35117f8a147b43", "asset_id": "7266974510715031134877550043593034853759009363050396229319643729940619617622", "timestamp": "1769383199825", "hash": "344d5c2f131be4ffed2a5192ee8b3b661f99e67b", "bids": [{"price": "0.01", "size": "211.52"}, {"price": "0.02", "size": "150"}, {"price": "0.03", "size": "6.61"}, {"price": "0.04", "size": "625"}, {"price": "0.05", "size": "175"}, {"price": "0.06", "size": "33"}, {"price": "0.07", "size": "10.51"}, {"price": "0.09", "size": "144.44"}, {"price": "0.1", "size": "182"}, {"price": "0.17", "size": "10"}], "asks": [{"price": "0.99", "size": "213.31"}, {"price": "0.98", "size": "156.42"}, {"price": "0.97", "size": "12.13"}, {"price": "0.95", "size": "20"}, {"price": "0.94", "size": "22.91"}, {"price": "0.9", "size": "300"}, {"price": "0.89", "size": "300"}, {"price": "0.88", "size": "125"}, {"price": "0.87", "size": "75"}, {"price": "0.86", "size": "37"}, {"price": "0.82", "size": "72.22"}, {"price": "0.81", "size": "158"}, {"price": "0.74", "size": "10"}, {"price": "0.73", "size": "39"}], "event_type": "book", "last_trade_price": ""}, {"market": "0x551979da10bd3aa81d6b87751cdde02818b46e501d79212128379fcd18d3825e", "asset_id": "32239396452443672157838438157893484017394358174453195748726487964650698127793", "timestamp": "1769383197787", "hash": "093978999aa42e5845d8fd1a893f4d867aa0f151", "bids": [{"price": "0.01", "size": "113.76"}, {"price": "0.02", "size": "155.25"}, {"price": "0.03", "size": "29.92"}, {"price": "0.07", "size": "5.47"}, {"price": "0.08", "size": "300"}, {"price": "0.09", "size": "200"}, {"price": "0.1", "size": "535"}, {"price": "0.11", "size": "75"}, {"price": "0.12", "size": "37"}, {"price": "0.13", "size": "6.61"}, {"price": "0.17", "size": "76.47"}, {"price": "0.2", "size": "158"}, {"price": "0.25", "size": "10"}, {"price": "0.26", "size": "19"}], "asks": [{"price": "0.99", "size": "200"}, {"price": "0.98", "size": "159.35"}, {"price": "0.96", "size": "300"}, {"price": "0.95", "size": "500"}, {"price": "0.94", "size": "33"}, {"price": "0.93", "size": "6.84"}, {"price": "0.9", "size": "130"}, {"price": "0.89", "size": "165"}, {"price": "0.67", "size": "10"}], "event_type": "book", "last_trade_price": ""}, {"market": "0x0818f70db22d13fca00f1306743f00e5151401c2027680349b35117f8a147b43", "asset_id": "9473425155140268221911957988298408421095022114155760088972335377569621463025", "timestamp": "1769383199825", "hash": "02af6960617d451f92c85bdc96fc12d4a9d7c7e5", "bids": [{"price": "0.01", "size": "213.31"}, {"price": "0.02", "size": "156.42"}, {"price": "0.03", "size": "12.13"}, {"price": "0.05", "size": "20"}, {"price": "0.06", "size": "22.91"}, {"price": "0.1", "size": "300"}, {"price": "0.11", "size": "300"}, {"price": "0.12", "size": "125"}, {"price": "0.13", "size": "75"}, {"price": "0.14", "size": "37"}, {"price": "0.18", "size": "72.22"}, {"price": "0.19", "size": "158"}, {"price": "0.26", "size": "10"}, {"price": "0.27", "size": "39"}], "asks": [{"price": "0.99", "size": "211.52"}, {"price": "0.98", "size": "150"}, {"price": "0.97", "size": "6.61"}, {"price": "0.96", "size": "625"}, {"price": "0.95", "size": "175"}, {"price": "0.94", "size": "33"}, {"price": "0.93", "size": "10.51"}, {"price": "0.91", "size": "144.44"}, {"price": "0.9", "size": "182"}, {"price": "0.83", "size": "10"}], "event_type": "book", "last_trade_price": ""}, {"market": "0x551979da10bd3aa81d6b87751cdde02818b46e501d79212128379fcd18d3825e", "asset_id": "90396672545085479099715573508722933448293400360134645593690518069854155267756", "timestamp": "1769383197787", "hash": "9af8b5a070f86a7f58d460c3a3bc474dfcd71aaf", "bids": [{"price": "0.01", "size": "200"}, {"price": "0.02", "size": "159.35"}, {"price": "0.04", "size": "300"}, {"price": "0.05", "size": "500"}, {"price": "0.06", "size": "33"}, {"price": "0.07", "size": "6.84"}, {"price": "0.1", "size": "130"}, {"price": "0.11", "size": "165"}, {"price": "0.33", "size": "10"}], "asks": [{"price": "0.99", "size": "113.76"}, {"price": "0.98", "size": "155.25"}, {"price": "0.97", "size": "29.92"}, {"price": "0.93", "size": "5.47"}, {"price": "0.92", "size": "300"}, {"price": "0.91", "size": "200"}, {"price": "0.9", "size": "535"}, {"price": "0.89", "size": "75"}, {"price": "0.88", "size": "37"}, {"price": "0.87", "size": "6.61"}, {"price": "0.83", "size": "76.47"}, {"price": "0.8", "size": "158"}, {"price": "0.75", "size": "10"}, {"price": "0.74", "size": "19"}], "event_type": "book", "last_trade_price": ""}]}
{"_local_timestamp": "2026-01-25T23:36:06.919395+00:00", "data": {"market": "0x0818f70db22d13fca00f1306743f00e5151401c2027680349b35117f8a147b43", "price_changes": [{"asset_id": "9473425155140268221911957988298408421095022114155760088972335377569621463025", "price": "0.06", "size": "11.3", "side": "BUY", "hash": "f77bc4da0d7f2c2293aec6c2f77bf9afcdedf856", "best_bid": "0.27", "best_ask": "0.83"}, {"asset_id": "7266974510715031134877550043593034853759009363050396229319643729940619617622", "price": "0.94", "size": "11.3", "side": "SELL", "hash": "2988464ef064079aade06040054cb12f2151a56c", "best_bid": "0.17", "best_ask": "0.73"}], "timestamp": "1769384166850", "event_type": "price_change"}}
{"_local_timestamp": "2026-01-25T23:36:06.922705+00:00", "data": {"market": "0x3a0d4f1f45573333897178ad414c1f09392ec153d1a73ec5f6a5fa1ae7970043", "price_changes": [{"asset_id": "80186964689226502183747667611882734611710077260051101099863611045420718171006", "price": "0.01", "size": "210.49", "side": "BUY", "hash": "b2757bf7207948ca2ddf30222f89eb14bce236ed", "best_bid": "0.35", "best_ask": "0.81"}, {"asset_id": "68606194997842553962697986005544114709167199473583940821707033112482471400323", "price": "0.99", "size": "210.49", "side": "SELL", "hash": "57c5311d874b82434f7a38323917f0537bfa4d01", "best_bid": "0.19", "best_ask": "0.65"}], "timestamp": "1769384166850", "event_type": "price_change"}}
{"_local_timestamp": "2026-01-25T23:36:06.923031+00:00", "data": {"market": "0x3a0d4f1f45573333897178ad414c1f09392ec153d1a73ec5f6a5fa1ae7970043", "price_changes": [{"asset_id": "80186964689226502183747667611882734611710077260051101099863611045420718171006", "price": "0.03", "size": "7.37", "side": "BUY", "hash": "b2757bf7207948ca2ddf30222f89eb14bce236ed", "best_bid": "0.35", "best_ask": "0.81"}, {"asset_id": "68606194997842553962697986005544114709167199473583940821707033112482471400323", "price": "0.97", "size": "7.37", "side": "SELL", "hash": "57c5311d874b82434f7a38323917f0537bfa4d01", "best_bid": "0.19", "best_ask": "0.65"}], "timestamp": "1769384166850", "event_type": "price_change"}}
