{"_local_timestamp": "2026-01-25T23:41:23.536688+00:00", "data": [{"market": "0x6bc01db155d80b1678c68044e4fe302451a4e5639f857e74da42318b4a49c6ca", "asset_id": "98570501255336881664133465600900935177435202826496238682982217809866389823693", "timestamp": "1769384384073", "hash": "49b2e28fb9a2419d53fa648ad36342fa6d6a281e", "bids": [{"price": "0.01", "size": "450"}, {"price": "0.02", "size": "292"}], "asks": [{"price": "0.99", "size": "472.03"}, {"price": "0.98", "size": "160.56"}, {"price": "0.97", "size": "151.63"}, {"price": "0.96", "size": "14.7"}], "event_type": "book", "last_trade_price": ""}, {"market": "0x0f06adcea43672277a1a15a572d8182e93a57ec63543ad91719c189faa102265", "asset_id": "35602396636587566066270314546932867478291048552017335956346779639682346921762", "timestamp": "1769382540670", "hash": "fea294f5d39524645e5e85c24755fbedde151bb9", "bids": [{"price": "0.01", "size": "614.79"}, {"price": "0.02", "size": "163.72"}, {"price": "0.03", "size": "16"}, {"price": "0.04", "size": "104.21"}, {"price": "0.05", "size": "70"}, {"price": "0.06", "size": "38.48"}], "asks": [{"price": "0.99", "size": "614.79"}, {"price": "0.98", "size": "156.7"}, {"price": "0.97", "size": "12.97"}, {"price": "0.96", "size": "6"}, {"price": "0.95", "size": "100"}, {"price": "0.94", "size": "43.95"}], "event_type": "book", "last_trade_price": ""}, {"market": "0x6bc01db155d80b1678c68044e4fe302451a4e5639f857e74da42318b4a49c6ca", "asset_id": "91023470521771502279760283631696399652912888423316701837936458445305388640767", "timestamp": "1769384384073", "hash": "301d99c7b687a113549ca5f19a7528d83f7b049c", "bids": [{"price": "0.01", "size": "472.03"}, {"price": "0.02", "size": "160.56"}, {"price": "0.03", "size": "151.63"}, {"price": "0.04", "size": "14.7"}], "asks": [{"price": "0.99", "size": "450"}, {"price": "0.98", "size": "292"}], "event_type": "book", "last_trade_price": ""}, {"market": "0x012845574ce9cd0867ca13984a725287e1460608b6e4e7954e5ab5c479c7b4d8", "asset_id": "33205147697646855260760190840514935622680261847606637598499535544491055858291", "timestamp": "1769384383823", "hash": "4b3a35fb948d4572cf8c990ad78ed21dadd132f8", "bids": [{"price": "0.01", "size": "472.03"}, {"price": "0.02", "size": "160.56"}, {"price": "0.03", "size": "151.63"}, {"price": "0.04", "size": "14.7"}], "asks": [{"price": "0.99", "size": "450"}, {"price": "0.98", "size": "292"}], "event_type": "book", "last_trade_price": ""}, {"market": "0x7277f40edcb751727d282f1bf3226a0af7482e7284783d2d7201b38ac4be8cbe", "asset_id": "32545056037251305779599384977024111299619472779314248245404333806756186750462", "timestamp": "1769382589284", "hash": "85f5247a2a2e9aa1163be55aa1febf41e2a287c2", "bids": [{"price": "0.01", "size": "471.38"}, {"price": "0.02", "size": "298.17"}, {"price": "0.03", "size": "19.42"}, {"price": "0.04", "size": "5.47"}], "asks": [{"price": "0.99", "size": "450"}, {"price": "0.98", "size": "292"}], "event_type": "book", "last_trade_price": ""}, {"market": "0x0f06adcea43672277a1a15a572d8182e93a57ec63543ad91719c189faa102265", "asset_id": "64533716546733969102049975656608720650641323770296582857122331841460657664316", "timestamp": "1769382540670", "hash": "bcc3306656addb45c1f1e1c0f2333c396fd299c6", "bids": [{"price": "0.01", "size": "614.79"}, {"price": "0.02", "size": "156.7"}, {"price": "0.03", "size": "12.97"}, {"price": "0.04", "size": "6"}, {"price": "0.05", "size": "100"}, {"price": "0.06", "size": "43.95"}], "asks": [{"price": "0.99", "size": "614.79"}, {"price": "0.98", "size": "163.72"}, {"price": "0.97", "size": "16"}, {"price": "0.96", "size": "104.21"}, {"price": "0.95", "size": "70"}, {"price": "0.94", "size": "38.48"}], "event_type": "book", "last_trade_price": ""}, {"market": "0x7277f40edcb751727d282f1bf3226a0af7482e7284783d2d7201b38ac4be8cbe", "asset_id": "52573093348677186435307379177394319753110364711509110666572258732249540176703", "timestamp": "1769382589284", "hash": "cb266686fbee405cd780d592b1a58f5942fe2665", "bids": [{"price": "0.01", "size": "450"}, {"price": "0.02", "size": "292"}], "asks": [{"price": "0.99", "size": "471.38"}, {"price": "0.98", "size": "298.17"}, {"price": "0.97", "size": "19.42"}, {"price": "0.96", "size": "5.47"}], "event_type": "book", "last_trade_price": ""}, {"market": "0x03c03601ad41014d866e15add87ec64f26852afd96d001d54eed33f1b84058fe", "asset_id": "110774784296162825024327450893218461467873529227877965060733185093875237588645", "timestamp": "1769384414497", "hash": "aecbd1841c911295ad682de7508ee9477fef6ed3", "bids": [{"price": "0.01", "size": "472.05"}, {"price": "0.02", "size": "160.48"}, {"price": "0.03", "size": "203.65"}, {"price": "0.04", "size": "14.72"}], "asks": [{"price": "0.99", "size": "450"}, {"price": "0.98", "size": "292"}], "event_type": "book", "last_trade_price": ""}, {"market": "0x012845574ce9cd0867ca13984a725287e1460608b6e4e7954e5ab5c479c7b4d8", "asset_id": "115705031549812031158279583425550664202480033638545745484676729853976807053306", "timestamp": "1769384383823", "hash": "c1bf76676b9c0cd273f33797c127afac5b684407", "bids": [{"price": "0.01", "size": "450"}, {"price": "0.02", "size": "292"}], "asks": [{"price": "0.99", "size": "472.03"}, {"price": "0.98", "size": "160.56"}, {"price": "0.97", "size": "151.63"}, {"price": "0.96", "size": "14.7"}], "event_type": "book", "last_trade_price": ""}, {"market": "0x03c03601ad41014d866e15add87ec64f26852afd96d001d54eed33f1b84058fe", "asset_id": "5356642365918368143048474680983950782933389897974114014708743025127456331484", "timestamp": "1769384414497", "hash": "f912eab042a067ec6aa5a5c9fea5974769321ad7", "bids": [{"price": "0.01", "size": "450"}, {"price": "0.02", "size": "292"}], "asks": [{"price": "0.99", "size": "472.05"}, {"price": "0.98", "size": "160.48"}, {"price": "0.97", "size": "203.65"}, {"price": "0.96", "size": "14.72"}], "event_type": "book", "last_trade_price": ""}]}
