{"_local_timestamp": "2026-01-25T23:34:16.021178+00:00", "data": [{"market": "0x7d1aa9bf2ce16337a2502452b15916447f4d946ca0c9421f57d0143e4028de7a", "asset_id": "75336270518595207900873530323615722326936296996315737131368237316703355739988", "timestamp": "1769383994347", "hash": "707891cc40e6058711e425b0e64a2e2e53f66818", "bids": [{"price": "0.01", "size": "245.8"}, {"price": "0.03", "size": "28.01"}, {"price": "0.05", "size": "20"}, {"price": "0.06", "size": "16.69"}, {"price": "0.42", "size": "30.95"}, {"price": "0.43", "size": "25.58"}, {"price": "0.45", "size": "79"}, {"price": "0.57", "size": "80"}], "asks": [{"price": "0.99", "size": "86.36"}, {"price": "0.97", "size": "5.19"}, {"price": "0.96", "size": "700"}, {"price": "0.93", "size": "500"}, {"price": "0.92", "size": "5.59"}, {"price": "0.83", "size": "76.47"}, {"price": "0.82", "size": "61.11"}, {"price": "0.73", "size": "10"}, {"price": "0.67", "size": "100"}, {"price": "0.62", "size": "20"}], "event_type": "book", "last_trade_price": "0.570"}, {"market": "0x7d1aa9bf2ce16337a2502452b15916447f4d946ca0c9421f57d0143e4028de7a", "asset_id": "36406966981909436292261195143255744585076508278343838580183547299242691670017", "timestamp": "1769383994347", "hash": "aedf626d1bfff7e8d778d986825f41b515088187", "bids": [{"price": "0.01", "size": "86.36"}, {"price": "0.03", "size": "5.19"}, {"price": "0.04", "size": "700"}, {"price": "0.07", "size": "500"}, {"price": "0.08", "size": "5.59"}, {"price": "0.17", "size": "76.47"}, {"price": "0.18", "size": "61.11"}, {"price": "0.27", "size": "10"}, {"price": "0.33", "size": "100"}, {"price": "0.38", "size": "20"}], "asks": [{"price": "0.99", "size": "245.8"}, {"price": "0.97", "size": "28.01"}, {"price": "0.95", "size": "20"}, {"price": "0.94", "size": "16.69"}, {"price": "0.58", "size": "30.95"}, {"price": "0.57", "size": "25.58"}, {"price": "0.55", "size": "79"}, {"price": "0.43", "size": "80"}], "event_type": "book", "last_trade_price": "0.570"}, {"market": "0x4573b43ec1251d809353918b21823beb047b4d09d95ce40848a6e3741dcfeefe", "asset_id": "55827795285943822219977112668234275057367181205772939608251873514290972027412", "timestamp": "1769383942281", "hash": "d5b6ef8f4d8fe0c7388bd9a65beb96e2a0dd5785", "bids": [{"price": "0.01", "size": "245.45"}, {"price": "0.02", "size": "700"}, {"price": "0.03", "size": "13.41"}, {"price": "0.05", "size": "20"}, {"price": "0.07", "size": "500"}, {"price": "0.08", "size": "300"}, {"price": "0.09", "size": "16.03"}, {"price": "0.5", "size": "26"}, {"price": "0.51", "size": "21.56"}, {"price": "0.62", "size": "100"}, {"price": "0.63", "size": "19"}], "asks": [{"price": "0.99", "size": "86.71"}, {"price": "0.97", "size": "19.98"}, {"price": "0.8", "size": "75"}, {"price": "0.79", "size": "52.38"}, {"price": "0.72", "size": "98.61"}], "event_type": "book", "last_trade_price": "0.280"}, {"market": "0xd035a2eb5d4e49a45fb5b4b560c9c1325464e98f2d7806b0bb991f02a7e09101", "asset_id": "108247984323788555794349635386850066630614344050695781306585547741886371227545", "timestamp": "1769383221222", "hash": "af36b9a8afd06ac0914b68089b37db62cbe97047", "bids": [{"price": "0.01", "size": "237.74"}, {"price": "0.02", "size": "46.12"}, {"price": "0.05", "size": "20"}, {"price": "0.06", "size": "16.66"}, {"price": "0.47", "size": "27.65"}, {"price": "0.48", "size": "22.91"}, {"price": "0.49", "size": "79"}, {"price": "0.66", "size": "80"}], "asks": [{"price": "0.99", "size": "86.07"}, {"price": "0.98", "size": "700"}, {"price": "0.97", "size": "20.19"}, {"price": "0.91", "size": "444.44"}, {"price": "0.79", "size": "10"}, {"price": "0.78", "size": "50"}, {"price": "0.76", "size": "100"}, {"price": "0.72", "size": "3.61"}, {"price": "0.71", "size": "20"}], "event_type": "book", "last_trade_price": "0.660"}, {"market": "0x4573b43ec1251d809353918b21823beb047b4d09d95ce40848a6e3741dcfeefe", "asset_id": "30834899181734598634438955315387092909298682883409651891855142418521670029894", "timestamp": "1769383942281", "hash": "d4f6b7fa6906d783f8ed32920486ef5b483a7706", "bids": [{"price": "0.01", "size": "86.71"}, {"price": "0.03", "size": "19.98"}, {"price": "0.2", "size": "75"}, {"price": "0.21", "size": "52.38"}, {"price": "0.28", "size": "98.61"}], "asks": [{"price": "0.99", "size": "245.45"}, {"price": "0.98", "size": "700"}, {"price": "0.97", "size": "13.41"}, {"price": "0.95", "size": "20"}, {"price": "0.93", "size": "500"}, {"price": "0.92", "size": "300"}, {"price": "0.91", "size": "16.03"}, {"price": "0.5", "size": "26"}, {"price": "0.49", "size": "21.56"}, {"price": "0.38", "size": "100"}, {"price": "0.37", "size": "19"}], "event_type": "book", "last_trade_price": "0.280"}, {"market": "0xd035a2eb5d4e49a45fb5b4b560c9c1325464e98f2d7806b0bb991f02a7e09101", "asset_id": "18154111245610453356914690620229549095171695744789254972303218891368200373369", "timestamp": "1769383221222", "hash": "e5b9d4c4309912ef689423706264795f6150cb55", "bids": [{"price": "0.01", "size": "86.07"}, {"price": "0.02", "size": "700"}, {"price": "0.03", "size": "20.19"}, {"price": "0.09", "size": "444.44"}, {"price": "0.21", "size": "10"}, {"price": "0.22", "size": "50"}, {"price": "0.24", "size": "100"}, {"price": "0.28", "size": "3.61"}, {"price": "0.29", "size": "20"}], "asks": [{"price": "0.99", "size": "237.74"}, {"price": "0.98", "size": "46.12"}, {"price": "0.95", "size": "20"}, {"price": "0.94", "size": "16.66"}, {"price": "0.53", "size": "27.65"}, {"price": "0.52", "size": "22.91"}, {"price": "0.51", "size": "79"}, {"price": "0.34", "size": "80"}], "event_type": "book", "last_trade_price": "0.660"}]}
{"_local_timestamp": "2026-01-25T23:34:40.017029+00:00", "data": {"market": "0x4573b43ec1251d809353918b21823beb047b4d09d95ce40848a6e3741dcfeefe", "price_changes": [{"asset_id": "55827795285943822219977112668234275057367181205772939608251873514290972027412", "price": "0.07", "size": "0", "side": "BUY", "hash": "164e3329181862cec83beff7e1108424241fb709", "best_bid": "0.63", "best_ask": "0.72"}, {"asset_id": "30834899181734598634438955315387092909298682883409651891855142418521670029894", "price": "0.93", "size": "0", "side": "SELL", "hash": "0a19f08cf5db2603878e748e407b7c68191a02cd", "best_bid": "0.28", "best_ask": "0.37"}], "timestamp": "1769384079830", "event_type": "price_change"}}
{"_local_timestamp": "2026-01-25T23:34:40.018293+00:00", "data": {"market": "0x7d1aa9bf2ce16337a2502452b15916447f4d946ca0c9421f57d0143e4028de7a", "price_changes": [{"asset_id": "36406966981909436292261195143255744585076508278343838580183547299242691670017", "price": "0.04", "size": "0", "side": "BUY", "hash": "b54f3773489ef92996722b398e38e07e7105f8a1", "best_bid": "0.38", "best_ask": "0.43"}, {"asset_id": "75336270518595207900873530323615722326936296996315737131368237316703355739988", "price": "0.96", "size": "0", "side": "SELL", "hash": "6ed13a6d7b7a46d91b0988012ece5a9f3e7c6365", "best_bid": "0.57", "best_ask": "0.62"}], "timestamp": "1769384079830", "event_type": "price_change"}}
{"_local_timestamp": "2026-01-25T23:34:40.018698+00:00", "data": {"market": "0x7d1aa9bf2ce16337a2502452b15916447f4d946ca0c9421f57d0143e4028de7a", "price_changes": [{"asset_id": "36406966981909436292261195143255744585076508278343838580183547299242691670017", "price": "0.07", "size": "0", "side": "BUY", "hash": "b54f3773489ef92996722b398e38e07e7105f8a1", "best_bid": "0.38", "best_ask": "0.43"}, {"asset_id": "75336270518595207900873530323615722326936296996315737131368237316703355739988", "price": "0.93", "size": "0", "side": "SELL", "hash": "6ed13a6d7b7a46d91b0988012ece5a9f3e7c6365", "best_bid": "0.57", "best_ask": "0.62"}], "timestamp": "1769384079830", "event_type": "price_change"}}
{"_local_timestamp": "2026-01-25T23:34:40.334554+00:00", "data": {"market": "0x4573b43ec1251d809353918b21823beb047b4d09d95ce40848a6e3741dcfeefe", "price_changes": [{"asset_id": "55827795285943822219977112668234275057367181205772939608251873514290972027412", "price": "0.05", "size": "520", "side": "BUY", "hash": "1bb34753f4fb639c4126fdf539de05139fbbf10e", "best_bid": "0.63", "best_ask": "0.72"}, {"asset_id": "30834899181734598634438955315387092909298682883409651891855142418521670029894", "price": "0.95", "size": "520", "side": "SELL", "hash": "10202c84b78f120f2f343258a42e5a7ac9b72970", "best_bid": "0.28", "best_ask": "0.37"}], "timestamp": "1769384080132", "event_type": "price_change"}}
{"_local_timestamp": "2026-01-25T23:34:40.334992+00:00", "data": {"market": "0x7d1aa9bf2ce16337a2502452b15916447f4d946ca0c9421f57d0143e4028de7a", "price_changes": [{"asset_id": "36406966981909436292261195143255744585076508278343838580183547299242691670017", "price": "0.02", "size": "700", "side": "BUY", "hash": "b5da2fdb94e5e3c19356dbfd727bf859d6bb3e2c", "best_bid": "0.38", "best_ask": "0.43"}, {"asset_id": "75336270518595207900873530323615722326936296996315737131368237316703355739988", "price": "0.98", "size": "700", "side": "SELL", "hash": "e0a2113bb061cf27db7bd61689214d28ab19a64f", "best_bid": "0.57", "best_ask": "0.62"}], "timestamp": "1769384080126", "event_type": "price_change"}}
{"_local_timestamp": "2026-01-25T23:34:40.382914+00:00", "data": {"market": "0x4573b43ec1251d809353918b21823beb047b4d09d95ce40848a6e3741dcfeefe", "price_changes": [{"asset_id": "55827795285943822219977112668234275057367181205772939608251873514290972027412", "price": "0.01", "size": "1045.45", "side": "BUY", "hash": "41a952d17ab940f5375a4ae95cb0aef89716abfe", "best_bid": "0.63", "best_ask": "0.72"}, {"asset_id": "30834899181734598634438955315387092909298682883409651891855142418521670029894", "price": "0.99", "size": "1045.45", "side": "SELL", "hash": "83b102da6ea8bc87e8c4acf486e324f43ab863f1", "best_bid": "0.28", "best_ask": "0.37"}], "timestamp": "1769384080168", "event_type": "price_change"}}
