{"_local_timestamp": "2026-01-25T23:41:23.314130+00:00", "data": [{"market": "0x09c52473696fdba44f98eae15ea72915c737a27d355909e49d241d33257d3bc7", "asset_id": "62992341938236902823464483094527747763531195605511691892352899318108282500994", "timestamp": "1769382483672", "hash": "6aef8febca13959855b2c644847bd4c7c016151f", "bids": [{"price": "0.01", "size": "614.79"}, {"price": "0.02", "size": "163.72"}, {"price": "0.03", "size": "16"}, {"price": "0.04", "size": "79.21"}, {"price": "0.05", "size": "70"}, {"price": "0.06", "size": "38.48"}], "asks": [{"price": "0.99", "size": "614.79"}, {"price": "0.98", "size": "156.7"}, {"price": "0.97", "size": "12.97"}, {"price": "0.96", "size": "6"}, {"price": "0.95", "size": "100"}, {"price": "0.94", "size": "43.95"}], "event_type": "book", "last_trade_price": ""}, {"market": "0x884d7d1e267a6cb7a6827f95d645b66ca8c5a2986c7356fa4fd38ea8f065ff0e", "asset_id": "85089681009819186094999652863758164009968767425365361375067687566657782239368", "timestamp": "1769384359157", "hash": "b0502d08909086ff80bd32b49e6793018b842880", "bids": [{"price": "0.01", "size": "450"}, {"price": "0.02", "size": "392"}], "asks": [{"price": "0.99", "size": "469.87"}, {"price": "0.98", "size": "156.69"}, {"price": "0.97", "size": "84.18"}, {"price": "0.96", "size": "17.52"}], "event_type": "book", "last_trade_price": ""}, {"market": "0xe4d13f65479bdc33cf5ba20898f21298320626613cdb50e448dc1e9ee0a5cf4b", "asset_id": "83172213476014985093814832896805579512430585614780982969046686648520191992742", "timestamp": "1769384360195", "hash": "b88ba91d25b61d34853821eaeee8d03ead593812", "bids": [{"price": "0.01", "size": "467.08"}, {"price": "0.02", "size": "160.48"}, {"price": "0.03", "size": "98.65"}, {"price": "0.04", "size": "10.5"}, {"price": "0.05", "size": "5.47"}], "asks": [{"price": "0.99", "size": "450"}, {"price": "0.98", "size": "385"}], "event_type": "book", "last_trade_price": ""}, {"market": "0xe4d13f65479bdc33cf5ba20898f21298320626613cdb50e448dc1e9ee0a5cf4b", "asset_id": "101136148493462781450649060289698577288820093514362521969967965744925197289013", "timestamp": "1769384360195", "hash": "9d8bfeb7705a04c4126a44999e4d9d06da922ea5", "bids": [{"price": "0.01", "size": "450"}, {"price": "0.02", "size": "385"}], "asks": [{"price": "0.99", "size": "467.08"}, {"price": "0.98", "size": "160.48"}, {"price": "0.97", "size": "98.65"}, {"price": "0.96", "size": "10.5"}, {"price": "0.95", "size": "5.47"}], "event_type": "book", "last_trade_price": ""}, {"market": "0x09c52473696fdba44f98eae15ea72915c737a27d355909e49d241d33257d3bc7", "asset_id": "7712812028792444369455888159826871059747614680331743733754254249518643124193", "timestamp": "1769382483672", "hash": "162b41bf1960c7a08daa68161239c79cd34df8ec", "bids": [{"price": "0.01", "size": "614.79"}, {"price": "0.02", "size": "156.7"}, {"price": "0.03", "size": "12.97"}, {"price": "0.04", "size": "6"}, {"price": "0.05", "size": "100"}, {"price": "0.06", "size": "43.95"}], "asks": [{"price": "0.99", "size": "614.79"}, {"price": "0.98", "size": "163.72"}, {"price": "0.97", "size": "16"}, {"price": "0.96", "size": "79.21"}, {"price": "0.95", "size": "70"}, {"price": "0.94", "size": "38.48"}], "event_type": "book", "last_trade_price": ""}, {"market": "0x4cf48fd31487d77699f5c5c254d705666022199b1cd309ae00a508b0027d981e", "asset_id": "99590267262307636692527395973611838826099334106303482092106278248458304649440", "timestamp": "1769384359317", "hash": "cb9e56b75cb6715ebb808fed5fcf3541f35224a1", "bids": [{"price": "0.01", "size": "450"}, {"price": "0.02", "size": "385"}], "asks": [{"price": "0.99", "size": "474.6"}, {"price": "0.98", "size": "158.94"}, {"price": "0.97", "size": "251.4"}, {"price": "0.96", "size": "15.79"}], "event_type": "book", "last_trade_price": ""}, {"market": "0x0cbe6ea12b3f92264b4949a2a4f3a2fd384d18e4a36774ee49190abb887506bb", "asset_id": "29446512311473474895648122529178760568861995049902359660802545448171003363038", "timestamp": "1769384359157", "hash": "2a88d36732dee7cd694b59f104935c4a7b95f2d2", "bids": [{"price": "0.01", "size": "450"}, {"price": "0.02", "size": "385"}], "asks": [{"price": "0.99", "size": "468.81"}, {"price": "0.98", "size": "158.94"}, {"price": "0.97", "size": "83.4"}, {"price": "0.96", "size": "17.24"}], "event_type": "book", "last_trade_price": ""}, {"market": "0x884d7d1e267a6cb7a6827f95d645b66ca8c5a2986c7356fa4fd38ea8f065ff0e", "asset_id": "106401697572322100103953858247830259335714638358934597754202331389103609646024", "timestamp": "1769384359157", "hash": "bc4530d75abd642d9687b66c46fd90892688002a", "bids": [{"price": "0.01", "size": "469.87"}, {"price": "0.02", "size": "156.69"}, {"price": "0.03", "size": "84.18"}, {"price": "0.04", "size": "17.52"}], "asks": [{"price": "0.99", "size": "450"}, {"price": "0.98", "size": "392"}], "event_type": "book", "last_trade_price": ""}, {"market": "0x4cf48fd31487d77699f5c5c254d705666022199b1cd309ae00a508b0027d981e", "asset_id": "110470417424596419092366344834068606653375998442292636417005218140336154170961", "timestamp": "1769384359317", "hash": "9555646a8e6a8ef2f0dd230926c617bc7a489ed6", "bids": [{"price": "0.01", "size": "474.6"}, {"price": "0.02", "size": "158.94"}, {"price": "0.03", "size": "251.4"}, {"price": "0.04", "size": "15.79"}], "asks": [{"price": "0.99", "size": "450"}, {"price": "0.98", "size": "385"}], "event_type": "book", "last_trade_price": ""}, {"market": "0x0cbe6ea12b3f92264b4949a2a4f3a2fd384d18e4a36774ee49190abb887506bb", "asset_id": "79827573976773102299717714893497213055105941507501109004137829707901250385472", "timestamp": "1769384359157", "hash": "1c3da0c2f44afb38051af62b17f7ab8b6f029c83", "bids": [{"price": "0.01", "size": "468.81"}, {"price": "0.02", "size": "158.94"}, {"price": "0.03", "size": "83.4"}, {"price": "0.04", "size": "17.24"}], "asks": [{"price": "0.99", "size": "450"}, {"price": "0.98", "size": "385"}], "event_type": "book", "last_trade_price": ""}]}
