{"_local_timestamp": "2026-01-25T23:34:16.022665+00:00", "data": [{"market": "0x1f5f8faa0c3684c0ac325e5561e7936de266fd75e789c49b9abc011699473c2a", "asset_id": "900650810127680990873111920081678070367412129847618271458907436323702955258", "timestamp": "1769383720620", "hash": "d27d0e5e183679b5dfcab91699d844f7d1b3a6d5", "bids": [{"price": "0.01", "size": "210.34"}, {"price": "0.02", "size": "150"}, {"price": "0.03", "size": "5.94"}, {"price": "0.04", "size": "625"}, {"price": "0.05", "size": "175"}, {"price": "0.06", "size": "33"}, {"price": "0.07", "size": "10.96"}, {"price": "0.09", "size": "144.44"}, {"price": "0.1", "size": "182"}, {"price": "0.2", "size": "10"}], "asks": [{"price": "0.99", "size": "219.95"}, {"price": "0.98", "size": "150"}, {"price": "0.97", "size": "5.37"}, {"price": "0.95", "size": "20"}, {"price": "0.94", "size": "9.38"}, {"price": "0.91", "size": "300"}, {"price": "0.89", "size": "200"}, {"price": "0.88", "size": "200"}, {"price": "0.86", "size": "7.68"}, {"price": "0.82", "size": "72.22"}, {"price": "0.81", "size": "57.89"}, {"price": "0.8", "size": "107"}, {"price": "0.67", "size": "10"}], "event_type": "book", "last_trade_price": ""}, {"market": "0x1f5f8faa0c3684c0ac325e5561e7936de266fd75e789c49b9abc011699473c2a", "asset_id": "74301921519664999268571366607129108438703151221877209345077343075409896730619", "timestamp": "1769383720620", "hash": "594ba24464bab8c0b0e0582b5c3e0ab4fadeba55", "bids": [{"price": "0.01", "size": "219.95"}, {"price": "0.02", "size": "150"}, {"price": "0.03", "size": "5.37"}, {"price": "0.05", "size": "20"}, {"price": "0.06", "size": "9.38"}, {"price": "0.09", "size": "300"}, {"price": "0.11", "size": "200"}, {"price": "0.12", "size": "200"}, {"price": "0.14", "size": "7.68"}, {"price": "0.18", "size": "72.22"}, {"price": "0.19", "size": "57.89"}, {"price": "0.2", "size": "107"}, {"price": "0.33", "size": "10"}], "asks": [{"price": "0.99", "size": "210.34"}, {"price": "0.98", "size": "150"}, {"price": "0.97", "size": "5.94"}, {"price": "0.96", "size": "625"}, {"price": "0.95", "size": "175"}, {"price": "0.94", "size": "33"}, {"price": "0.93", "size": "10.96"}, {"price": "0.91", "size": "144.44"}, {"price": "0.9", "size": "182"}, {"price": "0.8", "size": "10"}], "event_type": "book", "last_trade_price": ""}, {"market": "0xa2017d45242c4811b97df017a6d10a15ccad5337865fd07c08bb64512bfd87dd", "asset_id": "27639427991210259174148980283825423403770412407016986304250513046245599039231", "timestamp": "1769383207527", "hash": "716b22867e400d824d3ad5712b7f0f084bae94cb", "bids": [{"price": "0.01", "size": "208.89"}, {"price": "0.02", "size": "150"}, {"price": "0.03", "size": "5.1"}, {"price": "0.04", "size": "625"}, {"price": "0.05", "size": "175"}, {"price": "0.06", "size": "33"}, {"price": "0.07", "size": "11.53"}, {"price": "0.09", "size": "144.44"}, {"price": "0.1", "size": "182"}, {"price": "0.26", "size": "10"}], "asks": [{"price": "0.99", "size": "214.25"}, {"price": "0.98", "size": "155.59"}, {"price": "0.97", "size": "17.67"}, {"price": "0.95", "size": "20"}, {"price": "0.94", "size": "91.66"}, {"price": "0.93", "size": "7.65"}, {"price": "0.91", "size": "300"}, {"price": "0.9", "size": "200"}, {"price": "0.89", "size": "125"}, {"price": "0.88", "size": "75"}, {"price": "0.87", "size": "5.23"}, {"price": "0.84", "size": "81.25"}, {"price": "0.81", "size": "237"}, {"price": "0.77", "size": "10"}, {"price": "0.76", "size": "39"}], "event_type": "book", "last_trade_price": ""}, {"market": "0x7c785a1f2a54b044d96284882fac3caeb63ca93e065a53fcb4c176afb836d148", "asset_id": "27463260358842218817422497155391634015541172538816630326298118270482073271894", "timestamp": "1769383204109", "hash": "ae91976d9c96b7d49840b647b3897ef83f2d7ea0", "bids": [{"price": "0.01", "size": "209.75"}, {"price": "0.02", "size": "150"}, {"price": "0.03", "size": "5.6"}, {"price": "0.04", "size": "500"}, {"price": "0.05", "size": "300"}, {"price": "0.06", "size": "33"}, {"price": "0.07", "size": "11.19"}, {"price": "0.09", "size": "144.44"}, {"price": "0.1", "size": "182"}, {"price": "0.22", "size": "10"}], "asks": [{"price": "0.99", "size": "220.33"}, {"price": "0.98", "size": "157.58"}, {"price": "0.97", "size": "7.49"}, {"price": "0.96", "size": "5.19"}, {"price": "0.95", "size": "20"}, {"price": "0.94", "size": "300"}, {"price": "0.93", "size": "330.81"}, {"price": "0.92", "size": "75"}, {"price": "0.88", "size": "100"}, {"price": "0.87", "size": "6.19"}, {"price": "0.82", "size": "72.22"}, {"price": "0.81", "size": "215.89"}, {"price": "0.67", "size": "10"}], "event_type": "book", "last_trade_price": ""}, {"market": "0xa2017d45242c4811b97df017a6d10a15ccad5337865fd07c08bb64512bfd87dd", "asset_id": "91752405146543701208381560260236193192890250065242365962486645243901737436502", "timestamp": "1769383207527", "hash": "de368991ccaa54bf230c92ed2525975efa57028b", "bids": [{"price": "0.01", "size": "214.25"}, {"price": "0.02", "size": "155.59"}, {"price": "0.03", "size": "17.67"}, {"price": "0.05", "size": "20"}, {"price": "0.06", "size": "91.66"}, {"price": "0.07", "size": "7.65"}, {"price": "0.09", "size": "300"}, {"price": "0.1", "size": "200"}, {"price": "0.11", "size": "125"}, {"price": "0.12", "size": "75"}, {"price": "0.13", "size": "5.23"}, {"price": "0.16", "size": "81.25"}, {"price": "0.19", "size": "237"}, {"price": "0.23", "size": "10"}, {"price": "0.24", "size": "39"}], "asks": [{"price": "0.99", "size": "208.89"}, {"price": "0.98", "size": "150"}, {"price": "0.97", "size": "5.1"}, {"price": "0.96", "size": "625"}, {"price": "0.95", "size": "175"}, {"price": "0.94", "size": "33"}, {"price": "0.93", "size": "11.53"}, {"price": "0.91", "size": "144.44"}, {"price": "0.9", "size": "182"}, {"price": "0.74", "size": "10"}], "event_type": "book", "last_trade_price": ""}, {"market": "0x7c785a1f2a54b044d96284882fac3caeb63ca93e065a53fcb4c176afb836d148", "asset_id": "58780980575154797693550234966525644032771540837655196345666659343847768851888", "timestamp": "1769383204109", "hash": "0039d1989327b4a0c0f030aca663cc42efdbc574", "bids": [{"price": "0.01", "size": "220.33"}, {"price": "0.02", "size": "157.58"}, {"price": "0.03", "size": "7.49"}, {"price": "0.04", "size": "5.19"}, {"price": "0.05", "size": "20"}, {"price": "0.06", "size": "300"}, {"price": "0.07", "size": "330.81"}, {"price": "0.08", "size": "75"}, {"price": "0.12", "size": "100"}, {"price": "0.13", "size": "6.19"}, {"price": "0.18", "size": "72.22"}, {"price": "0.19", "size": "215.89"}, {"price": "0.33", "size": "10"}], "asks": [{"price": "0.99", "size": "209.75"}, {"price": "0.98", "size": "150"}, {"price": "0.97", "size": "5.6"}, {"price": "0.96", "size": "500"}, {"price": "0.95", "size": "300"}, {"price": "0.94", "size": "33"}, {"price": "0.93", "size": "11.19"}, {"price": "0.91", "size": "144.44"}, {"price": "0.9", "size": "182"}, {"price": "0.78", "size": "10"}], "event_type": "book", "last_trade_price": ""}]}
{"_local_timestamp": "2026-01-25T23:35:44.275011+00:00", "data": {"market": "0xa2017d45242c4811b97df017a6d10a15ccad5337865fd07c08bb64512bfd87dd", "price_changes": [{"asset_id": "91752405146543701208381560260236193192890250065242365962486645243901737436502", "price": "0.03", "size": "0", "side": "BUY", "hash": "76553af449c8d40ebc771dc180305dd78f0143c7", "best_bid": "0.24", "best_ask": "0.74"}, {"asset_id": "27639427991210259174148980283825423403770412407016986304250513046245599039231", "price": "0.97", "size": "0", "side": "SELL", "hash": "c5062bb1ba3eb687064d2a9310da01b62786c5aa", "best_bid": "0.26", "best_ask": "0.76"}], "timestamp": "1769384144207", "event_type": "price_change"}}
{"_local_timestamp": "2026-01-25T23:35:45.019940+00:00", "data": {"market": "0x7c785a1f2a54b044d96284882fac3caeb63ca93e065a53fcb4c176afb836d148", "price_changes": [{"asset_id": "58780980575154797693550234966525644032771540837655196345666659343847768851888", "price": "0.02", "size": "150", "side": "BUY", "hash": "616f5c7adcd0e65c2c5d6e37ce7866e0d153948f", "best_bid": "0.33", "best_ask": "0.78"}, {"asset_id": "27463260358842218817422497155391634015541172538816630326298118270482073271894", "price": "0.98", "size": "150", "side": "SELL", "hash": "b92b04687b3dc6a0f284f3715e012eef8f0b323f", "best_bid": "0.22", "best_ask": "0.67"}], "timestamp": "1769384144947", "event_type": "price_change"}}
{"_local_timestamp": "2026-01-25T23:35:45.020405+00:00", "data": {"market": "0x7c785a1f2a54b044d96284882fac3caeb63ca93e065a53fcb4c176afb836d148", "price_changes": [{"asset_id": "58780980575154797693550234966525644032771540837655196345666659343847768851888", "price": "0.04", "size": "0", "side": "BUY", "hash": "616f5c7adcd0e65c2c5d6e37ce7866e0d153948f", "best_bid": "0.33", "best_ask": "0.78"}, {"asset_id": "27463260358842218817422497155391634015541172538816630326298118270482073271894", "price": "0.96", "size": "0", "side": "SELL", "hash": "b92b04687b3dc6a0f284f3715e012eef8f0b323f", "best_bid": "0.22", "best_ask": "0.67"}], "timestamp": "1769384144947", "event_type": "price_change"}}
{"_local_timestamp": "2026-01-25T23:35:45.796895+00:00", "data": {"market": "0xa2017d45242c4811b97df017a6d10a15ccad5337865fd07c08bb64512bfd87dd", "price_changes": [{"asset_id": "91752405146543701208381560260236193192890250065242365962486645243901737436502", "price": "0.03", "size": "17.67", "side": "BUY", "hash": "349e15da5197c9ff4eed12f6dba7800b497e56cf", "best_bid": "0.24", "best_ask": "0.74"}, {"asset_id": "27639427991210259174148980283825423403770412407016986304250513046245599039231", "price": "0.97", "size": "17.67", "side": "SELL", "hash": "4794ae0b3c227788d562e5b8abe2f5fc5839886f", "best_bid": "0.26", "best_ask": "0.76"}], "timestamp": "1769384145724", "event_type": "price_change"}}
{"_local_timestamp": "2026-01-25T23:35:47.031243+00:00", "data": {"market": "0x7c785a1f2a54b044d96284882fac3caeb63ca93e065a53fcb4c176afb836d148", "price_changes": [{"asset_id": "58780980575154797693550234966525644032771540837655196345666659343847768851888", "price": "0.03", "size": "19.51", "side": "BUY", "hash": "157e6684476589e75c1729db6f22b7901fed8e52", "best_bid": "0.33", "best_ask": "0.78"}, {"asset_id": "27463260358842218817422497155391634015541172538816630326298118270482073271894", "price": "0.97", "size": "19.51", "side": "SELL", "hash": "3c81df09c957bfa9ab2c2ccfa5a036d0180beea7", "best_bid": "0.22", "best_ask": "0.67"}], "timestamp": "1769384146961", "event_type": "price_change"}}
{"_local_timestamp": "2026-01-25T23:36:50.429569+00:00", "data": {"market": "0x1f5f8faa0c3684c0ac325e5561e7936de266fd75e789c49b9abc011699473c2a", "price_changes": [{"asset_id": "74301921519664999268571366607129108438703151221877209345077343075409896730619", "price": "0.14", "size": "0", "side": "BUY", "hash": "8a196c0a6368fef470488785f412adfefb976425", "best_bid": "0.33", "best_ask": "0.8"}, {"asset_id": "900650810127680990873111920081678070367412129847618271458907436323702955258", "price": "0.86", "size": "0", "side": "SELL", "hash": "6a2459db9592b4c71451042c2ee5a128e512a42b", "best_bid": "0.2", "best_ask": "0.67"}], "timestamp": "1769384210362", "event_type": "price_change"}}
{"_local_timestamp": "2026-01-25T23:36:51.454660+00:00", "data": {"market": "0x1f5f8faa0c3684c0ac325e5561e7936de266fd75e789c49b9abc011699473c2a", "price_changes": [{"asset_id": "74301921519664999268571366607129108438703151221877209345077343075409896730619", "price": "0.13", "size": "8.28", "side": "BUY", "hash": "08acc545f061bb0103b812d5174215dd3ad19b5a", "best_bid": "0.33", "best_ask": "0.8"}, {"asset_id": "900650810127680990873111920081678070367412129847618271458907436323702955258", "price": "0.87", "size": "8.28", "side": "SELL", "hash": "195b909ec38d1b14b87eb796441ec5c6bb0e83e9", "best_bid": "0.2", "best_ask": "0.67"}], "timestamp": "1769384211377", "event_type": "price_change"}}
{"_local_timestamp": "2026-01-25T23:36:58.222768+00:00", "data": {"market": "0x1f5f8faa0c3684c0ac325e5561e7936de266fd75e789c49b9abc011699473c2a", "price_changes": [{"asset_id": "74301921519664999268571366607129108438703151221877209345077343075409896730619", "price": "0.2", "size": "0", "side": "BUY", "hash": "785bd4867f141a1999ab41f73a16e62d6c0e185d", "best_bid": "0.33", "best_ask": "0.8"}, {"asset_id": "900650810127680990873111920081678070367412129847618271458907436323702955258", "price": "0.8", "size": "0", "side": "SELL", "hash": "6f1a38c2f35ba9caa8d96f4d745528522949bcb9", "best_bid": "0.2", "best_ask": "0.67"}], "timestamp": "1769384218088", "event_type": "price_change"}}
