{"_local_timestamp": "2026-01-25T23:34:15.660733+00:00", "data": [{"market": "0x120af4dc19eb3bdbeaece1d3590d847c771046632c6a86d3df32ec3531f91e95", "asset_id": "6038958314942763566468492418415153437866550001146226463056020368259624325635", "timestamp": "1769383196696", "hash": "b75b0c456b0c6ccfba8194e9b1624db376b1e5b5", "bids": [{"price": "0.01", "size": "217.85"}, {"price": "0.02", "size": "150"}, {"price": "0.03", "size": "9.12"}, {"price": "0.05", "size": "20"}, {"price": "0.06", "size": "10.42"}, {"price": "0.08", "size": "300"}, {"price": "0.09", "size": "200"}, {"price": "0.1", "size": "500"}, {"price": "0.15", "size": "6.14"}, {"price": "0.18", "size": "72.22"}, {"price": "0.19", "size": "57.89"}, {"price": "0.2", "size": "197"}, {"price": "0.36", "size": "10"}], "asks": [{"price": "0.99", "size": "210.34"}, {"price": "0.98", "size": "150"}, {"price": "0.97", "size": "5.94"}, {"price": "0.96", "size": "625"}, {"price": "0.95", "size": "175"}, {"price": "0.94", "size": "33"}, {"price": "0.93", "size": "10.96"}, {"price": "0.91", "size": "144.44"}, {"price": "0.9", "size": "182"}, {"price": "0.8", "size": "10"}], "event_type": "book", "last_trade_price": ""}, {"market": "0x120af4dc19eb3bdbeaece1d3590d847c771046632c6a86d3df32ec3531f91e95", "asset_id": "70965465902213458948422801270753227166125646221346183713877105074350165161694", "timestamp": "1769383196696", "hash": "6263a283d27007ce137cdb1ec325c099cb037dcd", "bids": [{"price": "0.01", "size": "210.34"}, {"price": "0.02", "size": "150"}, {"price": "0.03", "size": "5.94"}, {"price": "0.04", "size": "625"}, {"price": "0.05", "size": "175"}, {"price": "0.06", "size": "33"}, {"price": "0.07", "size": "10.96"}, {"price": "0.09", "size": "144.44"}, {"price": "0.1", "size": "182"}, {"price": "0.2", "size": "10"}], "asks": [{"price": "0.99", "size": "217.85"}, {"price": "0.98", "size": "150"}, {"price": "0.97", "size": "9.12"}, {"price": "0.95", "size": "20"}, {"price": "0.94", "size": "10.42"}, {"price": "0.92", "size": "300"}, {"price": "0.91", "size": "200"}, {"price": "0.9", "size": "500"}, {"price": "0.85", "size": "6.14"}, {"price": "0.82", "size": "72.22"}, {"price": "0.81", "size": "57.89"}, {"price": "0.8", "size": "197"}, {"price": "0.64", "size": "10"}], "event_type": "book", "last_trade_price": ""}, {"market": "0xb6cd94137eaaec1eb3fc27198c6a3c8b60e69b84ba03ff407b2cc2677d07eb78", "asset_id": "41592280244335463520340641357619407683600500798626447694296190379437728690626", "timestamp": "1769383978954", "hash": "64218ef2ed25f45eedac8947576377282ff657f7", "bids": [{"price": "0.01", "size": "200"}, {"price": "0.02", "size": "159.78"}, {"price": "0.04", "size": "300"}, {"price": "0.05", "size": "425"}, {"price": "0.06", "size": "108"}, {"price": "0.07", "size": "12.19"}, {"price": "0.1", "size": "130"}, {"price": "0.11", "size": "165"}, {"price": "0.3", "size": "10"}], "asks": [{"price": "0.99", "size": "162.8"}, {"price": "0.98", "size": "156.87"}, {"price": "0.97", "size": "7.75"}, {"price": "0.95", "size": "20"}, {"price": "0.94", "size": "8.05"}, {"price": "0.92", "size": "300"}, {"price": "0.91", "size": "200"}, {"price": "0.9", "size": "235"}, {"price": "0.89", "size": "75"}, {"price": "0.88", "size": "37"}, {"price": "0.87", "size": "7.83"}, {"price": "0.83", "size": "76.47"}, {"price": "0.82", "size": "316.66"}, {"price": "0.76", "size": "10"}, {"price": "0.75", "size": "19"}], "event_type": "book", "last_trade_price": ""}, {"market": "0x119721778ee7d2d537104621e23f83806409404a981f69167a64a784f36636a5", "asset_id": "87186360877792102041612514475854989329047943728433098439574828682802454912647", "timestamp": "1769383720620", "hash": "df8b73a2dd63a988505f9982f37f005d79de04d2", "bids": [{"price": "0.01", "size": "213.39"}, {"price": "0.02", "size": "856.38"}, {"price": "0.03", "size": "15.76"}, {"price": "0.05", "size": "20"}, {"price": "0.06", "size": "91.66"}, {"price": "0.07", "size": "7.05"}, {"price": "0.08", "size": "300"}, {"price": "0.09", "size": "200"}, {"price": "0.1", "size": "125"}, {"price": "0.11", "size": "75"}, {"price": "0.12", "size": "6.43"}, {"price": "0.13", "size": "100"}, {"price": "0.19", "size": "79"}, {"price": "0.21", "size": "10"}, {"price": "0.22", "size": "158"}], "asks": [{"price": "0.99", "size": "211.08"}, {"price": "0.98", "size": "150"}, {"price": "0.97", "size": "6.37"}, {"price": "0.96", "size": "625"}, {"price": "0.95", "size": "175"}, {"price": "0.94", "size": "33"}, {"price": "0.93", "size": "10.68"}, {"price": "0.91", "size": "144.44"}, {"price": "0.9", "size": "182"}, {"price": "0.82", "size": "10"}], "event_type": "book", "last_trade_price": ""}, {"market": "0xb6cd94137eaaec1eb3fc27198c6a3c8b60e69b84ba03ff407b2cc2677d07eb78", "asset_id": "40744093414856498393915748624082986173755740179287278147903651684990101754974", "timestamp": "1769383978954", "hash": "c8ee4fa9a67fe2392b244564120d452a9fc7861f", "bids": [{"price": "0.01", "size": "162.8"}, {"price": "0.02", "size": "156.87"}, {"price": "0.03", "size": "7.75"}, {"price": "0.05", "size": "20"}, {"price": "0.06", "size": "8.05"}, {"price": "0.08", "size": "300"}, {"price": "0.09", "size": "200"}, {"price": "0.1", "size": "235"}, {"price": "0.11", "size": "75"}, {"price": "0.12", "size": "37"}, {"price": "0.13", "size": "7.83"}, {"price": "0.17", "size": "76.47"}, {"price": "0.18", "size": "316.66"}, {"price": "0.24", "size": "10"}, {"price": "0.25", "size": "19"}], "asks": [{"price": "0.99", "size": "200"}, {"price": "0.98", "size": "159.78"}, {"price": "0.96", "size": "300"}, {"price": "0.95", "size": "425"}, {"price": "0.94", "size": "108"}, {"price": "0.93", "size": "12.19"}, {"price": "0.9", "size": "130"}, {"price": "0.89", "size": "165"}, {"price": "0.7", "size": "10"}], "event_type": "book", "last_trade_price": ""}, {"market": "0x119721778ee7d2d537104621e23f83806409404a981f69167a64a784f36636a5", "asset_id": "98316952420616398935061542109940716759438263942748469514396049132948976580705", "timestamp": "1769383720620", "hash": "923a0cd1871e0cbe671f5b66c4a852b554dfc345", "bids": [{"price": "0.01", "size": "211.08"}, {"price": "0.02", "size": "150"}, {"price": "0.03", "size": "6.37"}, {"price": "0.04", "size": "625"}, {"price": "0.05", "size": "175"}, {"price": "0.06", "size": "33"}, {"price": "0.07", "size": "10.68"}, {"price": "0.09", "size": "144.44"}, {"price": "0.1", "size": "182"}, {"price": "0.18", "size": "10"}], "asks": [{"price": "0.99", "size": "213.39"}, {"price": "0.98", "size": "856.38"}, {"price": "0.97", "size": "15.76"}, {"price": "0.95", "size": "20"}, {"price": "0.94", "size": "91.66"}, {"price": "0.93", "size": "7.05"}, {"price": "0.92", "size": "300"}, {"price": "0.91", "size": "200"}, {"price": "0.9", "size": "125"}, {"price": "0.89", "size": "75"}, {"price": "0.88", "size": "6.43"}, {"price": "0.87", "size": "100"}, {"price": "0.81", "size": "79"}, {"price": "0.79", "size": "10"}, {"price": "0.78", "size": "158"}], "event_type": "book", "last_trade_price": ""}]}
{"_local_timestamp": "2026-01-25T23:36:08.015350+00:00", "data": {"market": "0x120af4dc19eb3bdbeaece1d3590d847c771046632c6a86d3df32ec3531f91e95", "price_changes": [{"asset_id": "6038958314942763566468492418415153437866550001146226463056020368259624325635", "price": "0.06", "size": "0", "side": "BUY", "hash": "23c0e9cccf45e557db2fd56ebea939388d0af52b", "best_bid": "0.36", "best_ask": "0.8"}, {"asset_id": "70965465902213458948422801270753227166125646221346183713877105074350165161694", "price": "0.94", "size": "0", "side": "SELL", "hash": "3ac09add33775985fd2119ff0335dddc5caed6c5", "best_bid": "0.2", "best_ask": "0.64"}], "timestamp": "1769384167947", "event_type": "price_change"}}
{"_local_timestamp": "2026-01-25T23:36:08.016758+00:00", "data": {"market": "0x120af4dc19eb3bdbeaece1d3590d847c771046632c6a86d3df32ec3531f91e95", "price_changes": [{"asset_id": "6038958314942763566468492418415153437866550001146226463056020368259624325635", "price": "0.15", "size": "0", "side": "BUY", "hash": "23c0e9cccf45e557db2fd56ebea939388d0af52b", "best_bid": "0.36", "best_ask": "0.8"}, {"asset_id": "70965465902213458948422801270753227166125646221346183713877105074350165161694", "price": "0.85", "size": "0", "side": "SELL", "hash": "3ac09add33775985fd2119ff0335dddc5caed6c5", "best_bid": "0.2", "best_ask": "0.64"}], "timestamp": "1769384167947", "event_type": "price_change"}}
{"_local_timestamp": "2026-01-25T23:36:08.826526+00:00", "data": {"market": "0x120af4dc19eb3bdbeaece1d3590d847c771046632c6a86d3df32ec3531f91e95", "price_changes": [{"asset_id": "6038958314942763566468492418415153437866550001146226463056020368259624325635", "price": "0.06", "size": "6.2", "side": "BUY", "hash": "fdb1072726a73ad96c04716112872cd7edd48a6e", "best_bid": "0.36", "best_ask": "0.8"}, {"asset_id": "70965465902213458948422801270753227166125646221346183713877105074350165161694", "price": "0.94", "size": "6.2", "side": "SELL", "hash": "a0d768ef4f9f2298c80139d5efcfe43c4bd5498c", "best_bid": "0.2", "best_ask": "0.64"}], "timestamp": "1769384168757", "event_type": "price_change"}}
{"_local_timestamp": "2026-01-25T23:36:08.826924+00:00", "data": {"market": "0x120af4dc19eb3bdbeaece1d3590d847c771046632c6a86d3df32ec3531f91e95", "price_changes": [{"asset_id": "6038958314942763566468492418415153437866550001146226463056020368259624325635", "price": "0.11", "size": "10.68", "side": "BUY", "hash": "3232eff133eaaac781e635f1d7ce34e6c14e60ff", "best_bid": "0.36", "best_ask": "0.8"}, {"asset_id": "70965465902213458948422801270753227166125646221346183713877105074350165161694", "price": "0.89", "size": "10.68", "side": "SELL", "hash": "a2a1f850a98a9dc7f9c50495439c70379d373b66", "best_bid": "0.2", "best_ask": "0.64"}], "timestamp": "1769384168759", "event_type": "price_change"}}
{"_local_timestamp": "2026-01-25T23:36:58.182822+00:00", "data": {"market": "0xb6cd94137eaaec1eb3fc27198c6a3c8b60e69b84ba03ff407b2cc2677d07eb78", "price_changes": [{"asset_id": "40744093414856498393915748624082986173755740179287278147903651684990101754974", "price": "0.12", "size": "0", "side": "BUY", "hash": "f47ba0de423ae44dc16ecc754a0d8d03bbe4ad40", "best_bid": "0.25", "best_ask": "0.7"}, {"asset_id": "41592280244335463520340641357619407683600500798626447694296190379437728690626", "price": "0.88", "size": "0", "side": "SELL", "hash": "3a5aac23ad4c0b2ad4a7ea0aa60db860ae7d74b5", "best_bid": "0.3", "best_ask": "0.75"}], "timestamp": "1769384218084", "event_type": "price_change"}}
{"_local_timestamp": "2026-01-25T23:36:58.185556+00:00", "data": {"market": "0x119721778ee7d2d537104621e23f83806409404a981f69167a64a784f36636a5", "price_changes": [{"asset_id": "87186360877792102041612514475854989329047943728433098439574828682802454912647", "price": "0.19", "size": "0", "side": "BUY", "hash": "295e6214ca5689d5cd5d979431907a5ab6b69bdc", "best_bid": "0.22", "best_ask": "0.82"}, {"asset_id": "98316952420616398935061542109940716759438263942748469514396049132948976580705", "price": "0.81", "size": "0", "side": "SELL", "hash": "8033478dd7b6532ead0ec8e1723e4ce38bbb0142", "best_bid": "0.18", "best_ask": "0.78"}], "timestamp": "1769384218083", "event_type": "price_change"}}
{"_local_timestamp": "2026-01-25T23:37:34.044445+00:00", "data": {"market": "0x119721778ee7d2d537104621e23f83806409404a981f69167a64a784f36636a5", "price_changes": [{"asset_id": "87186360877792102041612514475854989329047943728433098439574828682802454912647", "price": "0.14", "size": "316.66", "side": "BUY", "hash": "2ab394e20455ae32f74a8a75a077f6359269df86", "best_bid": "0.22", "best_ask": "0.82"}, {"asset_id": "98316952420616398935061542109940716759438263942748469514396049132948976580705", "price": "0.86", "size": "316.66", "side": "SELL", "hash": "00d174a1d9834e5193dd943eee9e18949a0ddf8d", "best_bid": "0.18", "best_ask": "0.78"}], "timestamp": "1769384253976", "event_type": "price_change"}}
{"_local_timestamp": "2026-01-25T23:37:34.062414+00:00", "data": {"market": "0x119721778ee7d2d537104621e23f83806409404a981f69167a64a784f36636a5", "price_changes": [{"asset_id": "87186360877792102041612514475854989329047943728433098439574828682802454912647", "price": "0.13", "size": "258", "side": "BUY", "hash": "51e83c4ad5f90bed8aaa983ccf395a4b7cfa2202", "best_bid": "0.22", "best_ask": "0.82"}, {"asset_id": "98316952420616398935061542109940716759438263942748469514396049132948976580705", "price": "0.87", "size": "258", "side": "SELL", "hash": "d1e6e5653ab954b063552b45d9d5e884cc451ccd", "best_bid": "0.18", "best_ask": "0.78"}], "timestamp": "1769384253977", "event_type": "price_change"}}
