{"_local_timestamp": "2026-01-25T23:34:16.779810+00:00", "data": [{"market": "0x2ff5d591a587843f6d0e858dce0bedc46990972b051516af19c1fcecd957ee7f", "asset_id": "15199716803832153733569645304611913634260812951161140720698410614780414948044", "timestamp": "1769382484888", "hash": "54f33283c00cf9f47f538247d58273e36f231930", "bids": [{"price": "0.01", "size": "450"}, {"price": "0.02", "size": "275"}], "asks": [{"price": "0.99", "size": "468.34"}, {"price": "0.98", "size": "160.56"}, {"price": "0.97", "size": "151.58"}, {"price": "0.95", "size": "11.22"}], "event_type": "book", "last_trade_price": ""}, {"market": "0xac9409c3bc93616094bc9677fb434b57bbd676f851beb6a3c00ce649bee066ab", "asset_id": "90607543342742297330868414967194678594583003362222426686039781495887376700894", "timestamp": "1769382484880", "hash": "7688c4bb7cf2eed32c3277e01a736c59d90a5304", "bids": [{"price": "0.01", "size": "450"}, {"price": "0.02", "size": "385"}], "asks": [{"price": "0.99", "size": "468.34"}, {"price": "0.98", "size": "160.56"}, {"price": "0.97", "size": "204.58"}, {"price": "0.95", "size": "11.22"}], "event_type": "book", "last_trade_price": ""}, {"market": "0xac9409c3bc93616094bc9677fb434b57bbd676f851beb6a3c00ce649bee066ab", "asset_id": "112647876923797208776211482725406692441852504760742535743986765974554469508891", "timestamp": "1769382484880", "hash": "ee512e212edb095a639a97f19c0930dc89571daa", "bids": [{"price": "0.01", "size": "468.34"}, {"price": "0.02", "size": "160.56"}, {"price": "0.03", "size": "204.58"}, {"price": "0.05", "size": "11.22"}], "asks": [{"price": "0.99", "size": "450"}, {"price": "0.98", "size": "385"}], "event_type": "book", "last_trade_price": ""}, {"market": "0x2ff5d591a587843f6d0e858dce0bedc46990972b051516af19c1fcecd957ee7f", "asset_id": "62775014018617067484397020645334343777930748634640398389233173742698913971608", "timestamp": "1769382484888", "hash": "002cbcc3be58109f16a102cc9b0ef59668bcea39", "bids": [{"price": "0.01", "size": "468.34"}, {"price": "0.02", "size": "160.56"}, {"price": "0.03", "size": "151.58"}, {"price": "0.05", "size": "11.22"}], "asks": [{"price": "0.99", "size": "450"}, {"price": "0.98", "size": "275"}], "event_type": "book", "last_trade_price": ""}, {"market": "0xa1ef75e2a9e25ee8112f502559110aa55d626971dddcd419c5723f88414bdf8c", "asset_id": "18811201396400652567428225671811215779987163032917030559885349925070776983701", "timestamp": "1769382589284", "hash": "d1c9dca7669a03f905dda0eb3f01aa07950a7602", "bids": [{"price": "0.01", "size": "614.79"}, {"price": "0.02", "size": "163.72"}, {"price": "0.03", "size": "16"}, {"price": "0.04", "size": "79.21"}, {"price": "0.05", "size": "80.5"}, {"price": "0.06", "size": "44.25"}], "asks": [{"price": "0.99", "size": "614.79"}, {"price": "0.98", "size": "156.7"}, {"price": "0.97", "size": "12.97"}, {"price": "0.95", "size": "125"}, {"price": "0.94", "size": "43.95"}], "event_type": "book", "last_trade_price": ""}, {"market": "0x5d739237e381bf787bedd6ea590d256feec6d519b076e04063ca762602554b76", "asset_id": "56456241901221189250865307671215395196653732603486628869021562757578585490861", "timestamp": "1769382589263", "hash": "d60de5d87f573c8ac9ec0d3bb8fd4eabbd4f0b0a", "bids": [{"price": "0.01", "size": "450"}, {"price": "0.02", "size": "292"}], "asks": [{"price": "0.99", "size": "489.66"}, {"price": "0.98", "size": "160.56"}, {"price": "0.97", "size": "157.07"}, {"price": "0.96", "size": "5.47"}], "event_type": "book", "last_trade_price": ""}, {"market": "0xa1ef75e2a9e25ee8112f502559110aa55d626971dddcd419c5723f88414bdf8c", "asset_id": "96428320514154820904476064294738062378446160318027887077226652999938779364484", "timestamp": "1769382589284", "hash": "3939dede25c340f476cabacc7ca107ab25190c2a", "bids": [{"price": "0.01", "size": "614.79"}, {"price": "0.02", "size": "156.7"}, {"price": "0.03", "size": "12.97"}, {"price": "0.05", "size": "125"}, {"price": "0.06", "size": "43.95"}], "asks": [{"price": "0.99", "size": "614.79"}, {"price": "0.98", "size": "163.72"}, {"price": "0.97", "size": "16"}, {"price": "0.96", "size": "79.21"}, {"price": "0.95", "size": "80.5"}, {"price": "0.94", "size": "44.25"}], "event_type": "book", "last_trade_price": ""}, {"market": "0x5d739237e381bf787bedd6ea590d256feec6d519b076e04063ca762602554b76", "asset_id": "96601749093720295493227769911600156368899982745833737480349262226157338269272", "timestamp": "1769382589263", "hash": "f662ce66615901e6d19914a511da038eb1264d4a", "bids": [{"price": "0.01", "size": "489.66"}, {"price": "0.02", "size": "160.56"}, {"price": "0.03", "size": "157.07"}, {"price": "0.04", "size": "5.47"}], "asks": [{"price": "0.99", "size": "450"}, {"price": "0.98", "size": "292"}], "event_type": "book", "last_trade_price": ""}, {"market": "0x931c80b8a2c877cc116ad50fcdecff208ada1218d1a9dfb55e48b2099edd8e0d", "asset_id": "59994648159482221368843207001345725152244545244134409408569599633741580214299", "timestamp": "1769382663602", "hash": "dcec5d1525cf5a36ae0b9feba65aa86834c36a54", "bids": [{"price": "0.01", "size": "450"}, {"price": "0.02", "size": "385"}], "asks": [{"price": "0.99", "size": "468.34"}, {"price": "0.98", "size": "160.56"}, {"price": "0.97", "size": "88.58"}, {"price": "0.95", "size": "11.22"}], "event_type": "book", "last_trade_price": ""}, {"market": "0x931c80b8a2c877cc116ad50fcdecff208ada1218d1a9dfb55e48b2099edd8e0d", "asset_id": "101473961884682260494068193973520961265812294809582748466864965596736518723924", "timestamp": "1769382663602", "hash": "eaf7d42af1ee6482d9705fafed3c7bcd07dd87f9", "bids": [{"price": "0.01", "size": "468.34"}, {"price": "0.02", "size": "160.56"}, {"price": "0.03", "size": "88.58"}, {"price": "0.05", "size": "11.22"}], "asks": [{"price": "0.99", "size": "450"}, {"price": "0.98", "size": "385"}], "event_type": "book", "last_trade_price": ""}]}
