{"_local_timestamp": "2026-01-25T23:41:30.261679+00:00", "data": [{"market": "0xfc0fd73ce86b9254c44a9f43240f23b74802a069f9c2d5ae6a42df63e62312f5", "asset_id": "41307758574435068892718739593355032489460410853933793866404668418191300079638", "timestamp": "1769380930244", "hash": "b9daf4992a17e0cb26007958597940d3966c6d44", "bids": [{"price": "0.01", "size": "150"}, {"price": "0.05", "size": "100"}, {"price": "0.06", "size": "33"}, {"price": "0.07", "size": "199"}, {"price": "0.1", "size": "10"}, {"price": "0.11", "size": "39"}], "asks": [{"price": "0.99", "size": "150"}, {"price": "0.97", "size": "40"}, {"price": "0.95", "size": "100"}, {"price": "0.94", "size": "38.47"}], "event_type": "book", "last_trade_price": ""}, {"market": "0x02aa2a8d7f1c875e96450df7cb96ce9538bb8328847c2c539107afb0f8f48975", "asset_id": "113875556528628689195467435965529067038736220661416915680703639086055117554588", "timestamp": "1769380930245", "hash": "1432594dfcf6a704bd8119c77e669d898b1c081f", "bids": [{"price": "0.01", "size": "150"}, {"price": "0.03", "size": "40"}, {"price": "0.05", "size": "100"}, {"price": "0.06", "size": "38.47"}], "asks": [{"price": "0.99", "size": "150"}, {"price": "0.95", "size": "100"}, {"price": "0.94", "size": "33"}, {"price": "0.93", "size": "199"}, {"price": "0.9", "size": "10"}, {"price": "0.89", "size": "39"}], "event_type": "book", "last_trade_price": ""}, {"market": "0x02aa2a8d7f1c875e96450df7cb96ce9538bb8328847c2c539107afb0f8f48975", "asset_id": "56916830121662592232552697999892489945588138684776117531684333875829398908141", "timestamp": "1769380930245", "hash": "50745cf4991f4445fd370cdb3eabfc684576826a", "bids": [{"price": "0.01", "size": "150"}, {"price": "0.05", "size": "100"}, {"price": "0.06", "size": "33"}, {"price": "0.07", "size": "199"}, {"price": "0.1", "size": "10"}, {"price": "0.11", "size": "39"}], "asks": [{"price": "0.99", "size": "150"}, {"price": "0.97", "size": "40"}, {"price": "0.95", "size": "100"}, {"price": "0.94", "size": "38.47"}], "event_type": "book", "last_trade_price": ""}, {"market": "0xfc0fd73ce86b9254c44a9f43240f23b74802a069f9c2d5ae6a42df63e62312f5", "asset_id": "44854200457100069398073078559007979789490814423618494385671587049536422416360", "timestamp": "1769380930244", "hash": "75a9f11b56f147db87c9345e531850f47404b08f", "bids": [{"price": "0.01", "size": "150"}, {"price": "0.03", "size": "40"}, {"price": "0.05", "size": "100"}, {"price": "0.06", "size": "38.47"}], "asks": [{"price": "0.99", "size": "150"}, {"price": "0.95", "size": "100"}, {"price": "0.94", "size": "33"}, {"price": "0.93", "size": "199"}, {"price": "0.9", "size": "10"}, {"price": "0.89", "size": "39"}], "event_type": "book", "last_trade_price": ""}, {"market": "0xf9e6e03ec21d830c616054b8c12daa166795da0550ff8fb485a63f6d89fb9dae", "asset_id": "16950840828134803240664119850627126230502632112740446478742014543545583030092", "timestamp": "1769379586330", "hash": "011bd6efaebeb7aefeafa7ec014876d9ab56b1cc", "bids": [{"price": "0.01", "size": "150"}, {"price": "0.03", "size": "65"}, {"price": "0.04", "size": "50"}, {"price": "0.05", "size": "85"}, {"price": "0.08", "size": "10"}, {"price": "0.09", "size": "158"}], "asks": [{"price": "0.99", "size": "150"}, {"price": "0.97", "size": "53"}, {"price": "0.96", "size": "25"}, {"price": "0.95", "size": "70"}, {"price": "0.94", "size": "38.47"}], "event_type": "book", "last_trade_price": ""}, {"market": "0xf9e6e03ec21d830c616054b8c12daa166795da0550ff8fb485a63f6d89fb9dae", "asset_id": "10154305962666045000055743123025729770258765378082213816354936947699607697479", "timestamp": "1769379586330", "hash": "8968669912e10b2e09e4529b996f2f45cb43dfa9", "bids": [{"price": "0.01", "size": "150"}, {"price": "0.03", "size": "53"}, {"price": "0.04", "size": "25"}, {"price": "0.05", "size": "70"}, {"price": "0.06", "size": "38.47"}], "asks": [{"price": "0.99", "size": "150"}, {"price": "0.97", "size": "65"}, {"price": "0.96", "size": "50"}, {"price": "0.95", "size": "85"}, {"price": "0.92", "size": "10"}, {"price": "0.91", "size": "158"}], "event_type": "book", "last_trade_price": ""}]}
