{"_local_timestamp": "2026-01-25T23:33:56.313358+00:00", "data": [{"market": "0x81733116b03bcc707c4bbfffab760c9fd4ffb71447688b74aaadf982965a7e87", "asset_id": "74871215062391094655121057984189239838812117043187016832790448393181952628585", "timestamp": "1769378898554", "hash": "47ae2a639dda5006519b2bb537f69fd68e59ba76", "bids": [{"price": "0.01", "size": "60"}, {"price": "0.03", "size": "500"}, {"price": "0.04", "size": "200"}, {"price": "0.05", "size": "130"}, {"price": "0.07", "size": "84.47"}, {"price": "0.09", "size": "5.25"}], "asks": [{"price": "0.99", "size": "110"}, {"price": "0.95", "size": "30"}, {"price": "0.87", "size": "300"}, {"price": "0.85", "size": "200"}, {"price": "0.84", "size": "125"}, {"price": "0.82", "size": "75"}, {"price": "0.81", "size": "62"}, {"price": "0.5", "size": "50"}, {"price": "0.49", "size": "10"}], "event_type": "book", "last_trade_price": ""}, {"market": "0xc83785136571016d9282390735ef2417e16d86ae8ebd52de5abfb53bb4548f45", "asset_id": "25079777211763383544628482394705882183706395636867027264133298763362858668813", "timestamp": "1769384034132", "hash": "d73f3c767d908b38e64365f0746cb3b7a6c362c9", "bids": [{"price": "0.01", "size": "60"}, {"price": "0.02", "size": "500"}, {"price": "0.03", "size": "200"}, {"price": "0.04", "size": "200"}, {"price": "0.05", "size": "30"}, {"price": "0.06", "size": "5.47"}], "asks": [{"price": "0.99", "size": "510"}, {"price": "0.96", "size": "500"}, {"price": "0.95", "size": "230"}, {"price": "0.86", "size": "158"}, {"price": "0.85", "size": "316.66"}, {"price": "0.75", "size": "158"}, {"price": "0.17", "size": "12"}], "event_type": "book", "last_trade_price": ""}, {"market": "0x43b3b4f32d3eddbf3b844f4fc74cc0aa61a1cb1f339da187ad454889cd77a51c", "asset_id": "27298887774261660225963964162821366952153943534372878541829773285042853724322", "timestamp": "1769376453887", "hash": "9c021a7454470fdfec3717610b88ccf179bb68c6", "bids": [{"price": "0.01", "size": "440"}, {"price": "0.02", "size": "650"}, {"price": "0.05", "size": "45"}], "asks": [{"price": "0.99", "size": "110"}, {"price": "0.98", "size": "700"}, {"price": "0.97", "size": "250"}, {"price": "0.95", "size": "30"}, {"price": "0.1", "size": "10"}, {"price": "0.09", "size": "10"}], "event_type": "book", "last_trade_price": ""}, {"market": "0xc83785136571016d9282390735ef2417e16d86ae8ebd52de5abfb53bb4548f45", "asset_id": "26431331651831637661947007535374288413346640191282037156089903698202362890962", "timestamp": "1769384034132", "hash": "d49e2dcea8c3a38972ac6da2381744ad1e843c96", "bids": [{"price": "0.01", "size": "510"}, {"price": "0.04", "size": "500"}, {"price": "0.05", "size": "230"}, {"price": "0.14", "size": "158"}, {"price": "0.15", "size": "316.66"}, {"price": "0.25", "size": "158"}, {"price": "0.83", "size": "12"}], "asks": [{"price": "0.99", "size": "60"}, {"price": "0.98", "size": "500"}, {"price": "0.97", "size": "200"}, {"price": "0.96", "size": "200"}, {"price": "0.95", "size": "30"}, {"price": "0.94", "size": "5.47"}], "event_type": "book", "last_trade_price": ""}, {"market": "0x43b3b4f32d3eddbf3b844f4fc74cc0aa61a1cb1f339da187ad454889cd77a51c", "asset_id": "92469113710533380794837318081037567925773780750278206575447139967775848338766", "timestamp": "1769376453887", "hash": "40fa5c63e5e815d301aa90af119adeb021919046", "bids": [{"price": "0.01", "size": "110"}, {"price": "0.02", "size": "700"}, {"price": "0.03", "size": "250"}, {"price": "0.05", "size": "30"}, {"price": "0.9", "size": "10"}, {"price": "0.91", "size": "10"}], "asks": [{"price": "0.99", "size": "440"}, {"price": "0.98", "size": "650"}, {"price": "0.95", "size": "45"}], "event_type": "book", "last_trade_price": ""}, {"market": "0x81733116b03bcc707c4bbfffab760c9fd4ffb71447688b74aaadf982965a7e87", "asset_id": "34815683936023333151459733389599186310314075259677519973971322425444897884495", "timestamp": "1769378898554", "hash": "3ea6d4eee08bf31fbfe993cbd4462c5f3fe727c9", "bids": [{"price": "0.01", "size": "110"}, {"price": "0.05", "size": "30"}, {"price": "0.13", "size": "300"}, {"price": "0.15", "size": "200"}, {"price": "0.16", "size": "125"}, {"price": "0.18", "size": "75"}, {"price": "0.19", "size": "62"}, {"price": "0.5", "size": "50"}, {"price": "0.51", "size": "10"}], "asks": [{"price": "0.99", "size": "60"}, {"price": "0.97", "size": "500"}, {"price": "0.96", "size": "200"}, {"price": "0.95", "size": "130"}, {"price": "0.93", "size": "84.47"}, {"price": "0.91", "size": "5.25"}], "event_type": "book", "last_trade_price": ""}]}
