{"_local_timestamp": "2026-01-25T23:40:59.770137+00:00", "data": [{"market": "0x70da41343b85702165ec580d29aa9e804b546469b3be755e56751de9d84bdafd", "asset_id": "65793973377581011861745730490612024995981340885203713242657473753205531902049", "timestamp": "1769375566840", "hash": "9dbcd8a76a74b401c5b8f5fb6b09fc8f97fb31cf", "bids": [{"price": "0.01", "size": "110"}, {"price": "0.02", "size": "500"}, {"price": "0.03", "size": "200"}, {"price": "0.04", "size": "50"}, {"price": "0.05", "size": "30"}, {"price": "0.06", "size": "71.67"}], "asks": [{"price": "0.99", "size": "110"}, {"price": "0.98", "size": "500"}, {"price": "0.97", "size": "249"}, {"price": "0.96", "size": "79.35"}, {"price": "0.95", "size": "7.8"}, {"price": "0.94", "size": "38.28"}], "event_type": "book", "last_trade_price": ""}, {"market": "0x52e3cdfff39e047c52d147f68283d0183c353b93d79d6fd3829daa132d51bf53", "asset_id": "54585813517503851346495336780903609110913013444935402692301356392971881832634", "timestamp": "1769376448531", "hash": "9904a6eef7a20e9ebb0eec752fc30401bb2f5e3d", "bids": [{"price": "0.01", "size": "110"}, {"price": "0.02", "size": "500"}, {"price": "0.03", "size": "200"}, {"price": "0.04", "size": "175"}, {"price": "0.05", "size": "30"}, {"price": "0.06", "size": "72"}], "asks": [{"price": "0.99", "size": "110"}, {"price": "0.98", "size": "500"}, {"price": "0.97", "size": "200"}, {"price": "0.96", "size": "162"}, {"price": "0.94", "size": "48.57"}], "event_type": "book", "last_trade_price": ""}, {"market": "0x52e3cdfff39e047c52d147f68283d0183c353b93d79d6fd3829daa132d51bf53", "asset_id": "69587183106188461905200828198704278907598436250545247707860137165864640001311", "timestamp": "1769376448531", "hash": "cac1c297d0fa6d61d5b92f98bfdc3712e6f1cb9c", "bids": [{"price": "0.01", "size": "110"}, {"price": "0.02", "size": "500"}, {"price": "0.03", "size": "200"}, {"price": "0.04", "size": "162"}, {"price": "0.06", "size": "48.57"}], "asks": [{"price": "0.99", "size": "110"}, {"price": "0.98", "size": "500"}, {"price": "0.97", "size": "200"}, {"price": "0.96", "size": "175"}, {"price": "0.95", "size": "30"}, {"price": "0.94", "size": "72"}], "event_type": "book", "last_trade_price": ""}, {"market": "0x70da41343b85702165ec580d29aa9e804b546469b3be755e56751de9d84bdafd", "asset_id": "90247489162398702283529044203479325744858921935268056443643943831393445058650", "timestamp": "1769375566840", "hash": "a02da59e571f27517a72527484740a23481d9ad2", "bids": [{"price": "0.01", "size": "110"}, {"price": "0.02", "size": "500"}, {"price": "0.03", "size": "249"}, {"price": "0.04", "size": "79.35"}, {"price": "0.05", "size": "7.8"}, {"price": "0.06", "size": "38.28"}], "asks": [{"price": "0.99", "size": "110"}, {"price": "0.98", "size": "500"}, {"price": "0.97", "size": "200"}, {"price": "0.96", "size": "50"}, {"price": "0.95", "size": "30"}, {"price": "0.94", "size": "71.67"}], "event_type": "book", "last_trade_price": ""}, {"market": "0x69caf8efc88b9d80bca787d94761469957dab73121e012e190cb9bbc0fb64639", "asset_id": "1068350226456656104620135634318357334464515959970520612228064890331339852473", "timestamp": "1769376295174", "hash": "25c78e036f42a4d28c40452bb91b783976c679c8", "bids": [{"price": "0.01", "size": "90"}, {"price": "0.02", "size": "5.47"}], "asks": [{"price": "0.99", "size": "1510"}, {"price": "0.98", "size": "1100"}, {"price": "0.95", "size": "1030"}, {"price": "0.94", "size": "33"}, {"price": "0.92", "size": "500"}, {"price": "0.86", "size": "200"}, {"price": "0.79", "size": "199"}, {"price": "0.5", "size": "100"}, {"price": "0.1", "size": "10"}], "event_type": "book", "last_trade_price": ""}, {"market": "0x69caf8efc88b9d80bca787d94761469957dab73121e012e190cb9bbc0fb64639", "asset_id": "75151426766421279977069672295037966815367985580536628280232571556166238032946", "timestamp": "1769376295174", "hash": "4cb67f67b519590c5cefbcab474b57df0623d4be", "bids": [{"price": "0.01", "size": "1510"}, {"price": "0.02", "size": "1100"}, {"price": "0.05", "size": "1030"}, {"price": "0.06", "size": "33"}, {"price": "0.08", "size": "500"}, {"price": "0.14", "size": "200"}, {"price": "0.21", "size": "199"}, {"price": "0.5", "size": "100"}, {"price": "0.9", "size": "10"}], "asks": [{"price": "0.99", "size": "90"}, {"price": "0.98", "size": "5.47"}], "event_type": "book", "last_trade_price": ""}]}
