{"_local_timestamp": "2026-01-25T23:41:30.025756+00:00", "data": [{"market": "0xf7879b331133429ce90ff0146fad6ee99e8f8ca14c752c94e56472d359787291", "asset_id": "109084783075477959237095052719619934964822273381531343713683548918835741466384", "timestamp": "1769376496121", "hash": "2b3b528c39ab3bab338f7276dc5802944222d5e0", "bids": [{"price": "0.01", "size": "150"}, {"price": "0.03", "size": "40"}, {"price": "0.05", "size": "100"}, {"price": "0.06", "size": "38.47"}], "asks": [{"price": "0.99", "size": "150"}, {"price": "0.95", "size": "100"}, {"price": "0.94", "size": "83"}, {"price": "0.93", "size": "158"}], "event_type": "book", "last_trade_price": ""}, {"market": "0xf4423ca5f0e584999c0c599e3bdb00d5448a9204253bddd01c80d994812118df", "asset_id": "102180882932524688274739637362745457079899593424615642795151964482195660834048", "timestamp": "1769376293184", "hash": "60aff7980cb4cbb260e31a8f292f243ea94e62fd", "bids": [{"price": "0.01", "size": "150"}, {"price": "0.02", "size": "75"}, {"price": "0.03", "size": "16"}, {"price": "0.04", "size": "25"}, {"price": "0.05", "size": "70"}, {"price": "0.06", "size": "38.47"}], "asks": [{"price": "0.99", "size": "150"}, {"price": "0.95", "size": "100"}, {"price": "0.94", "size": "122"}, {"price": "0.93", "size": "35"}], "event_type": "book", "last_trade_price": ""}, {"market": "0xf7879b331133429ce90ff0146fad6ee99e8f8ca14c752c94e56472d359787291", "asset_id": "34736696506549721326580972188089306492523624436227567478223918689137136711236", "timestamp": "1769376496121", "hash": "01fd535e83a6866d6fd290349704c52213162400", "bids": [{"price": "0.01", "size": "150"}, {"price": "0.05", "size": "100"}, {"price": "0.06", "size": "83"}, {"price": "0.07", "size": "158"}], "asks": [{"price": "0.99", "size": "150"}, {"price": "0.97", "size": "40"}, {"price": "0.95", "size": "100"}, {"price": "0.94", "size": "38.47"}], "event_type": "book", "last_trade_price": ""}, {"market": "0xf4423ca5f0e584999c0c599e3bdb00d5448a9204253bddd01c80d994812118df", "asset_id": "8959422205866421169835981296323668946071412199921223005441906946816289251678", "timestamp": "1769376293184", "hash": "32dc69efc9ab01abbf5aa095eff8e5b738bc816a", "bids": [{"price": "0.01", "size": "150"}, {"price": "0.05", "size": "100"}, {"price": "0.06", "size": "122"}, {"price": "0.07", "size": "35"}], "asks": [{"price": "0.99", "size": "150"}, {"price": "0.98", "size": "75"}, {"price": "0.97", "size": "16"}, {"price": "0.96", "size": "25"}, {"price": "0.95", "size": "70"}, {"price": "0.94", "size": "38.47"}], "event_type": "book", "last_trade_price": ""}, {"market": "0x6466bdac284fd85627df18b26a6ccecec6f8eda77a23277c47c1d246382eb8af", "asset_id": "109481065384978230773881287814377901818443835231305042457671235535428499560569", "timestamp": "1769378177885", "hash": "02934a800f0e657153ddc337e1300f8995b87b19", "bids": [{"price": "0.01", "size": "150"}, {"price": "0.05", "size": "100"}, {"price": "0.06", "size": "83"}, {"price": "0.07", "size": "158"}], "asks": [{"price": "0.99", "size": "150"}, {"price": "0.98", "size": "75"}, {"price": "0.95", "size": "100"}, {"price": "0.94", "size": "38.47"}], "event_type": "book", "last_trade_price": ""}, {"market": "0x6466bdac284fd85627df18b26a6ccecec6f8eda77a23277c47c1d246382eb8af", "asset_id": "82124676395910106801215879386003620449655666620577047038851459806742460088793", "timestamp": "1769378177885", "hash": "4da403cc0860ce9cb8906521efaaa2fbd33df727", "bids": [{"price": "0.01", "size": "150"}, {"price": "0.02", "size": "75"}, {"price": "0.05", "size": "100"}, {"price": "0.06", "size": "38.47"}], "asks": [{"price": "0.99", "size": "150"}, {"price": "0.95", "size": "100"}, {"price": "0.94", "size": "83"}, {"price": "0.93", "size": "158"}], "event_type": "book", "last_trade_price": ""}]}
