{"_local_timestamp": "2026-01-25T23:33:52.860814+00:00", "data": [{"market": "0x1ae29de09060d897131ac9c577db1cb43b30626c79b93facd9f31e5e982f2297", "asset_id": "95299784960420200689445969930219503338718886366395171716314505656524734307936", "timestamp": "1769376412844", "hash": "8749e42794a5a3e2078ceca42f7cff6c08c12839", "bids": [{"price": "0.01", "size": "110"}, {"price": "0.03", "size": "16"}, {"price": "0.04", "size": "300"}, {"price": "0.05", "size": "345"}, {"price": "0.06", "size": "108"}, {"price": "0.1", "size": "166"}, {"price": "0.11", "size": "79"}, {"price": "0.9", "size": "10"}], "asks": [{"price": "0.99", "size": "840"}, {"price": "0.98", "size": "325"}, {"price": "0.97", "size": "5.47"}], "event_type": "book", "last_trade_price": ""}, {"market": "0x14c7bbbe71e8518255a165e40127e8cb014259a136911eea3cd663ee2b72c179", "asset_id": "28273894857808663009613924495548987762282748151515981228544834095826615908042", "timestamp": "1769378543226", "hash": "a0f5e35fbf01defd56175d246973687efbd101d3", "bids": [{"price": "0.01", "size": "110"}, {"price": "0.02", "size": "500"}, {"price": "0.03", "size": "200"}, {"price": "0.04", "size": "175"}, {"price": "0.05", "size": "30"}, {"price": "0.06", "size": "51.07"}], "asks": [{"price": "0.99", "size": "110"}, {"price": "0.96", "size": "625"}, {"price": "0.95", "size": "105"}, {"price": "0.94", "size": "33"}, {"price": "0.92", "size": "158"}, {"price": "0.91", "size": "66.49"}], "event_type": "book", "last_trade_price": ""}, {"market": "0x14c7bbbe71e8518255a165e40127e8cb014259a136911eea3cd663ee2b72c179", "asset_id": "49783582443401897242474811398979463223118203340356412068654203221452952854183", "timestamp": "1769378543226", "hash": "c115f7eb3f4c6cf01c4a94474840a853d6717852", "bids": [{"price": "0.01", "size": "110"}, {"price": "0.04", "size": "625"}, {"price": "0.05", "size": "105"}, {"price": "0.06", "size": "33"}, {"price": "0.08", "size": "158"}, {"price": "0.09", "size": "66.49"}], "asks": [{"price": "0.99", "size": "110"}, {"price": "0.98", "size": "500"}, {"price": "0.97", "size": "200"}, {"price": "0.96", "size": "175"}, {"price": "0.95", "size": "30"}, {"price": "0.94", "size": "51.07"}], "event_type": "book", "last_trade_price": ""}, {"market": "0x9fe63873217e6f76e67f4317cf00cb726f8ee60ee5a6c91ab14b50287738b23c", "asset_id": "58154757779258297708073154214907365993464849261855411921028118675151506453238", "timestamp": "1769381552018", "hash": "88756a7ca09b82dfc4a751f529cdfa5bd595866b", "bids": [{"price": "0.01", "size": "110"}, {"price": "0.05", "size": "330"}, {"price": "0.06", "size": "433"}, {"price": "0.07", "size": "250"}, {"price": "0.13", "size": "58"}], "asks": [{"price": "0.99", "size": "110"}, {"price": "0.97", "size": "300"}, {"price": "0.96", "size": "400"}, {"price": "0.95", "size": "30"}, {"price": "0.94", "size": "178.8"}, {"price": "0.93", "size": "45.65"}], "event_type": "book", "last_trade_price": ""}, {"market": "0x1ae29de09060d897131ac9c577db1cb43b30626c79b93facd9f31e5e982f2297", "asset_id": "88904691341229246222269489144812323795376757135197685031649799885039077642330", "timestamp": "1769376412844", "hash": "367c9cb3983dac55ec77ac86809d9e81e1961f60", "bids": [{"price": "0.01", "size": "840"}, {"price": "0.02", "size": "325"}, {"price": "0.03", "size": "5.47"}], "asks": [{"price": "0.99", "size": "110"}, {"price": "0.97", "size": "16"}, {"price": "0.96", "size": "300"}, {"price": "0.95", "size": "345"}, {"price": "0.94", "size": "108"}, {"price": "0.9", "size": "166"}, {"price": "0.89", "size": "79"}, {"price": "0.1", "size": "10"}], "event_type": "book", "last_trade_price": ""}, {"market": "0x9fe63873217e6f76e67f4317cf00cb726f8ee60ee5a6c91ab14b50287738b23c", "asset_id": "89803758331242265546621690967661699464498224046697267927980368604456938405844", "timestamp": "1769381552018", "hash": "9bed207ae14b15c92713da403ea162b1837d5b18", "bids": [{"price": "0.01", "size": "110"}, {"price": "0.03", "size": "300"}, {"price": "0.04", "size": "400"}, {"price": "0.05", "size": "30"}, {"price": "0.06", "size": "178.8"}, {"price": "0.07", "size": "45.65"}], "asks": [{"price": "0.99", "size": "110"}, {"price": "0.95", "size": "330"}, {"price": "0.94", "size": "433"}, {"price": "0.93", "size": "250"}, {"price": "0.87", "size": "58"}], "event_type": "book", "last_trade_price": ""}]}
