{"_local_timestamp": "2026-01-25T23:33:52.805837+00:00", "data": [{"market": "0xfbc4a78364931abe3317cbf60c6e4c7f95a7c30bc01bf058f305dd14d221d3b3", "asset_id": "21651427753785163155834695243858337454754866944934705690992382808278287317781", "timestamp": "1769376412107", "hash": "aa3543199fb3f4abf0c9bc42cbfb1aef2fce2081", "bids": [{"price": "0.01", "size": "110"}, {"price": "0.03", "size": "16"}, {"price": "0.04", "size": "500"}, {"price": "0.05", "size": "220"}, {"price": "0.06", "size": "33"}, {"price": "0.08", "size": "79"}, {"price": "0.09", "size": "79"}, {"price": "0.9", "size": "10"}], "asks": [{"price": "0.99", "size": "840"}, {"price": "0.98", "size": "325"}, {"price": "0.97", "size": "6.09"}], "event_type": "book", "last_trade_price": ""}, {"market": "0x07efd3f1f9a93ca938dd424bb916940235287bc856ffd01203e5ce70e2271d2d", "asset_id": "8245388665850387253753629580796880336501198148521681203832987336715492716379", "timestamp": "1769375569250", "hash": "038f24f13ffb615d73123e6ebdfa7ace24659dd9", "bids": [{"price": "0.01", "size": "110"}, {"price": "0.03", "size": "625"}, {"price": "0.04", "size": "75"}, {"price": "0.05", "size": "180"}, {"price": "0.06", "size": "33"}, {"price": "0.07", "size": "79"}], "asks": [{"price": "0.99", "size": "110"}, {"price": "0.98", "size": "500"}, {"price": "0.97", "size": "200"}, {"price": "0.96", "size": "186.7"}, {"price": "0.95", "size": "30"}, {"price": "0.94", "size": "44.81"}], "event_type": "book", "last_trade_price": ""}, {"market": "0x07efd3f1f9a93ca938dd424bb916940235287bc856ffd01203e5ce70e2271d2d", "asset_id": "42454878359970567847333173350421418410281698865324998172925899681175994733177", "timestamp": "1769375569250", "hash": "cd94920790efb381550619a8f979fadff30c5d0b", "bids": [{"price": "0.01", "size": "110"}, {"price": "0.02", "size": "500"}, {"price": "0.03", "size": "200"}, {"price": "0.04", "size": "186.7"}, {"price": "0.05", "size": "30"}, {"price": "0.06", "size": "44.81"}], "asks": [{"price": "0.99", "size": "110"}, {"price": "0.97", "size": "625"}, {"price": "0.96", "size": "75"}, {"price": "0.95", "size": "180"}, {"price": "0.94", "size": "33"}, {"price": "0.93", "size": "79"}], "event_type": "book", "last_trade_price": ""}, {"market": "0xfbc4a78364931abe3317cbf60c6e4c7f95a7c30bc01bf058f305dd14d221d3b3", "asset_id": "16559087061986245636909828345375710367191811384964213955517593197671342040743", "timestamp": "1769376412107", "hash": "25a5793f6f192f14e6be0bf77825f4c240aa1370", "bids": [{"price": "0.01", "size": "840"}, {"price": "0.02", "size": "325"}, {"price": "0.03", "size": "6.09"}], "asks": [{"price": "0.99", "size": "110"}, {"price": "0.97", "size": "16"}, {"price": "0.96", "size": "500"}, {"price": "0.95", "size": "220"}, {"price": "0.94", "size": "33"}, {"price": "0.92", "size": "79"}, {"price": "0.91", "size": "79"}, {"price": "0.1", "size": "10"}], "event_type": "book", "last_trade_price": ""}, {"market": "0xb3d63397b996689888fda9b0177c0f4c6b9bd1e396ec5b61d75b0478065da83d", "asset_id": "43818874970411421881617328862019224108103842302740280846989970506571535456510", "timestamp": "1769375569766", "hash": "7d980c3cdcc34c0e5171453c39266e412f796596", "bids": [{"price": "0.01", "size": "110"}, {"price": "0.03", "size": "625"}, {"price": "0.04", "size": "75"}, {"price": "0.05", "size": "180"}, {"price": "0.06", "size": "33"}, {"price": "0.07", "size": "39"}], "asks": [{"price": "0.99", "size": "110"}, {"price": "0.98", "size": "500"}, {"price": "0.97", "size": "200"}, {"price": "0.96", "size": "50"}, {"price": "0.95", "size": "30"}, {"price": "0.94", "size": "55.07"}], "event_type": "book", "last_trade_price": ""}, {"market": "0xb3d63397b996689888fda9b0177c0f4c6b9bd1e396ec5b61d75b0478065da83d", "asset_id": "74018550713515477184951572719095254178714881934118789277352024135789216234701", "timestamp": "1769375569766", "hash": "c00887081eca40cffc8851428c25091e245927c0", "bids": [{"price": "0.01", "size": "110"}, {"price": "0.02", "size": "500"}, {"price": "0.03", "size": "200"}, {"price": "0.04", "size": "50"}, {"price": "0.05", "size": "30"}, {"price": "0.06", "size": "55.07"}], "asks": [{"price": "0.99", "size": "110"}, {"price": "0.97", "size": "625"}, {"price": "0.96", "size": "75"}, {"price": "0.95", "size": "180"}, {"price": "0.94", "size": "33"}, {"price": "0.93", "size": "39"}], "event_type": "book", "last_trade_price": ""}]}
