{"_local_timestamp": "2026-01-25T23:40:29.959583+00:00", "data": [{"market": "0x1d54eb5eac2cee8f595f3097c65da7d07f8ab5dee63d7c0c6883eb70e1e9af30", "asset_id": "82991837887127223585838300135823820957946688171642633953055760547186260528157", "timestamp": "1769384429001", "hash": "6503863c082015d2502fa34d47729efeaa7ec710", "bids": [{"price": "0.01", "size": "531671.08"}, {"price": "0.02", "size": "30520.47"}, {"price": "0.03", "size": "15400"}, {"price": "0.04", "size": "6.48"}, {"price": "0.05", "size": "2498.74"}, {"price": "0.09", "size": "900"}, {"price": "0.1", "size": "1533.33"}, {"price": "0.11", "size": "12266.44"}, {"price": "0.12", "size": "192.06"}, {"price": "0.13", "size": "461.53"}, {"price": "0.15", "size": "700"}, {"price": "0.16", "size": "200"}, {"price": "0.17", "size": "188.23"}, {"price": "0.2", "size": "3550"}, {"price": "0.21", "size": "1093.33"}, {"price": "0.22", "size": "2008"}, {"price": "0.26", "size": "100"}, {"price": "0.27", "size": "12591.39"}, {"price": "0.3", "size": "351.42"}, {"price": "0.31", "size": "220"}, {"price": "0.34", "size": "2388.38"}, {"price": "0.35", "size": "5605"}, {"price": "0.38", "size": "12.19"}, {"price": "0.39", "size": "8.31"}, {"price": "0.4", "size": "2690.56"}, {"price": "0.41", "size": "25"}, {"price": "0.42", "size": "200"}, {"price": "0.44", "size": "9.07"}, {"price": "0.45", "size": "2605"}, {"price": "0.49", "size": "500"}, {"price": "0.5", "size": "285"}, {"price": "0.51", "size": "3490"}, {"price": "0.52", "size": "944.56"}, {"price": "0.55", "size": "586.95"}, {"price": "0.56", "size": "100"}, {"price": "0.57", "size": "259.12"}, {"price": "0.59", "size": "3980"}, {"price": "0.6", "size": "21412.32"}, {"price": "0.61", "size": "700"}, {"price": "0.62", "size": "40"}, {"price": "0.64", "size": "42.3"}, {"price": "0.65", "size": "354.38"}, {"price": "0.67", "size": "233.49"}, {"price": "0.7", "size": "2390.3"}, {"price": "0.71", "size": "18055.74"}, {"price": "0.72", "size": "11520"}, {"price": "0.73", "size": "9710"}, {"price": "0.74", "size": "24679.83"}, {"price": "0.75", "size": "21245.79"}, {"price": "0.76", "size": "32235.07"}, {"price": "0.77", "size": "9011.88"}, {"price": "0.78", "size": "819.1"}, {"price": "0.79", "size": "5377.68"}, {"price": "0.8", "size": "19506.12"}, {"price": "0.81", "size": "16052"}, {"price": "0.82", "size": "10555"}, {"price": "0.83", "size": "35122.84"}, {"price": "0.84", "size": "47689.46"}, {"price": "0.85", "size": "38515.15"}], "asks": [{"price": "0.99", "size": "1121182.35"}, {"price": "0.98", "size": "255780.91"}, {"price": "0.97", "size": "302010"}, {"price": "0.96", "size": "118809.12"}, {"price": "0.95", "size": "33480"}, {"price": "0.94", "size": "14020"}, {"price": "0.93", "size": "39273.09"}, {"price": "0.92", "size": "37731"}, {"price": "0.91", "size": "69982.16"}, {"price": "0.9", "size": "93977.56"}, {"price": "0.89", "size": "53669.86"}, {"price": "0.88", "size": "206588.21"}, {"price": "0.87", "size": "44527.19"}, {"price": "0.86", "size": "11469.45"}], "event_type": "book", "last_trade_price": "0.850"}, {"market": "0x1d54eb5eac2cee8f595f3097c65da7d07f8ab5dee63d7c0c6883eb70e1e9af30", "asset_id": "24394670903706558879845790079760859552309100903651562795058188175118941818512", "timestamp": "1769384429001", "hash": "f066f7490ad16b3b87ff8edcfe83d7d7b968ddbb", "bids": [{"price": "0.01", "size": "1121182.35"}, {"price": "0.02", "size": "255780.91"}, {"price": "0.03", "size": "302010"}, {"price": "0.04", "size": "118809.12"}, {"price": "0.05", "size": "33480"}, {"price": "0.06", "size": "14020"}, {"price": "0.07", "size": "39273.09"}, {"price": "0.08", "size": "37731"}, {"price": "0.09", "size": "69982.16"}, {"price": "0.1", "size": "93977.56"}, {"price": "0.11", "size": "53669.86"}, {"price": "0.12", "size": "206588.21"}, {"price": "0.13", "size": "44527.19"}, {"price": "0.14", "size": "11469.45"}], "asks": [{"price": "0.99", "size": "531671.08"}, {"price": "0.98", "size": "30520.47"}, {"price": "0.97", "size": "15400"}, {"price": "0.96", "size": "6.48"}, {"price": "0.95", "size": "2498.74"}, {"price": "0.91", "size": "900"}, {"price": "0.9", "size": "1533.33"}, {"price": "0.89", "size": "12266.44"}, {"price": "0.88", "size": "192.06"}, {"price": "0.87", "size": "461.53"}, {"price": "0.85", "size": "700"}, {"price": "0.84", "size": "200"}, {"price": "0.83", "size": "188.23"}, {"price": "0.8", "size": "3550"}, {"price": "0.79", "size": "1093.33"}, {"price": "0.78", "size": "2008"}, {"price": "0.74", "size": "100"}, {"price": "0.73", "size": "12591.39"}, {"price": "0.7", "size": "351.42"}, {"price": "0.69", "size": "220"}, {"price": "0.66", "size": "2388.38"}, {"price": "0.65", "size": "5605"}, {"price": "0.62", "size": "12.19"}, {"price": "0.61", "size": "8.31"}, {"price": "0.6", "size": "2690.56"}, {"price": "0.59", "size": "25"}, {"price": "0.58", "size": "200"}, {"price": "0.56", "size": "9.07"}, {"price": "0.55", "size": "2605"}, {"price": "0.51", "size": "500"}, {"price": "0.5", "size": "285"}, {"price": "0.49", "size": "3490"}, {"price": "0.48", "size": "944.56"}, {"price": "0.45", "size": "586.95"}, {"price": "0.44", "size": "100"}, {"price": "0.43", "size": "259.12"}, {"price": "0.41", "size": "3980"}, {"price": "0.4", "size": "21412.32"}, {"price": "0.39", "size": "700"}, {"price": "0.38", "size": "40"}, {"price": "0.36", "size": "42.3"}, {"price": "0.35", "size": "354.38"}, {"price": "0.33", "size": "233.49"}, {"price": "0.3", "size": "2390.3"}, {"price": "0.29", "size": "18055.74"}, {"price": "0.28", "size": "11520"}, {"price": "0.27", "size": "9710"}, {"price": "0.26", "size": "24679.83"}, {"price": "0.25", "size": "21245.79"}, {"price": "0.24", "size": "32235.07"}, {"price": "0.23", "size": "9011.88"}, {"price": "0.22", "size": "819.1"}, {"price": "0.21", "size": "5377.68"}, {"price": "0.2", "size": "19506.12"}, {"price": "0.19", "size": "16052"}, {"price": "0.18", "size": "10555"}, {"price": "0.17", "size": "35122.84"}, {"price": "0.16", "size": "47689.46"}, {"price": "0.15", "size": "38515.15"}], "event_type": "book", "last_trade_price": "0.850"}]}
{"_local_timestamp": "2026-01-25T23:40:30.479280+00:00", "data": {"market": "0x1d54eb5eac2cee8f595f3097c65da7d07f8ab5dee63d7c0c6883eb70e1e9af30", "price_changes": [{"asset_id": "24394670903706558879845790079760859552309100903651562795058188175118941818512", "price": "0.14", "size": "11474.45", "side": "BUY", "hash": "9a278c2a27e3845dfd0c93171e14f26989990bf6", "best_bid": "0.14", "best_ask": "0.15"}, {"asset_id": "82991837887127223585838300135823820957946688171642633953055760547186260528157", "price": "0.86", "size": "11474.45", "side": "SELL", "hash": "d473fc5aa3481a5f17a3a6595c08cfa0d4ef0840", "best_bid": "0.85", "best_ask": "0.86"}], "timestamp": "1769384430393", "event_type": "price_change"}}
{"_local_timestamp": "2026-01-25T23:40:30.614063+00:00", "data": {"market": "0x1d54eb5eac2cee8f595f3097c65da7d07f8ab5dee63d7c0c6883eb70e1e9af30", "price_changes": [{"asset_id": "24394670903706558879845790079760859552309100903651562795058188175118941818512", "price": "0.15", "size": "38520.15", "side": "SELL", "hash": "826ce54180120daf0d8ccd1976c209d680e8b54b", "best_bid": "0.14", "best_ask": "0.15"}, {"asset_id": "82991837887127223585838300135823820957946688171642633953055760547186260528157", "price": "0.85", "size": "38520.15", "side": "BUY", "hash": "816a620cb10f32ff5c26aa8c1bbd08db96dd6d0c", "best_bid": "0.85", "best_ask": "0.86"}], "timestamp": "1769384430547", "event_type": "price_change"}}
{"_local_timestamp": "2026-01-25T23:40:55.624118+00:00", "data": {"market": "0x1d54eb5eac2cee8f595f3097c65da7d07f8ab5dee63d7c0c6883eb70e1e9af30", "price_changes": [{"asset_id": "24394670903706558879845790079760859552309100903651562795058188175118941818512", "price": "0.08", "size": "43981", "side": "BUY", "hash": "a0827dcd24fbe90ebdf183ced524a0c8daaab225", "best_bid": "0.14", "best_ask": "0.15"}, {"asset_id": "82991837887127223585838300135823820957946688171642633953055760547186260528157", "price": "0.92", "size": "43981", "side": "SELL", "hash": "218645369bd4e399f5a1474e79c98965e32cb379", "best_bid": "0.85", "best_ask": "0.86"}], "timestamp": "1769384455555", "event_type": "price_change"}}
{"_local_timestamp": "2026-01-25T23:40:55.629614+00:00", "data": {"market": "0x1d54eb5eac2cee8f595f3097c65da7d07f8ab5dee63d7c0c6883eb70e1e9af30", "price_changes": [{"asset_id": "24394670903706558879845790079760859552309100903651562795058188175118941818512", "price": "0.1", "size": "94007.56", "side": "BUY", "hash": "d8e803d35f18bf76cfd745b009fd24607b577abf", "best_bid": "0.14", "best_ask": "0.15"}, {"asset_id": "82991837887127223585838300135823820957946688171642633953055760547186260528157", "price": "0.9", "size": "94007.56", "side": "SELL", "hash": "cd0d644d7ae9ef861500391d1e78b80b67a11b37", "best_bid": "0.85", "best_ask": "0.86"}], "timestamp": "1769384455557", "event_type": "price_change"}}
{"_local_timestamp": "2026-01-25T23:40:55.630723+00:00", "data": {"market": "0x1d54eb5eac2cee8f595f3097c65da7d07f8ab5dee63d7c0c6883eb70e1e9af30", "price_changes": [{"asset_id": "24394670903706558879845790079760859552309100903651562795058188175118941818512", "price": "0.06", "size": "22354", "side": "BUY", "hash": "2817069de52ac2316d2174cad94ad6a932d5ee43", "best_bid": "0.14", "best_ask": "0.15"}, {"asset_id": "82991837887127223585838300135823820957946688171642633953055760547186260528157", "price": "0.94", "size": "22354", "side": "SELL", "hash": "d9dea20fc3d39e3760eea2c91075d0865c4e7421", "best_bid": "0.85", "best_ask": "0.86"}], "timestamp": "1769384455558", "event_type": "price_change"}}
{"_local_timestamp": "2026-01-25T23:40:55.631176+00:00", "data": {"market": "0x1d54eb5eac2cee8f595f3097c65da7d07f8ab5dee63d7c0c6883eb70e1e9af30", "price_changes": [{"asset_id": "24394670903706558879845790079760859552309100903651562795058188175118941818512", "price": "0.11", "size": "55842.86", "side": "BUY", "hash": "18ca2578e5ba6c0a725e951b32b293ec400212d1", "best_bid": "0.14", "best_ask": "0.15"}, {"asset_id": "82991837887127223585838300135823820957946688171642633953055760547186260528157", "price": "0.89", "size": "55842.86", "side": "SELL", "hash": "d235459d4382262339c1ff108e132ff3a4519d9a", "best_bid": "0.85", "best_ask": "0.86"}], "timestamp": "1769384455559", "event_type": "price_change"}}
{"_local_timestamp": "2026-01-25T23:41:10.125105+00:00", "data": {"market": "0x1d54eb5eac2cee8f595f3097c65da7d07f8ab5dee63d7c0c6883eb70e1e9af30", "price_changes": [{"asset_id": "24394670903706558879845790079760859552309100903651562795058188175118941818512", "price": "0.12", "size": "205787.81", "side": "BUY", "hash": "af9de5d51854b64d521bced5aa06100e894d460a", "best_bid": "0.14", "best_ask": "0.15"}, {"asset_id": "82991837887127223585838300135823820957946688171642633953055760547186260528157", "price": "0.88", "size": "205787.81", "side": "SELL", "hash": "9b2b03e3a6331aa40c1e5b53c808bba5a5f5da91", "best_bid": "0.85", "best_ask": "0.86"}], "timestamp": "1769384470000", "event_type": "price_change"}}
