{"_local_timestamp": "2026-01-25T23:40:29.959583+00:00", "data": [{"market": "0x1d54eb5eac2cee8f595f3097c65da7d07f8ab5dee63d7c0c6883eb70e1e9af30", "asset_id": "82991837887127223585838300135823820957946688171642633953055760547186260528157", "timestamp": "1769384429001", "hash": "6503863c082015d2502fa34d47729efeaa7ec710", "bids": [{"price": "0.01", "size": "531671.08"}, {"price": "0.02", "size": "30520.47"}, {"price": "0.03", "size": "15400"}, {"price": "0.04", "size": "6.48"}, {"price": "0.05", "size": "2498.74"}, {"price": "0.09", "size": "900"}, {"price": "0.1", "size": "1533.33"}, {"price": "0.11", "size": "12266.44"}, {"price": "0.12", "size": "192.06"}, {"price": "0.13", "size": "461.53"}, {"price": "0.15", "size": "700"}, {"price": "0.16", "size": "200"}, {"price": "0.17", "size": "188.23"}, {"price": "0.2", "size": "3550"}, {"price": "0.21", "size": "1093.33"}, {"price": "0.22", "size": "2008"}, {"price": "0.26", "size": "100"}, {"price": "0.27", "size": "12591.39"}, {"price": "0.3", "size": "351.42"}, {"price": "0.31", "size": "220"}, {"price": "0.34", "size": "2388.38"}, {"price": "0.35", "size": "5605"}, {"price": "0.38", "size": "12.19"}, {"price": "0.39", "size": "8.31"}, {"price": "0.4", "size": "2690.56"}, {"price": "0.41", "size": "25"}, {"price": "0.42", "size": "200"}, {"price": "0.44", "size": "9.07"}, {"price": "0.45", "size": "2605"}, {"price": "0.49", "size": "500"}, {"price": "0.5", "size": "285"}, {"price": "0.51", "size": "3490"}, {"price": "0.52", "size": "944.56"}, {"price": "0.55", "size": "586.95"}, {"price": "0.56", "size": "100"}, {"price": "0.57", "size": "259.12"}, {"price": "0.59", "size": "3980"}, {"price": "0.6", "size": "21412.32"}, {"price": "0.61", "size": "700"}, {"price": "0.62", "size": "40"}, {"price": "0.64", "size": "42.3"}, {"price": "0.65", "size": "354.38"}, {"price": "0.67", "size": "233.49"}, {"price": "0.7", "size": "2390.3"}, {"price": "0.71", "size": "18055.74"}, {"price": "0.72", "size": "11520"}, {"price": "0.73", "size": "9710"}, {"price": "0.74", "size": "24679.83"}, {"price": "0.75", "size": "21245.79"}, {"price": "0.76", "size": "32235.07"}, {"price": "0.77", "size": "9011.88"}, {"price": "0.78", "size": "819.1"}, {"price": "0.79", "size": "5377.68"}, {"price": "0.8", "size": "19506.12"}, {"price": "0.81", "size": "16052"}, {"price": "0.82", "size": "10555"}, {"price": "0.83", "size": "35122.84"}, {"price": "0.84", "size": "47689.46"}, {"price": "0.85", "size": "38515.15"}], "asks": [{"price": "0.99", "size": "1121182.35"}, {"price": "0.98", "size": "255780.91"}, {"price": "0.97", "size": "302010"}, {"price": "0.96", "size": "118809.12"}, {"price": "0.95", "size": "33480"}, {"price": "0.94", "size": "14020"}, {"price": "0.93", "size": "39273.09"}, {"price": "0.92", "size": "37731"}, {"price": "0.91", "size": "69982.16"}, {"price": "0.9", "size": "93977.56"}, {"price": "0.89", "size": "53669.86"}, {"price": "0.88", "size": "206588.21"}, {"price": "0.87", "size": "44527.19"}, {"price": "0.86", "size": "11469.45"}], "event_type": "book", "last_trade_price": "0.850"}, {"market": "0x1d54eb5eac2cee8f595f3097c65da7d07f8ab5dee63d7c0c6883eb70e1e9af30", "asset_id": "24394670903706558879845790079760859552309100903651562795058188175118941818512", "timestamp": "1769384429001", "hash": "f066f7490ad16b3b87ff8edcfe83d7d7b968ddbb", "bids": [{"price": "0.01", "size": "1121182.35"}, {"price": "0.02", "size": "255780.91"}, {"price": "0.03", "size": "302010"}, {"price": "0.04", "size": "118809.12"}, {"price": "0.05", "size": "33480"}, {"price": "0.06", "size": "14020"}, {"price": "0.07", "size": "39273.09"}, {"price": "0.08", "size": "37731"}, {"price": "0.09", "size": "69982.16"}, {"price": "0.1", "size": "93977.56"}, {"price": "0.11", "size": "53669.86"}, {"price": "0.12", "size": "206588.21"}, {"price": "0.13", "size": "44527.19"}, {"price": "0.14", "size": "11469.45"}], "asks": [{"price": "0.99", "size": "531671.08"}, {"price": "0.98", "size": "30520.47"}, {"price": "0.97", "size": "15400"}, {"price": "0.96", "size": "6.48"}, {"price": "0.95", "size": "2498.74"}, {"price": "0.91", "size": "900"}, {"price": "0.9", "size": "1533.33"}, {"price": "0.89", "size": "12266.44"}, {"price": "0.88", "size": "192.06"}, {"price": "0.87", "size": "461.53"}, {"price": "0.85", "size": "700"}, {"price": "0.84", "size": "200"}, {"price": "0.83", "size": "188.23"}, {"price": "0.8", "size": "3550"}, {"price": "0.79", "size": "1093.33"}, {"price": "0.78", "size": "2008"}, {"price": "0.74", "size": "100"}, {"price": "0.73", "size": "12591.39"}, {"price": "0.7", "size": "351.42"}, {"price": "0.69", "size": "220"}, {"price": "0.66", "size": "2388.38"}, {"price": "0.65", "size": "5605"}, {"price": "0.62", "size": "12.19"}, {"price": "0.61", "size": "8.31"}, {"price": "0.6", "size": "2690.56"}, {"price": "0.59", "size": "25"}, {"price": "0.58", "size": "200"}, {"price": "0.56", "size": "9.07"}, {"price": "0.55", "size": "2605"}, {"price": "0.51", "size": "500"}, {"price": "0.5", "size": "285"}, {"price": "0.49", "size": "3490"}, {"price": "0.48", "size": "944.56"}, {"price": "0.45", "size": "586.95"}, {"price": "0.44", "size": "100"}, {"price": "0.43", "size": "259.12"}, {"price": "0.41", "size": "3980"}, {"price": "0.4", "size": "21412.32"}, {"price": "0.39", "size": "700"}, {"price": "0.38", "size": "40"}, {"price": "0.36", "size": "42.3"}, {"price": "0.35", "size": "354.38"}, {"price": "0.33", "size": "233.49"}, {"price": "0.3", "size": "2390.3"}, {"price": "0.29", "size": "18055.74"}, {"price": "0.28", "size": "11520"}, {"price": "0.27", "size": "9710"}, {"price": "0.26", "size": "24679.83"}, {"price": "0.25", "size": "21245.79"}, {"price": "0.24", "size": "32235.07"}, {"price": "0.23", "size": "9011.88"}, {"price": "0.22", "size": "819.1"}, {"price": "0.21", "size": "5377.68"}, {"price": "0.2", "size": "19506.12"}, {"price": "0.19", "size": "16052"}, {"price": "0.18", "size": "10555"}, {"price": "0.17", "size": "35122.84"}, {"price": "0.16", "size": "47689.46"}, {"price": "0.15", "size": "38515.15"}], "event_type": "book", "last_trade_price": "0.850"}]}
{"_local_timestamp": "2026-01-25T23:40:30.479280+00:00", "data": {"market": "0x1d54eb5eac2cee8f595f3097c65da7d07f8ab5dee63d7c0c6883eb70e1e9af30", "price_changes": [{"asset_id": "24394670903706558879845790079760859552309100903651562795058188175118941818512", "price": "0.14", "size": "11474.45", "side": "BUY", "hash": "9a278c2a27e3845dfd0c93171e14f26989990bf6", "best_bid": "0.14", "best_ask": "0.15"}, {"asset_id": "82991837887127223585838300135823820957946688171642633953055760547186260528157", "price": "0.86", "size": "11474.45", "side": "SELL", "hash": "d473fc5aa3481a5f17a3a6595c08cfa0d4ef0840", "best_bid": "0.85", "best_ask": "0.86"}], "timestamp": "1769384430393", "event_type": "price_change"}}
{"_local_timestamp": "2026-01-25T23:40:30.614063+00:00", "data": {"market": "0x1d54eb5eac2cee8f595f3097c65da7d07f8ab5dee63d7c0c6883eb70e1e9af30", "price_changes": [{"asset_id": "24394670903706558879845790079760859552309100903651562795058188175118941818512", "price": "0.15", "size": "38520.15", "side": "SELL", "hash": "826ce54180120daf0d8ccd1976c209d680e8b54b", "best_bid": "0.14", "best_ask": "0.15"}, {"asset_id": "82991837887127223585838300135823820957946688171642633953055760547186260528157", "price": "0.85", "size": "38520.15", "side": "BUY", "hash": "816a620cb10f32ff5c26aa8c1bbd08db96dd6d0c", "best_bid": "0.85", "best_ask": "0.86"}], "timestamp": "1769384430547", "event_type": "price_change"}}
{"_local_timestamp": "2026-01-25T23:40:55.624118+00:00", "data": {"market": "0x1d54eb5eac2cee8f595f3097c65da7d07f8ab5dee63d7c0c6883eb70e1e9af30", "price_changes": [{"asset_id": "24394670903706558879845790079760859552309100903651562795058188175118941818512", "price": "0.08", "size": "43981", "side": "BUY", "hash": "a0827dcd24fbe90ebdf183ced524a0c8daaab225", "best_bid": "0.14", "best_ask": "0.15"}, {"asset_id": "82991837887127223585838300135823820957946688171642633953055760547186260528157", "price": "0.92", "size": "43981", "side": "SELL", "hash": "218645369bd4e399f5a1474e79c98965e32cb379", "best_bid": "0.85", "best_ask": "0.86"}], "timestamp": "1769384455555", "event_type": "price_change"}}
{"_local_timestamp": "2026-01-25T23:40:55.629614+00:00", "data": {"market": "0x1d54eb5eac2cee8f595f3097c65da7d07f8ab5dee63d7c0c6883eb70e1e9af30", "price_changes": [{"asset_id": "24394670903706558879845790079760859552309100903651562795058188175118941818512", "price": "0.1", "size": "94007.56", "side": "BUY", "hash": "d8e803d35f18bf76cfd745b009fd24607b577abf", "best_bid": "0.14", "best_ask": "0.15"}, {"asset_id": "82991837887127223585838300135823820957946688171642633953055760547186260528157", "price": "0.9", "size": "94007.56", "side": "SELL", "hash": "cd0d644d7ae9ef861500391d1e78b80b67a11b37", "best_bid": "0.85", "best_ask": "0.86"}], "timestamp": "1769384455557", "event_type": "price_change"}}
{"_local_timestamp": "2026-01-25T23:40:55.630723+00:00", "data": {"market": "0x1d54eb5eac2cee8f595f3097c65da7d07f8ab5dee63d7c0c6883eb70e1e9af30", "price_changes": [{"asset_id": "24394670903706558879845790079760859552309100903651562795058188175118941818512", "price": "0.06", "size": "22354", "side": "BUY", "hash": "2817069de52ac2316d2174cad94ad6a932d5ee43", "best_bid": "0.14", "best_ask": "0.15"}, {"asset_id": "82991837887127223585838300135823820957946688171642633953055760547186260528157", "price": "0.94", "size": "22354", "side": "SELL", "hash": "d9dea20fc3d39e3760eea2c91075d0865c4e7421", "best_bid": "0.85", "best_ask": "0.86"}], "timestamp": "1769384455558", "event_type": "price_change"}}
{"_local_timestamp": "2026-01-25T23:40:55.631176+00:00", "data": {"market": "0x1d54eb5eac2cee8f595f3097c65da7d07f8ab5dee63d7c0c6883eb70e1e9af30", "price_changes": [{"asset_id": "24394670903706558879845790079760859552309100903651562795058188175118941818512", "price": "0.11", "size": "55842.86", "side": "BUY", "hash": "18ca2578e5ba6c0a725e951b32b293ec400212d1", "best_bid": "0.14", "best_ask": "0.15"}, {"asset_id": "82991837887127223585838300135823820957946688171642633953055760547186260528157", "price": "0.89", "size": "55842.86", "side": "SELL", "hash": "d235459d4382262339c1ff108e132ff3a4519d9a", "best_bid": "0.85", "best_ask": "0.86"}], "timestamp": "1769384455559", "event_type": "price_change"}}
{"_local_timestamp": "2026-01-25T23:41:10.125105+00:00", "data": {"market": "0x1d54eb5eac2cee8f595f3097c65da7d07f8ab5dee63d7c0c6883eb70e1e9af30", "price_changes": [{"asset_id": "24394670903706558879845790079760859552309100903651562795058188175118941818512", "price": "0.12", "size": "205787.81", "side": "BUY", "hash": "af9de5d51854b64d521bced5aa06100e894d460a", "best_bid": "0.14", "best_ask": "0.15"}, {"asset_id": "82991837887127223585838300135823820957946688171642633953055760547186260528157", "price": "0.88", "size": "205787.81", "side": "SELL", "hash": "9b2b03e3a6331aa40c1e5b53c808bba5a5f5da91", "best_bid": "0.85", "best_ask": "0.86"}], "timestamp": "1769384470000", "event_type": "price_change"}}
{"_local_timestamp": "2026-01-25T23:41:16.801963+00:00", "data": {"market": "0x1d54eb5eac2cee8f595f3097c65da7d07f8ab5dee63d7c0c6883eb70e1e9af30", "price_changes": [{"asset_id": "82991837887127223585838300135823820957946688171642633953055760547186260528157", "price": "0.83", "size": "44174.17", "side": "BUY", "hash": "1f8e4ee8212ee820c1a0e86a3388f6be839660e5", "best_bid": "0.85", "best_ask": "0.86"}, {"asset_id": "24394670903706558879845790079760859552309100903651562795058188175118941818512", "price": "0.17", "size": "44174.17", "side": "SELL", "hash": "05a7c8ea2ca300c9289459b2916fcfcd220bcf42", "best_bid": "0.14", "best_ask": "0.15"}], "timestamp": "1769384476721", "event_type": "price_change"}}
{"_local_timestamp": "2026-01-25T23:41:46.923661+00:00", "data": {"market": "0x1d54eb5eac2cee8f595f3097c65da7d07f8ab5dee63d7c0c6883eb70e1e9af30", "price_changes": [{"asset_id": "82991837887127223585838300135823820957946688171642633953055760547186260528157", "price": "0.85", "size": "38510.15", "side": "BUY", "hash": "9443f3bd6576cd831a6007e4f13b5c9b09ba4a78", "best_bid": "0.85", "best_ask": "0.86"}, {"asset_id": "24394670903706558879845790079760859552309100903651562795058188175118941818512", "price": "0.15", "size": "38510.15", "side": "SELL", "hash": "e18b93c15bd579a41fc4eff9752d51ccaa428369", "best_bid": "0.14", "best_ask": "0.15"}], "timestamp": "1769384506851", "event_type": "price_change"}}
{"_local_timestamp": "2026-01-25T23:41:47.199750+00:00", "data": {"market": "0x1d54eb5eac2cee8f595f3097c65da7d07f8ab5dee63d7c0c6883eb70e1e9af30", "price_changes": [{"asset_id": "82991837887127223585838300135823820957946688171642633953055760547186260528157", "price": "0.85", "size": "38520.15", "side": "BUY", "hash": "d180a1c8f322720ab4a8a1621481f369fd5ba221", "best_bid": "0.85", "best_ask": "0.86"}, {"asset_id": "24394670903706558879845790079760859552309100903651562795058188175118941818512", "price": "0.15", "size": "38520.15", "side": "SELL", "hash": "1347479ba40ee46721372009e2694d661e506b6a", "best_bid": "0.14", "best_ask": "0.15"}], "timestamp": "1769384507126", "event_type": "price_change"}}
{"_local_timestamp": "2026-01-25T23:42:17.692324+00:00", "data": {"market": "0x1d54eb5eac2cee8f595f3097c65da7d07f8ab5dee63d7c0c6883eb70e1e9af30", "price_changes": [{"asset_id": "24394670903706558879845790079760859552309100903651562795058188175118941818512", "price": "0.14", "size": "11464.45", "side": "BUY", "hash": "8aa3c215c561f113f750df7d5358b650834ec6c9", "best_bid": "0.14", "best_ask": "0.15"}, {"asset_id": "82991837887127223585838300135823820957946688171642633953055760547186260528157", "price": "0.86", "size": "11464.45", "side": "SELL", "hash": "e10c55d37100d3db94349d06b2ba0058402bf596", "best_bid": "0.85", "best_ask": "0.86"}], "timestamp": "1769384537613", "event_type": "price_change"}}
{"_local_timestamp": "2026-01-25T23:42:18.084769+00:00", "data": {"market": "0x1d54eb5eac2cee8f595f3097c65da7d07f8ab5dee63d7c0c6883eb70e1e9af30", "price_changes": [{"asset_id": "24394670903706558879845790079760859552309100903651562795058188175118941818512", "price": "0.14", "size": "11474.45", "side": "BUY", "hash": "670ea6775efa3b652b478cd19bde95bcb8b58ae0", "best_bid": "0.14", "best_ask": "0.15"}, {"asset_id": "82991837887127223585838300135823820957946688171642633953055760547186260528157", "price": "0.86", "size": "11474.45", "side": "SELL", "hash": "27cc4b24c013266d1c3dcbab852e8d100e716bba", "best_bid": "0.85", "best_ask": "0.86"}], "timestamp": "1769384537981", "event_type": "price_change"}}
{"_local_timestamp": "2026-01-25T23:42:32.122892+00:00", "data": {"market": "0x1d54eb5eac2cee8f595f3097c65da7d07f8ab5dee63d7c0c6883eb70e1e9af30", "price_changes": [{"asset_id": "24394670903706558879845790079760859552309100903651562795058188175118941818512", "price": "0.15", "size": "38515.15", "side": "SELL", "hash": "bb8b5f00f554b64cb8f19775372b5ef21e136d81", "best_bid": "0.14", "best_ask": "0.15"}, {"asset_id": "82991837887127223585838300135823820957946688171642633953055760547186260528157", "price": "0.85", "size": "38515.15", "side": "BUY", "hash": "4338ec3a2a5ece41e38a518150cc5f2e536cf861", "best_bid": "0.85", "best_ask": "0.86"}], "timestamp": "1769384551975", "event_type": "price_change"}}
{"_local_timestamp": "2026-01-25T23:42:32.383267+00:00", "data": {"market": "0x1d54eb5eac2cee8f595f3097c65da7d07f8ab5dee63d7c0c6883eb70e1e9af30", "price_changes": [{"asset_id": "24394670903706558879845790079760859552309100903651562795058188175118941818512", "price": "0.14", "size": "11469.45", "side": "BUY", "hash": "3c9237cfb23044cf69a0d65c678498036f88726f", "best_bid": "0.14", "best_ask": "0.15"}, {"asset_id": "82991837887127223585838300135823820957946688171642633953055760547186260528157", "price": "0.86", "size": "11469.45", "side": "SELL", "hash": "8ac1e3ac89486be53bdc08291a3d7a2635f37754", "best_bid": "0.85", "best_ask": "0.86"}], "timestamp": "1769384552235", "event_type": "price_change"}}
{"_local_timestamp": "2026-01-25T23:42:38.094611+00:00", "data": {"market": "0x1d54eb5eac2cee8f595f3097c65da7d07f8ab5dee63d7c0c6883eb70e1e9af30", "price_changes": [{"asset_id": "24394670903706558879845790079760859552309100903651562795058188175118941818512", "price": "0.12", "size": "206588.21", "side": "BUY", "hash": "f4c0a87eddf41ab1c8484de799b1f61c77b442b7", "best_bid": "0.14", "best_ask": "0.15"}, {"asset_id": "82991837887127223585838300135823820957946688171642633953055760547186260528157", "price": "0.88", "size": "206588.21", "side": "SELL", "hash": "62e43d6e9dba363837efacd02c69fb2e5c5e763d", "best_bid": "0.85", "best_ask": "0.86"}], "timestamp": "1769384557916", "event_type": "price_change"}}
{"_local_timestamp": "2026-01-25T23:42:53.283807+00:00", "data": {"market": "0x1d54eb5eac2cee8f595f3097c65da7d07f8ab5dee63d7c0c6883eb70e1e9af30", "price_changes": [{"asset_id": "24394670903706558879845790079760859552309100903651562795058188175118941818512", "price": "0.13", "size": "44764.19", "side": "BUY", "hash": "36df8223f82123115cffaa3f35be2010c6c693ed", "best_bid": "0.14", "best_ask": "0.15"}, {"asset_id": "82991837887127223585838300135823820957946688171642633953055760547186260528157", "price": "0.87", "size": "44764.19", "side": "SELL", "hash": "7194d157078638f4fde72abd72816dc868bc0f55", "best_bid": "0.85", "best_ask": "0.86"}], "timestamp": "1769384573171", "event_type": "price_change"}}
{"_local_timestamp": "2026-01-25T23:42:53.737942+00:00", "data": {"market": "0x1d54eb5eac2cee8f595f3097c65da7d07f8ab5dee63d7c0c6883eb70e1e9af30", "price_changes": [{"asset_id": "82991837887127223585838300135823820957946688171642633953055760547186260528157", "price": "0.84", "size": "47926.46", "side": "BUY", "hash": "5b6e366f139e1f69c53154b461573a9e9f76a034", "best_bid": "0.85", "best_ask": "0.86"}, {"asset_id": "24394670903706558879845790079760859552309100903651562795058188175118941818512", "price": "0.16", "size": "47926.46", "side": "SELL", "hash": "9d91cba1f13971866791e9a04732e3d44d3eccbe", "best_bid": "0.14", "best_ask": "0.15"}], "timestamp": "1769384573641", "event_type": "price_change"}}
{"_local_timestamp": "2026-01-25T23:43:02.811150+00:00", "data": {"market": "0x1d54eb5eac2cee8f595f3097c65da7d07f8ab5dee63d7c0c6883eb70e1e9af30", "price_changes": [{"asset_id": "24394670903706558879845790079760859552309100903651562795058188175118941818512", "price": "0.14", "size": "11474.45", "side": "BUY", "hash": "0e626b845d80a8e401855e9c2f4a510f43530ae7", "best_bid": "0.14", "best_ask": "0.15"}, {"asset_id": "82991837887127223585838300135823820957946688171642633953055760547186260528157", "price": "0.86", "size": "11474.45", "side": "SELL", "hash": "f33e095618e99eca5ae5af40a9026921d02c99f8", "best_bid": "0.85", "best_ask": "0.86"}], "timestamp": "1769384582702", "event_type": "price_change"}}
{"_local_timestamp": "2026-01-25T23:43:33.066573+00:00", "data": {"market": "0x1d54eb5eac2cee8f595f3097c65da7d07f8ab5dee63d7c0c6883eb70e1e9af30", "price_changes": [{"asset_id": "82991837887127223585838300135823820957946688171642633953055760547186260528157", "price": "0.85", "size": "38505.15", "side": "BUY", "hash": "0a10b42bf55b8757841cc1d102e66ae6f6769978", "best_bid": "0.85", "best_ask": "0.86"}, {"asset_id": "24394670903706558879845790079760859552309100903651562795058188175118941818512", "price": "0.15", "size": "38505.15", "side": "SELL", "hash": "c8d5c8a03095bffb6047ac6fa9df0ced8de8dd47", "best_bid": "0.14", "best_ask": "0.15"}], "timestamp": "1769384612973", "event_type": "price_change"}}
{"_local_timestamp": "2026-01-25T23:43:33.353234+00:00", "data": {"market": "0x1d54eb5eac2cee8f595f3097c65da7d07f8ab5dee63d7c0c6883eb70e1e9af30", "price_changes": [{"asset_id": "82991837887127223585838300135823820957946688171642633953055760547186260528157", "price": "0.85", "size": "38515.15", "side": "BUY", "hash": "d593390d896c642409e8ffe0ceac7bd7c90cf32f", "best_bid": "0.85", "best_ask": "0.86"}, {"asset_id": "24394670903706558879845790079760859552309100903651562795058188175118941818512", "price": "0.15", "size": "38515.15", "side": "SELL", "hash": "4cb42740b4475a64f76307c08d6ab749a19a8c8e", "best_bid": "0.14", "best_ask": "0.15"}], "timestamp": "1769384613260", "event_type": "price_change"}}
{"_local_timestamp": "2026-01-25T23:43:33.651507+00:00", "data": {"market": "0x1d54eb5eac2cee8f595f3097c65da7d07f8ab5dee63d7c0c6883eb70e1e9af30", "price_changes": [{"asset_id": "24394670903706558879845790079760859552309100903651562795058188175118941818512", "price": "0.14", "size": "11469.45", "side": "BUY", "hash": "e6b749836629df772fcfceb22767fd18749392f1", "best_bid": "0.14", "best_ask": "0.15"}, {"asset_id": "82991837887127223585838300135823820957946688171642633953055760547186260528157", "price": "0.86", "size": "11469.45", "side": "SELL", "hash": "f12a91d663db5f7fa0e26f21a5f1c653c3cb0949", "best_bid": "0.85", "best_ask": "0.86"}], "timestamp": "1769384613545", "event_type": "price_change"}}
{"_local_timestamp": "2026-01-25T23:43:33.986366+00:00", "data": {"market": "0x1d54eb5eac2cee8f595f3097c65da7d07f8ab5dee63d7c0c6883eb70e1e9af30", "price_changes": [{"asset_id": "24394670903706558879845790079760859552309100903651562795058188175118941818512", "price": "0.15", "size": "38520.15", "side": "SELL", "hash": "43404c0a0aafdefccd1579f383250231d91e4646", "best_bid": "0.14", "best_ask": "0.15"}, {"asset_id": "82991837887127223585838300135823820957946688171642633953055760547186260528157", "price": "0.85", "size": "38520.15", "side": "BUY", "hash": "285cc676ff67d022fc5ad3e78b3bef04784dc678", "best_bid": "0.85", "best_ask": "0.86"}], "timestamp": "1769384613897", "event_type": "price_change"}}
{"_local_timestamp": "2026-01-25T23:44:04.333693+00:00", "data": {"market": "0x1d54eb5eac2cee8f595f3097c65da7d07f8ab5dee63d7c0c6883eb70e1e9af30", "price_changes": [{"asset_id": "82991837887127223585838300135823820957946688171642633953055760547186260528157", "price": "0.85", "size": "38510.15", "side": "BUY", "hash": "9fc5e0426fc1e62f93f311cf512988d014b58664", "best_bid": "0.85", "best_ask": "0.86"}, {"asset_id": "24394670903706558879845790079760859552309100903651562795058188175118941818512", "price": "0.15", "size": "38510.15", "side": "SELL", "hash": "2011698ba219dbe15d0a869f1fb930a7134ca43d", "best_bid": "0.14", "best_ask": "0.15"}], "timestamp": "1769384644007", "event_type": "price_change"}}
{"_local_timestamp": "2026-01-25T23:44:04.520744+00:00", "data": {"market": "0x1d54eb5eac2cee8f595f3097c65da7d07f8ab5dee63d7c0c6883eb70e1e9af30", "price_changes": [{"asset_id": "24394670903706558879845790079760859552309100903651562795058188175118941818512", "price": "0.15", "size": "38505.15", "side": "SELL", "hash": "5510aa543abaab165554223bc29e3aa6152ffddd", "best_bid": "0.14", "best_ask": "0.15"}, {"asset_id": "82991837887127223585838300135823820957946688171642633953055760547186260528157", "price": "0.85", "size": "38505.15", "side": "BUY", "hash": "31d70b56df2fd0ad0fb5e50b3bdbd63ed53434cb", "best_bid": "0.85", "best_ask": "0.86"}], "timestamp": "1769384644220", "event_type": "price_change"}}
{"_local_timestamp": "2026-01-25T23:44:04.637659+00:00", "data": {"market": "0x1d54eb5eac2cee8f595f3097c65da7d07f8ab5dee63d7c0c6883eb70e1e9af30", "price_changes": [{"asset_id": "82991837887127223585838300135823820957946688171642633953055760547186260528157", "price": "0.85", "size": "38515.15", "side": "BUY", "hash": "5df8496eecb777898098454fc8a6e15ed5323f88", "best_bid": "0.85", "best_ask": "0.86"}, {"asset_id": "24394670903706558879845790079760859552309100903651562795058188175118941818512", "price": "0.15", "size": "38515.15", "side": "SELL", "hash": "f717222839cb4bd12ce477ab8819bdb36666813c", "best_bid": "0.14", "best_ask": "0.15"}], "timestamp": "1769384644315", "event_type": "price_change"}}
{"_local_timestamp": "2026-01-25T23:44:04.790908+00:00", "data": {"market": "0x1d54eb5eac2cee8f595f3097c65da7d07f8ab5dee63d7c0c6883eb70e1e9af30", "price_changes": [{"asset_id": "24394670903706558879845790079760859552309100903651562795058188175118941818512", "price": "0.14", "size": "11474.45", "side": "BUY", "hash": "14aee68f01650b12edba79b91779db93f21b36e3", "best_bid": "0.14", "best_ask": "0.15"}, {"asset_id": "82991837887127223585838300135823820957946688171642633953055760547186260528157", "price": "0.86", "size": "11474.45", "side": "SELL", "hash": "61f2ab29e42af2a4bd0a8f19f03d8062294b1e62", "best_bid": "0.85", "best_ask": "0.86"}], "timestamp": "1769384644492", "event_type": "price_change"}}
{"_local_timestamp": "2026-01-25T23:44:11.709916+00:00", "data": {"market": "0x1d54eb5eac2cee8f595f3097c65da7d07f8ab5dee63d7c0c6883eb70e1e9af30", "price_changes": [{"asset_id": "24394670903706558879845790079760859552309100903651562795058188175118941818512", "price": "0.1", "size": "94017.56", "side": "BUY", "hash": "5ca4998d539e12564e6df72d749ec14cdc2aba43", "best_bid": "0.14", "best_ask": "0.15"}, {"asset_id": "82991837887127223585838300135823820957946688171642633953055760547186260528157", "price": "0.9", "size": "94017.56", "side": "SELL", "hash": "9f02613e42e8b3f1a43a78bfe4976febba7f1fde", "best_bid": "0.85", "best_ask": "0.86"}], "timestamp": "1769384651566", "event_type": "price_change"}}
{"_local_timestamp": "2026-01-25T23:44:11.739373+00:00", "data": {"market": "0x1d54eb5eac2cee8f595f3097c65da7d07f8ab5dee63d7c0c6883eb70e1e9af30", "price_changes": [{"asset_id": "24394670903706558879845790079760859552309100903651562795058188175118941818512", "price": "0.11", "size": "55852.86", "side": "BUY", "hash": "996dce1771ec1fe190bed730f63268ae7ae99fc6", "best_bid": "0.14", "best_ask": "0.15"}, {"asset_id": "82991837887127223585838300135823820957946688171642633953055760547186260528157", "price": "0.89", "size": "55852.86", "side": "SELL", "hash": "17406a0d0ff6bd2221758076000157284ee13a02", "best_bid": "0.85", "best_ask": "0.86"}], "timestamp": "1769384651596", "event_type": "price_change"}}
{"_local_timestamp": "2026-01-25T23:44:11.765628+00:00", "data": {"market": "0x1d54eb5eac2cee8f595f3097c65da7d07f8ab5dee63d7c0c6883eb70e1e9af30", "price_changes": [{"asset_id": "24394670903706558879845790079760859552309100903651562795058188175118941818512", "price": "0.12", "size": "206598.21", "side": "BUY", "hash": "cc010d28ae7b3edcadf28317e34407d0b6c7fd95", "best_bid": "0.14", "best_ask": "0.15"}, {"asset_id": "82991837887127223585838300135823820957946688171642633953055760547186260528157", "price": "0.88", "size": "206598.21", "side": "SELL", "hash": "b1122aecfc94815b9977836a02d9a85f23bd9576", "best_bid": "0.85", "best_ask": "0.86"}], "timestamp": "1769384651624", "event_type": "price_change"}}
{"_local_timestamp": "2026-01-25T23:44:11.797877+00:00", "data": {"market": "0x1d54eb5eac2cee8f595f3097c65da7d07f8ab5dee63d7c0c6883eb70e1e9af30", "price_changes": [{"asset_id": "24394670903706558879845790079760859552309100903651562795058188175118941818512", "price": "0.13", "size": "44774.19", "side": "BUY", "hash": "855093f8e89c40bbe1d0439cee4de5978d5177e7", "best_bid": "0.14", "best_ask": "0.15"}, {"asset_id": "82991837887127223585838300135823820957946688171642633953055760547186260528157", "price": "0.87", "size": "44774.19", "side": "SELL", "hash": "dd663f450dbd46cb4efbf57761df5e11c270465e", "best_bid": "0.85", "best_ask": "0.86"}], "timestamp": "1769384651657", "event_type": "price_change"}}
{"_local_timestamp": "2026-01-25T23:44:11.832334+00:00", "data": {"market": "0x1d54eb5eac2cee8f595f3097c65da7d07f8ab5dee63d7c0c6883eb70e1e9af30", "price_changes": [{"asset_id": "24394670903706558879845790079760859552309100903651562795058188175118941818512", "price": "0.14", "size": "11484.45", "side": "BUY", "hash": "313cfb7934344fc327ed30fbfaa7497007a73f1b", "best_bid": "0.14", "best_ask": "0.15"}, {"asset_id": "82991837887127223585838300135823820957946688171642633953055760547186260528157", "price": "0.86", "size": "11484.45", "side": "SELL", "hash": "c5803d3bd86868c509b647387335f61f658f7dd5", "best_bid": "0.85", "best_ask": "0.86"}], "timestamp": "1769384651687", "event_type": "price_change"}}
{"_local_timestamp": "2026-01-25T23:44:11.874344+00:00", "data": {"market": "0x1d54eb5eac2cee8f595f3097c65da7d07f8ab5dee63d7c0c6883eb70e1e9af30", "price_changes": [{"asset_id": "82991837887127223585838300135823820957946688171642633953055760547186260528157", "price": "0.81", "size": "16062", "side": "BUY", "hash": "a4313781eb59f7ea2e99e8dbf68863260d79d2c6", "best_bid": "0.85", "best_ask": "0.86"}, {"asset_id": "24394670903706558879845790079760859552309100903651562795058188175118941818512", "price": "0.19", "size": "16062", "side": "SELL", "hash": "36df1f657f844c6c75f41dbb2ebf34c40038d4ca", "best_bid": "0.14", "best_ask": "0.15"}], "timestamp": "1769384651720", "event_type": "price_change"}}
{"_local_timestamp": "2026-01-25T23:44:11.914652+00:00", "data": {"market": "0x1d54eb5eac2cee8f595f3097c65da7d07f8ab5dee63d7c0c6883eb70e1e9af30", "price_changes": [{"asset_id": "82991837887127223585838300135823820957946688171642633953055760547186260528157", "price": "0.82", "size": "10565", "side": "BUY", "hash": "a4aa88eee7a72832a18b8bff29d2623bb5d8d130", "best_bid": "0.85", "best_ask": "0.86"}, {"asset_id": "24394670903706558879845790079760859552309100903651562795058188175118941818512", "price": "0.18", "size": "10565", "side": "SELL", "hash": "28d91adff303486f56e5d5643ef238981b90ee8f", "best_bid": "0.14", "best_ask": "0.15"}], "timestamp": "1769384651750", "event_type": "price_change"}}
{"_local_timestamp": "2026-01-25T23:44:11.921439+00:00", "data": {"market": "0x1d54eb5eac2cee8f595f3097c65da7d07f8ab5dee63d7c0c6883eb70e1e9af30", "price_changes": [{"asset_id": "82991837887127223585838300135823820957946688171642633953055760547186260528157", "price": "0.83", "size": "44184.17", "side": "BUY", "hash": "4f3636dca1c23415caf36285485b2515e54e4bac", "best_bid": "0.85", "best_ask": "0.86"}, {"asset_id": "24394670903706558879845790079760859552309100903651562795058188175118941818512", "price": "0.17", "size": "44184.17", "side": "SELL", "hash": "8b7d4882abf8ad1cdb89ef749b840722c24dbb9b", "best_bid": "0.14", "best_ask": "0.15"}], "timestamp": "1769384651779", "event_type": "price_change"}}
{"_local_timestamp": "2026-01-25T23:44:11.954775+00:00", "data": {"market": "0x1d54eb5eac2cee8f595f3097c65da7d07f8ab5dee63d7c0c6883eb70e1e9af30", "price_changes": [{"asset_id": "82991837887127223585838300135823820957946688171642633953055760547186260528157", "price": "0.84", "size": "47936.46", "side": "BUY", "hash": "24071acb88918731f777f8bbe9cd744cbd5eb8cd", "best_bid": "0.85", "best_ask": "0.86"}, {"asset_id": "24394670903706558879845790079760859552309100903651562795058188175118941818512", "price": "0.16", "size": "47936.46", "side": "SELL", "hash": "a54af348c46419ad560390509aecd806e19f1e19", "best_bid": "0.14", "best_ask": "0.15"}], "timestamp": "1769384651810", "event_type": "price_change"}}
{"_local_timestamp": "2026-01-25T23:44:12.023614+00:00", "data": {"market": "0x1d54eb5eac2cee8f595f3097c65da7d07f8ab5dee63d7c0c6883eb70e1e9af30", "price_changes": [{"asset_id": "82991837887127223585838300135823820957946688171642633953055760547186260528157", "price": "0.85", "size": "38525.15", "side": "BUY", "hash": "67bef296dd07932fb27d9cf981432fc3916ec0ae", "best_bid": "0.85", "best_ask": "0.86"}, {"asset_id": "24394670903706558879845790079760859552309100903651562795058188175118941818512", "price": "0.15", "size": "38525.15", "side": "SELL", "hash": "5f93c6f38eab43300bff81a4b47f9a2316e2a656", "best_bid": "0.14", "best_ask": "0.15"}], "timestamp": "1769384651840", "event_type": "price_change"}}
{"_local_timestamp": "2026-01-25T23:44:35.153933+00:00", "data": {"market": "0x1d54eb5eac2cee8f595f3097c65da7d07f8ab5dee63d7c0c6883eb70e1e9af30", "price_changes": [{"asset_id": "24394670903706558879845790079760859552309100903651562795058188175118941818512", "price": "0.14", "size": "11479.45", "side": "BUY", "hash": "f585ee2d6e2b1566b06ff78c08136ea93058daaf", "best_bid": "0.14", "best_ask": "0.15"}, {"asset_id": "82991837887127223585838300135823820957946688171642633953055760547186260528157", "price": "0.86", "size": "11479.45", "side": "SELL", "hash": "5b65583eb508c4d8cf98b3d528d5700b5c35a4bb", "best_bid": "0.85", "best_ask": "0.86"}], "timestamp": "1769384675091", "event_type": "price_change"}}
{"_local_timestamp": "2026-01-25T23:44:35.505849+00:00", "data": {"market": "0x1d54eb5eac2cee8f595f3097c65da7d07f8ab5dee63d7c0c6883eb70e1e9af30", "price_changes": [{"asset_id": "24394670903706558879845790079760859552309100903651562795058188175118941818512", "price": "0.15", "size": "38530.15", "side": "SELL", "hash": "2b1081bcdd3c663073643599ad46ec8f541a196a", "best_bid": "0.14", "best_ask": "0.15"}, {"asset_id": "82991837887127223585838300135823820957946688171642633953055760547186260528157", "price": "0.85", "size": "38530.15", "side": "BUY", "hash": "d844cd4416121e20271d28c9147fac3bf6b35720", "best_bid": "0.85", "best_ask": "0.86"}], "timestamp": "1769384675437", "event_type": "price_change"}}
{"_local_timestamp": "2026-01-25T23:44:36.687961+00:00", "data": {"market": "0x1d54eb5eac2cee8f595f3097c65da7d07f8ab5dee63d7c0c6883eb70e1e9af30", "price_changes": [{"asset_id": "82991837887127223585838300135823820957946688171642633953055760547186260528157", "price": "0.86", "size": "13464.25", "side": "SELL", "hash": "d48e5296bfb491d245ef8322cb80d56136114365", "best_bid": "0.85", "best_ask": "0.86"}, {"asset_id": "24394670903706558879845790079760859552309100903651562795058188175118941818512", "price": "0.14", "size": "13464.25", "side": "BUY", "hash": "9fbaee15d33aa0d73e33d1ea507ee9f1ed26372a", "best_bid": "0.14", "best_ask": "0.15"}], "timestamp": "1769384676616", "event_type": "price_change"}}
{"_local_timestamp": "2026-01-25T23:44:57.120835+00:00", "data": {"market": "0x1d54eb5eac2cee8f595f3097c65da7d07f8ab5dee63d7c0c6883eb70e1e9af30", "price_changes": [{"asset_id": "24394670903706558879845790079760859552309100903651562795058188175118941818512", "price": "0.11", "size": "55843.86", "side": "BUY", "hash": "6d4ed1b69a4d20003f3e78da72ccff15aba00588", "best_bid": "0.14", "best_ask": "0.15"}, {"asset_id": "82991837887127223585838300135823820957946688171642633953055760547186260528157", "price": "0.89", "size": "55843.86", "side": "SELL", "hash": "8c390dd55faf47492ad180f96336294e1078fa62", "best_bid": "0.85", "best_ask": "0.86"}], "timestamp": "1769384697000", "event_type": "price_change"}}
{"_local_timestamp": "2026-01-25T23:44:57.124479+00:00", "data": {"market": "0x1d54eb5eac2cee8f595f3097c65da7d07f8ab5dee63d7c0c6883eb70e1e9af30", "price_changes": [{"asset_id": "24394670903706558879845790079760859552309100903651562795058188175118941818512", "price": "0.1", "size": "89247.56", "side": "BUY", "hash": "20672f6f9b92f3fffdc7839b85711a9893195f24", "best_bid": "0.14", "best_ask": "0.15"}, {"asset_id": "82991837887127223585838300135823820957946688171642633953055760547186260528157", "price": "0.9", "size": "89247.56", "side": "SELL", "hash": "3ba4cde4f22779e1d5fd79888df7010a35216a48", "best_bid": "0.85", "best_ask": "0.86"}], "timestamp": "1769384697005", "event_type": "price_change"}}
{"_local_timestamp": "2026-01-25T23:45:05.811433+00:00", "data": {"market": "0x1d54eb5eac2cee8f595f3097c65da7d07f8ab5dee63d7c0c6883eb70e1e9af30", "price_changes": [{"asset_id": "24394670903706558879845790079760859552309100903651562795058188175118941818512", "price": "0.1", "size": "94017.56", "side": "BUY", "hash": "6beb95e2478cbbfd9e992b72f4f3797a421ea111", "best_bid": "0.14", "best_ask": "0.15"}, {"asset_id": "82991837887127223585838300135823820957946688171642633953055760547186260528157", "price": "0.9", "size": "94017.56", "side": "SELL", "hash": "77c3517798e00d97c26c959e3ead340ef7ed433e", "best_bid": "0.85", "best_ask": "0.86"}], "timestamp": "1769384705730", "event_type": "price_change"}}
{"_local_timestamp": "2026-01-25T23:45:05.812105+00:00", "data": {"market": "0x1d54eb5eac2cee8f595f3097c65da7d07f8ab5dee63d7c0c6883eb70e1e9af30", "price_changes": [{"asset_id": "24394670903706558879845790079760859552309100903651562795058188175118941818512", "price": "0.11", "size": "55852.86", "side": "BUY", "hash": "2d09f8beaf662fe235ef9265e21edbb5e978a2d7", "best_bid": "0.14", "best_ask": "0.15"}, {"asset_id": "82991837887127223585838300135823820957946688171642633953055760547186260528157", "price": "0.89", "size": "55852.86", "side": "SELL", "hash": "5439268f5129dd677b2f9ab210541fb12161b1f2", "best_bid": "0.85", "best_ask": "0.86"}], "timestamp": "1769384705734", "event_type": "price_change"}}
{"_local_timestamp": "2026-01-25T23:45:06.118866+00:00", "data": {"market": "0x1d54eb5eac2cee8f595f3097c65da7d07f8ab5dee63d7c0c6883eb70e1e9af30", "price_changes": [{"asset_id": "82991837887127223585838300135823820957946688171642633953055760547186260528157", "price": "0.85", "size": "38830.15", "side": "BUY", "hash": "06d317ffa00615bd1b47ccc2a79db65ad99754bf", "best_bid": "0.85", "best_ask": "0.86"}, {"asset_id": "24394670903706558879845790079760859552309100903651562795058188175118941818512", "price": "0.15", "size": "38830.15", "side": "SELL", "hash": "005d24a1684351153e0abc6acb269139a9090eff", "best_bid": "0.14", "best_ask": "0.15"}], "timestamp": "1769384706017", "event_type": "price_change"}}
{"_local_timestamp": "2026-01-25T23:45:06.195711+00:00", "data": {"market": "0x1d54eb5eac2cee8f595f3097c65da7d07f8ab5dee63d7c0c6883eb70e1e9af30", "price_changes": [{"asset_id": "24394670903706558879845790079760859552309100903651562795058188175118941818512", "price": "0.15", "size": "38825.15", "side": "SELL", "hash": "00fdd3597e42667b2f4d344ff275b870eb5ec36f", "best_bid": "0.14", "best_ask": "0.15"}, {"asset_id": "82991837887127223585838300135823820957946688171642633953055760547186260528157", "price": "0.85", "size": "38825.15", "side": "BUY", "hash": "5a5edae4efbae20efa1c35bb0880ad4fc445aa41", "best_bid": "0.85", "best_ask": "0.86"}], "timestamp": "1769384706106", "event_type": "price_change"}}
{"_local_timestamp": "2026-01-25T23:45:06.443987+00:00", "data": {"market": "0x1d54eb5eac2cee8f595f3097c65da7d07f8ab5dee63d7c0c6883eb70e1e9af30", "price_changes": [{"asset_id": "24394670903706558879845790079760859552309100903651562795058188175118941818512", "price": "0.14", "size": "13469.25", "side": "BUY", "hash": "a57959bc9efb82247323e4120ff18b403811713e", "best_bid": "0.14", "best_ask": "0.15"}, {"asset_id": "82991837887127223585838300135823820957946688171642633953055760547186260528157", "price": "0.86", "size": "13469.25", "side": "SELL", "hash": "f6c28dc35aa0dc4d446411b7332c320627607964", "best_bid": "0.85", "best_ask": "0.86"}], "timestamp": "1769384706378", "event_type": "price_change"}}
{"_local_timestamp": "2026-01-25T23:45:36.902408+00:00", "data": {"market": "0x1d54eb5eac2cee8f595f3097c65da7d07f8ab5dee63d7c0c6883eb70e1e9af30", "price_changes": [{"asset_id": "24394670903706558879845790079760859552309100903651562795058188175118941818512", "price": "0.14", "size": "13459.25", "side": "BUY", "hash": "32f3d46106359e31b0a1f3dc1b0acd46c6b2e75f", "best_bid": "0.14", "best_ask": "0.15"}, {"asset_id": "82991837887127223585838300135823820957946688171642633953055760547186260528157", "price": "0.86", "size": "13459.25", "side": "SELL", "hash": "84a08c666b6205442cddbc0ba80e4bba13d9b320", "best_bid": "0.85", "best_ask": "0.86"}], "timestamp": "1769384736837", "event_type": "price_change"}}
{"_local_timestamp": "2026-01-25T23:45:37.178263+00:00", "data": {"market": "0x1d54eb5eac2cee8f595f3097c65da7d07f8ab5dee63d7c0c6883eb70e1e9af30", "price_changes": [{"asset_id": "24394670903706558879845790079760859552309100903651562795058188175118941818512", "price": "0.14", "size": "13469.25", "side": "BUY", "hash": "5254930d50860f9a38d8816b55f575860a81f6fb", "best_bid": "0.14", "best_ask": "0.15"}, {"asset_id": "82991837887127223585838300135823820957946688171642633953055760547186260528157", "price": "0.86", "size": "13469.25", "side": "SELL", "hash": "4188e3c474ecdc093bf877db3236332cae3f57b2", "best_bid": "0.85", "best_ask": "0.86"}], "timestamp": "1769384737113", "event_type": "price_change"}}
{"_local_timestamp": "2026-01-25T23:45:41.281903+00:00", "data": {"market": "0x1d54eb5eac2cee8f595f3097c65da7d07f8ab5dee63d7c0c6883eb70e1e9af30", "price_changes": [{"asset_id": "82991837887127223585838300135823820957946688171642633953055760547186260528157", "price": "0.83", "size": "43984.17", "side": "BUY", "hash": "6dabe2ead36d9751bf98d2f35abc1bbdfb7ffbe0", "best_bid": "0.85", "best_ask": "0.86"}, {"asset_id": "24394670903706558879845790079760859552309100903651562795058188175118941818512", "price": "0.17", "size": "43984.17", "side": "SELL", "hash": "a2a2ae62d4a476e9271003a84a163743a9051690", "best_bid": "0.14", "best_ask": "0.15"}], "timestamp": "1769384741189", "event_type": "price_change"}}
{"_local_timestamp": "2026-01-25T23:45:41.303567+00:00", "data": {"market": "0x1d54eb5eac2cee8f595f3097c65da7d07f8ab5dee63d7c0c6883eb70e1e9af30", "price_changes": [{"asset_id": "24394670903706558879845790079760859552309100903651562795058188175118941818512", "price": "0.12", "size": "206398.21", "side": "BUY", "hash": "507df61ab8ebc2b387843cbcb07683f1e55ce4c0", "best_bid": "0.14", "best_ask": "0.15"}, {"asset_id": "82991837887127223585838300135823820957946688171642633953055760547186260528157", "price": "0.88", "size": "206398.21", "side": "SELL", "hash": "70365129ab92389867022cd750829cee6664f1e6", "best_bid": "0.85", "best_ask": "0.86"}], "timestamp": "1769384741192", "event_type": "price_change"}}
{"_local_timestamp": "2026-01-25T23:45:52.469970+00:00", "data": {"market": "0x1d54eb5eac2cee8f595f3097c65da7d07f8ab5dee63d7c0c6883eb70e1e9af30", "price_changes": [{"asset_id": "24394670903706558879845790079760859552309100903651562795058188175118941818512", "price": "0.12", "size": "206598.21", "side": "BUY", "hash": "0cfe7d305103cdf996965130c2a4eee2a6a0b179", "best_bid": "0.14", "best_ask": "0.15"}, {"asset_id": "82991837887127223585838300135823820957946688171642633953055760547186260528157", "price": "0.88", "size": "206598.21", "side": "SELL", "hash": "1d0fd64a1618e124d42f185c96d5caf2c337e955", "best_bid": "0.85", "best_ask": "0.86"}], "timestamp": "1769384752397", "event_type": "price_change"}}
{"_local_timestamp": "2026-01-25T23:45:58.475039+00:00", "data": {"market": "0x1d54eb5eac2cee8f595f3097c65da7d07f8ab5dee63d7c0c6883eb70e1e9af30", "price_changes": [{"asset_id": "24394670903706558879845790079760859552309100903651562795058188175118941818512", "price": "0.12", "size": "206607.21", "side": "BUY", "hash": "08330e29f824662cf4e217ca127e4335eb7ebc36", "best_bid": "0.14", "best_ask": "0.15"}, {"asset_id": "82991837887127223585838300135823820957946688171642633953055760547186260528157", "price": "0.88", "size": "206607.21", "side": "SELL", "hash": "a6bfd6ffb1d5459097cfb337363dc771282a85c5", "best_bid": "0.85", "best_ask": "0.86"}], "timestamp": "1769384758408", "event_type": "price_change"}}
{"_local_timestamp": "2026-01-25T23:45:58.475678+00:00", "data": {"market": "0x1d54eb5eac2cee8f595f3097c65da7d07f8ab5dee63d7c0c6883eb70e1e9af30", "price_changes": [{"asset_id": "24394670903706558879845790079760859552309100903651562795058188175118941818512", "price": "0.13", "size": "44782.19", "side": "BUY", "hash": "d023952efb441107547d2a4205bb562aa19099a7", "best_bid": "0.14", "best_ask": "0.15"}, {"asset_id": "82991837887127223585838300135823820957946688171642633953055760547186260528157", "price": "0.87", "size": "44782.19", "side": "SELL", "hash": "42439e30ffa4b0650211ae313f5cfbf036b0433b", "best_bid": "0.85", "best_ask": "0.86"}], "timestamp": "1769384758409", "event_type": "price_change"}}
{"_local_timestamp": "2026-01-25T23:45:58.476220+00:00", "data": {"market": "0x1d54eb5eac2cee8f595f3097c65da7d07f8ab5dee63d7c0c6883eb70e1e9af30", "price_changes": [{"asset_id": "24394670903706558879845790079760859552309100903651562795058188175118941818512", "price": "0.1", "size": "94037.56", "side": "BUY", "hash": "02e5662d5f34b36724b308e2762d42489485401f", "best_bid": "0.14", "best_ask": "0.15"}, {"asset_id": "82991837887127223585838300135823820957946688171642633953055760547186260528157", "price": "0.9", "size": "94037.56", "side": "SELL", "hash": "73a5d571090f76ac6acf941ea8b14ed79148c43b", "best_bid": "0.85", "best_ask": "0.86"}], "timestamp": "1769384758410", "event_type": "price_change"}}
{"_local_timestamp": "2026-01-25T23:45:58.492013+00:00", "data": {"market": "0x1d54eb5eac2cee8f595f3097c65da7d07f8ab5dee63d7c0c6883eb70e1e9af30", "price_changes": [{"asset_id": "24394670903706558879845790079760859552309100903651562795058188175118941818512", "price": "0.11", "size": "55861.86", "side": "BUY", "hash": "6741acaf8f2fdc963ab109c42c1e4d74191f7f4f", "best_bid": "0.14", "best_ask": "0.15"}, {"asset_id": "82991837887127223585838300135823820957946688171642633953055760547186260528157", "price": "0.89", "size": "55861.86", "side": "SELL", "hash": "7dc763c9ba9fba91a022c7e6e9057d0b769df3f3", "best_bid": "0.85", "best_ask": "0.86"}], "timestamp": "1769384758411", "event_type": "price_change"}}
