{"_local_timestamp": "2026-01-25T23:33:19.009063+00:00", "data": [{"market": "0x4d0d43382de6021ce0e906774caf6fc73fbe24078c9a75c6d7ae07b04299f8d0", "asset_id": "15034789978615861173828275849657317503022772763977464100542193185148987457338", "timestamp": "1769383998634", "hash": "9c564a2479bf7a0bd5a65f0d9785d9b4ed6e0e85", "bids": [{"price": "0.001", "size": "278849.89"}, {"price": "0.002", "size": "75791.05"}, {"price": "0.003", "size": "400"}, {"price": "0.004", "size": "32774.2"}, {"price": "0.006", "size": "200"}, {"price": "0.008", "size": "8192"}, {"price": "0.009", "size": "12.32"}, {"price": "0.016", "size": "4096"}, {"price": "0.032", "size": "3248"}, {"price": "0.033", "size": "7.68"}, {"price": "0.05", "size": "30"}, {"price": "0.051", "size": "39"}, {"price": "0.064", "size": "1724"}, {"price": "0.1", "size": "360"}, {"price": "0.101", "size": "100"}, {"price": "0.102", "size": "5.83"}, {"price": "0.128", "size": "256"}, {"price": "0.14", "size": "617.85"}, {"price": "0.15", "size": "5"}, {"price": "0.19", "size": "168.42"}, {"price": "0.2", "size": "355"}, {"price": "0.201", "size": "300"}, {"price": "0.202", "size": "99.99"}, {"price": "0.24", "size": "116.66"}, {"price": "0.25", "size": "5"}, {"price": "0.256", "size": "278"}, {"price": "0.257", "size": "114"}, {"price": "0.29", "size": "89.65"}, {"price": "0.34", "size": "70.58"}, {"price": "0.38", "size": "200"}, {"price": "0.39", "size": "126.28"}, {"price": "0.391", "size": "5"}, {"price": "0.501", "size": "100"}, {"price": "0.512", "size": "64"}, {"price": "0.6", "size": "48"}, {"price": "0.693", "size": "100"}, {"price": "0.7", "size": "32"}, {"price": "0.8", "size": "24"}, {"price": "0.85", "size": "184.77"}, {"price": "0.868", "size": "10"}, {"price": "0.88", "size": "100"}, {"price": "0.9", "size": "16"}, {"price": "0.91", "size": "10"}, {"price": "0.912", "size": "100"}, {"price": "0.913", "size": "100"}, {"price": "0.922", "size": "47.1"}, {"price": "0.937", "size": "240"}, {"price": "0.941", "size": "17.54"}, {"price": "0.942", "size": "84.91"}, {"price": "0.95", "size": "12"}, {"price": "0.951", "size": "36"}, {"price": "0.96", "size": "158.83"}], "asks": [{"price": "0.999", "size": "60"}, {"price": "0.998", "size": "245.51"}, {"price": "0.997", "size": "120.97"}, {"price": "0.985", "size": "333.33"}, {"price": "0.984", "size": "13.4"}, {"price": "0.981", "size": "10"}, {"price": "0.98", "size": "200"}, {"price": "0.978", "size": "227.27"}, {"price": "0.977", "size": "11286.96"}, {"price": "0.976", "size": "13.66"}, {"price": "0.966", "size": "147.05"}, {"price": "0.965", "size": "200.03"}, {"price": "0.964", "size": "60"}], "event_type": "book", "last_trade_price": "0.960"}, {"market": "0x4d0d43382de6021ce0e906774caf6fc73fbe24078c9a75c6d7ae07b04299f8d0", "asset_id": "25543244747871931789882457929775858252769380692407983079026060150445462771991", "timestamp": "1769383998634", "hash": "d7092e9320220db54c3a83bb07abe944d2905885", "bids": [{"price": "0.001", "size": "60"}, {"price": "0.002", "size": "245.51"}, {"price": "0.003", "size": "120.97"}, {"price": "0.015", "size": "333.33"}, {"price": "0.016", "size": "13.4"}, {"price": "0.019", "size": "10"}, {"price": "0.02", "size": "200"}, {"price": "0.022", "size": "227.27"}, {"price": "0.023", "size": "11286.96"}, {"price": "0.024", "size": "13.66"}, {"price": "0.034", "size": "147.05"}, {"price": "0.035", "size": "200.03"}, {"price": "0.036", "size": "60"}], "asks": [{"price": "0.999", "size": "278849.89"}, {"price": "0.998", "size": "75791.05"}, {"price": "0.997", "size": "400"}, {"price": "0.996", "size": "32774.2"}, {"price": "0.994", "size": "200"}, {"price": "0.992", "size": "8192"}, {"price": "0.991", "size": "12.32"}, {"price": "0.984", "size": "4096"}, {"price": "0.968", "size": "3248"}, {"price": "0.967", "size": "7.68"}, {"price": "0.95", "size": "30"}, {"price": "0.949", "size": "39"}, {"price": "0.936", "size": "1724"}, {"price": "0.9", "size": "360"}, {"price": "0.899", "size": "100"}, {"price": "0.898", "size": "5.83"}, {"price": "0.872", "size": "256"}, {"price": "0.86", "size": "617.85"}, {"price": "0.85", "size": "5"}, {"price": "0.81", "size": "168.42"}, {"price": "0.8", "size": "355"}, {"price": "0.799", "size": "300"}, {"price": "0.798", "size": "99.99"}, {"price": "0.76", "size": "116.66"}, {"price": "0.75", "size": "5"}, {"price": "0.744", "size": "278"}, {"price": "0.743", "size": "114"}, {"price": "0.71", "size": "89.65"}, {"price": "0.66", "size": "70.58"}, {"price": "0.62", "size": "200"}, {"price": "0.61", "size": "126.28"}, {"price": "0.609", "size": "5"}, {"price": "0.499", "size": "100"}, {"price": "0.488", "size": "64"}, {"price": "0.4", "size": "48"}, {"price": "0.307", "size": "100"}, {"price": "0.3", "size": "32"}, {"price": "0.2", "size": "24"}, {"price": "0.15", "size": "184.77"}, {"price": "0.132", "size": "10"}, {"price": "0.12", "size": "100"}, {"price": "0.1", "size": "16"}, {"price": "0.09", "size": "10"}, {"price": "0.088", "size": "100"}, {"price": "0.087", "size": "100"}, {"price": "0.078", "size": "47.1"}, {"price": "0.063", "size": "240"}, {"price": "0.059", "size": "17.54"}, {"price": "0.058", "size": "84.91"}, {"price": "0.05", "size": "12"}, {"price": "0.049", "size": "36"}, {"price": "0.04", "size": "158.83"}], "event_type": "book", "last_trade_price": "0.960"}]}
{"_local_timestamp": "2026-01-25T23:33:19.098439+00:00", "data": {"market": "0x4d0d43382de6021ce0e906774caf6fc73fbe24078c9a75c6d7ae07b04299f8d0", "price_changes": [{"asset_id": "15034789978615861173828275849657317503022772763977464100542193185148987457338", "price": "0.316", "size": "5", "side": "BUY", "hash": "a143ac4844e28a9b586e9b1ee6e7c4de741e0ad0", "best_bid": "0.96", "best_ask": "0.964"}, {"asset_id": "25543244747871931789882457929775858252769380692407983079026060150445462771991", "price": "0.684", "size": "5", "side": "SELL", "hash": "6000e9bca96bfafaf5623874db3e891084a69303", "best_bid": "0.036", "best_ask": "0.04"}], "timestamp": "1769383999032", "event_type": "price_change"}}
{"_local_timestamp": "2026-01-25T23:33:19.131430+00:00", "data": {"market": "0x4d0d43382de6021ce0e906774caf6fc73fbe24078c9a75c6d7ae07b04299f8d0", "price_changes": [{"asset_id": "25543244747871931789882457929775858252769380692407983079026060150445462771991", "price": "0.003", "size": "113.04", "side": "BUY", "hash": "cf8695030c22cb3a7ba18c93ac39e78cafe15de5", "best_bid": "0.036", "best_ask": "0.04"}, {"asset_id": "15034789978615861173828275849657317503022772763977464100542193185148987457338", "price": "0.997", "size": "113.04", "side": "SELL", "hash": "29bc5cb698a4b45fa2165833b83bae89e2ca361d", "best_bid": "0.96", "best_ask": "0.964"}], "timestamp": "1769383999064", "event_type": "price_change"}}
{"_local_timestamp": "2026-01-25T23:33:19.403321+00:00", "data": {"market": "0x4d0d43382de6021ce0e906774caf6fc73fbe24078c9a75c6d7ae07b04299f8d0", "price_changes": [{"asset_id": "25543244747871931789882457929775858252769380692407983079026060150445462771991", "price": "0.003", "size": "120.97", "side": "BUY", "hash": "5f17269a32dc95404c5fc0e97db491fbd1c1141d", "best_bid": "0.036", "best_ask": "0.04"}, {"asset_id": "15034789978615861173828275849657317503022772763977464100542193185148987457338", "price": "0.997", "size": "120.97", "side": "SELL", "hash": "98cd3e4783fe54e83774191d3052fc74ac696d6a", "best_bid": "0.96", "best_ask": "0.964"}], "timestamp": "1769383999338", "event_type": "price_change"}}
{"_local_timestamp": "2026-01-25T23:33:20.438627+00:00", "data": {"market": "0x4d0d43382de6021ce0e906774caf6fc73fbe24078c9a75c6d7ae07b04299f8d0", "price_changes": [{"asset_id": "15034789978615861173828275849657317503022772763977464100542193185148987457338", "price": "0.316", "size": "0", "side": "BUY", "hash": "a5c44dffc272023c40c900a33173a5b97f75063a", "best_bid": "0.96", "best_ask": "0.964"}, {"asset_id": "25543244747871931789882457929775858252769380692407983079026060150445462771991", "price": "0.684", "size": "0", "side": "SELL", "hash": "8f6010de482d363d65cea456730891c1f51e9197", "best_bid": "0.036", "best_ask": "0.04"}], "timestamp": "1769384000372", "event_type": "price_change"}}
{"_local_timestamp": "2026-01-25T23:33:20.446323+00:00", "data": {"market": "0x4d0d43382de6021ce0e906774caf6fc73fbe24078c9a75c6d7ae07b04299f8d0", "price_changes": [{"asset_id": "25543244747871931789882457929775858252769380692407983079026060150445462771991", "price": "0.003", "size": "113.04", "side": "BUY", "hash": "57382136affdbbe4aa5eed8f5a55b67b7a3c67d7", "best_bid": "0.036", "best_ask": "0.04"}, {"asset_id": "15034789978615861173828275849657317503022772763977464100542193185148987457338", "price": "0.997", "size": "113.04", "side": "SELL", "hash": "41be2aa6126d3cd756d438b02b6f435235f4d279", "best_bid": "0.96", "best_ask": "0.964"}], "timestamp": "1769384000372", "event_type": "price_change"}}
{"_local_timestamp": "2026-01-25T23:33:20.649219+00:00", "data": {"market": "0x4d0d43382de6021ce0e906774caf6fc73fbe24078c9a75c6d7ae07b04299f8d0", "price_changes": [{"asset_id": "25543244747871931789882457929775858252769380692407983079026060150445462771991", "price": "0.004", "size": "5.95", "side": "BUY", "hash": "a369a733712d62c43088dbe9bbaaef3e4405fbcc", "best_bid": "0.036", "best_ask": "0.04"}, {"asset_id": "15034789978615861173828275849657317503022772763977464100542193185148987457338", "price": "0.996", "size": "5.95", "side": "SELL", "hash": "99a1f6d63e0523011c57e751490bc41bd1377718", "best_bid": "0.96", "best_ask": "0.964"}], "timestamp": "1769384000584", "event_type": "price_change"}}
{"_local_timestamp": "2026-01-25T23:33:20.757411+00:00", "data": {"market": "0x4d0d43382de6021ce0e906774caf6fc73fbe24078c9a75c6d7ae07b04299f8d0", "price_changes": [{"asset_id": "15034789978615861173828275849657317503022772763977464100542193185148987457338", "price": "0.316", "size": "5", "side": "BUY", "hash": "402aca00dbc9b2c51ed3150a5d0eb2d9a301e5b4", "best_bid": "0.96", "best_ask": "0.964"}, {"asset_id": "25543244747871931789882457929775858252769380692407983079026060150445462771991", "price": "0.684", "size": "5", "side": "SELL", "hash": "06d4f9516bbaafd149ede83612767580b9bf6cfa", "best_bid": "0.036", "best_ask": "0.04"}], "timestamp": "1769384000686", "event_type": "price_change"}}
{"_local_timestamp": "2026-01-25T23:33:21.699760+00:00", "data": {"market": "0x4d0d43382de6021ce0e906774caf6fc73fbe24078c9a75c6d7ae07b04299f8d0", "price_changes": [{"asset_id": "25543244747871931789882457929775858252769380692407983079026060150445462771991", "price": "0.004", "size": "0", "side": "BUY", "hash": "a1b1820d0ac07ad0d578d67bf1e5fbdd447a6afd", "best_bid": "0.036", "best_ask": "0.04"}, {"asset_id": "15034789978615861173828275849657317503022772763977464100542193185148987457338", "price": "0.996", "size": "0", "side": "SELL", "hash": "81166a7f973af7fc8b0beacd19dc73609c901b18", "best_bid": "0.96", "best_ask": "0.964"}], "timestamp": "1769384001633", "event_type": "price_change"}}
{"_local_timestamp": "2026-01-25T23:33:22.029620+00:00", "data": {"market": "0x4d0d43382de6021ce0e906774caf6fc73fbe24078c9a75c6d7ae07b04299f8d0", "price_changes": [{"asset_id": "25543244747871931789882457929775858252769380692407983079026060150445462771991", "price": "0.003", "size": "120.97", "side": "BUY", "hash": "3831d85e828cb9e128d000f91549b0544a60aefb", "best_bid": "0.036", "best_ask": "0.04"}, {"asset_id": "15034789978615861173828275849657317503022772763977464100542193185148987457338", "price": "0.997", "size": "120.97", "side": "SELL", "hash": "b83b411b42da9467417197e927b59fa8d2bb2e75", "best_bid": "0.96", "best_ask": "0.964"}], "timestamp": "1769384001935", "event_type": "price_change"}}
{"_local_timestamp": "2026-01-25T23:33:22.558188+00:00", "data": {"market": "0x4d0d43382de6021ce0e906774caf6fc73fbe24078c9a75c6d7ae07b04299f8d0", "price_changes": [{"asset_id": "25543244747871931789882457929775858252769380692407983079026060150445462771991", "price": "0.003", "size": "113.04", "side": "BUY", "hash": "9d5b515b3b2282e1368f140492608367ae1e2104", "best_bid": "0.036", "best_ask": "0.04"}, {"asset_id": "15034789978615861173828275849657317503022772763977464100542193185148987457338", "price": "0.997", "size": "113.04", "side": "SELL", "hash": "fa1f0a53e753b00ac6c923c1ba64f28c42a9eb86", "best_bid": "0.96", "best_ask": "0.964"}], "timestamp": "1769384002490", "event_type": "price_change"}}
{"_local_timestamp": "2026-01-25T23:33:22.559348+00:00", "data": {"market": "0x4d0d43382de6021ce0e906774caf6fc73fbe24078c9a75c6d7ae07b04299f8d0", "price_changes": [{"asset_id": "15034789978615861173828275849657317503022772763977464100542193185148987457338", "price": "0.316", "size": "0", "side": "BUY", "hash": "82e0a9bde41bc9e90a142ecfd27541048b04897c", "best_bid": "0.96", "best_ask": "0.964"}, {"asset_id": "25543244747871931789882457929775858252769380692407983079026060150445462771991", "price": "0.684", "size": "0", "side": "SELL", "hash": "7ad5aeb278a1f77f54f06b0ddc26c83c0386e8a1", "best_bid": "0.036", "best_ask": "0.04"}], "timestamp": "1769384002490", "event_type": "price_change"}}
{"_local_timestamp": "2026-01-25T23:33:22.871712+00:00", "data": {"market": "0x4d0d43382de6021ce0e906774caf6fc73fbe24078c9a75c6d7ae07b04299f8d0", "price_changes": [{"asset_id": "25543244747871931789882457929775858252769380692407983079026060150445462771991", "price": "0.003", "size": "120.97", "side": "BUY", "hash": "2233303b8aee74e53bef852dd84b5254db6adcab", "best_bid": "0.036", "best_ask": "0.04"}, {"asset_id": "15034789978615861173828275849657317503022772763977464100542193185148987457338", "price": "0.997", "size": "120.97", "side": "SELL", "hash": "f139fc8fff93b43d1ea705666e47344b2fd389b8", "best_bid": "0.96", "best_ask": "0.964"}], "timestamp": "1769384002798", "event_type": "price_change"}}
{"_local_timestamp": "2026-01-25T23:33:22.881931+00:00", "data": {"market": "0x4d0d43382de6021ce0e906774caf6fc73fbe24078c9a75c6d7ae07b04299f8d0", "price_changes": [{"asset_id": "15034789978615861173828275849657317503022772763977464100542193185148987457338", "price": "0.316", "size": "5", "side": "BUY", "hash": "20f639ce201043aafa8388ff5cb64bf190ae0718", "best_bid": "0.96", "best_ask": "0.964"}, {"asset_id": "25543244747871931789882457929775858252769380692407983079026060150445462771991", "price": "0.684", "size": "5", "side": "SELL", "hash": "d59b7568431b5e80dc8751ba605a410ae08750e4", "best_bid": "0.036", "best_ask": "0.04"}], "timestamp": "1769384002802", "event_type": "price_change"}}
{"_local_timestamp": "2026-01-25T23:33:23.425782+00:00", "data": {"market": "0x4d0d43382de6021ce0e906774caf6fc73fbe24078c9a75c6d7ae07b04299f8d0", "price_changes": [{"asset_id": "25543244747871931789882457929775858252769380692407983079026060150445462771991", "price": "0.003", "size": "113.04", "side": "BUY", "hash": "9bef90b29ec8f178394a73b3210b4b587e6a9a0c", "best_bid": "0.036", "best_ask": "0.04"}, {"asset_id": "15034789978615861173828275849657317503022772763977464100542193185148987457338", "price": "0.997", "size": "113.04", "side": "SELL", "hash": "5b6f836b724b3eb651368e9b984a416f06ef070a", "best_bid": "0.96", "best_ask": "0.964"}], "timestamp": "1769384003353", "event_type": "price_change"}}
{"_local_timestamp": "2026-01-25T23:33:23.832443+00:00", "data": {"market": "0x4d0d43382de6021ce0e906774caf6fc73fbe24078c9a75c6d7ae07b04299f8d0", "price_changes": [{"asset_id": "25543244747871931789882457929775858252769380692407983079026060150445462771991", "price": "0.003", "size": "120.97", "side": "BUY", "hash": "68790d8d431f5d693c404bdb5f8eca7d76269949", "best_bid": "0.036", "best_ask": "0.04"}, {"asset_id": "15034789978615861173828275849657317503022772763977464100542193185148987457338", "price": "0.997", "size": "120.97", "side": "SELL", "hash": "3dcb4ea95ba27f7d73eadd5aea5c9a80f1a987d2", "best_bid": "0.96", "best_ask": "0.964"}], "timestamp": "1769384003765", "event_type": "price_change"}}
{"_local_timestamp": "2026-01-25T23:33:24.293622+00:00", "data": {"market": "0x4d0d43382de6021ce0e906774caf6fc73fbe24078c9a75c6d7ae07b04299f8d0", "price_changes": [{"asset_id": "15034789978615861173828275849657317503022772763977464100542193185148987457338", "price": "0.316", "size": "0", "side": "BUY", "hash": "fbf08e107d6b6f0d6168b4506707fcfc2000867a", "best_bid": "0.96", "best_ask": "0.964"}, {"asset_id": "25543244747871931789882457929775858252769380692407983079026060150445462771991", "price": "0.684", "size": "0", "side": "SELL", "hash": "9e8b4022f4cb6ce430b1cbe6cb4743f996532f43", "best_bid": "0.036", "best_ask": "0.04"}], "timestamp": "1769384004219", "event_type": "price_change"}}
{"_local_timestamp": "2026-01-25T23:33:24.640552+00:00", "data": {"market": "0x4d0d43382de6021ce0e906774caf6fc73fbe24078c9a75c6d7ae07b04299f8d0", "price_changes": [{"asset_id": "15034789978615861173828275849657317503022772763977464100542193185148987457338", "price": "0.316", "size": "5", "side": "BUY", "hash": "43072a81d3bc101f4aa9c69334753cc04ee036a0", "best_bid": "0.96", "best_ask": "0.964"}, {"asset_id": "25543244747871931789882457929775858252769380692407983079026060150445462771991", "price": "0.684", "size": "5", "side": "SELL", "hash": "8f153353cbd793a9f03774776ba38130d5edf5a3", "best_bid": "0.036", "best_ask": "0.04"}], "timestamp": "1769384004569", "event_type": "price_change"}}
{"_local_timestamp": "2026-01-25T23:33:24.715991+00:00", "data": {"market": "0x4d0d43382de6021ce0e906774caf6fc73fbe24078c9a75c6d7ae07b04299f8d0", "price_changes": [{"asset_id": "25543244747871931789882457929775858252769380692407983079026060150445462771991", "price": "0.003", "size": "113.04", "side": "BUY", "hash": "038e60877e8f5d70b15d59057878a5f07063de95", "best_bid": "0.036", "best_ask": "0.04"}, {"asset_id": "15034789978615861173828275849657317503022772763977464100542193185148987457338", "price": "0.997", "size": "113.04", "side": "SELL", "hash": "cb4d1b459e746427eba2f3dd33f2df62d2cbfaaf", "best_bid": "0.96", "best_ask": "0.964"}], "timestamp": "1769384004648", "event_type": "price_change"}}
{"_local_timestamp": "2026-01-25T23:33:25.031021+00:00", "data": {"market": "0x4d0d43382de6021ce0e906774caf6fc73fbe24078c9a75c6d7ae07b04299f8d0", "price_changes": [{"asset_id": "25543244747871931789882457929775858252769380692407983079026060150445462771991", "price": "0.003", "size": "120.97", "side": "BUY", "hash": "65d995c09e8f6d1460e465f2464829a405c93b82", "best_bid": "0.036", "best_ask": "0.04"}, {"asset_id": "15034789978615861173828275849657317503022772763977464100542193185148987457338", "price": "0.997", "size": "120.97", "side": "SELL", "hash": "d8bbc45f5108a0589d6911e1092be1ee6269e8c0", "best_bid": "0.96", "best_ask": "0.964"}], "timestamp": "1769384004963", "event_type": "price_change"}}
