{"_local_timestamp": "2026-01-25T23:33:19.009063+00:00", "data": [{"market": "0x4d0d43382de6021ce0e906774caf6fc73fbe24078c9a75c6d7ae07b04299f8d0", "asset_id": "15034789978615861173828275849657317503022772763977464100542193185148987457338", "timestamp": "1769383998634", "hash": "9c564a2479bf7a0bd5a65f0d9785d9b4ed6e0e85", "bids": [{"price": "0.001", "size": "278849.89"}, {"price": "0.002", "size": "75791.05"}, {"price": "0.003", "size": "400"}, {"price": "0.004", "size": "32774.2"}, {"price": "0.006", "size": "200"}, {"price": "0.008", "size": "8192"}, {"price": "0.009", "size": "12.32"}, {"price": "0.016", "size": "4096"}, {"price": "0.032", "size": "3248"}, {"price": "0.033", "size": "7.68"}, {"price": "0.05", "size": "30"}, {"price": "0.051", "size": "39"}, {"price": "0.064", "size": "1724"}, {"price": "0.1", "size": "360"}, {"price": "0.101", "size": "100"}, {"price": "0.102", "size": "5.83"}, {"price": "0.128", "size": "256"}, {"price": "0.14", "size": "617.85"}, {"price": "0.15", "size": "5"}, {"price": "0.19", "size": "168.42"}, {"price": "0.2", "size": "355"}, {"price": "0.201", "size": "300"}, {"price": "0.202", "size": "99.99"}, {"price": "0.24", "size": "116.66"}, {"price": "0.25", "size": "5"}, {"price": "0.256", "size": "278"}, {"price": "0.257", "size": "114"}, {"price": "0.29", "size": "89.65"}, {"price": "0.34", "size": "70.58"}, {"price": "0.38", "size": "200"}, {"price": "0.39", "size": "126.28"}, {"price": "0.391", "size": "5"}, {"price": "0.501", "size": "100"}, {"price": "0.512", "size": "64"}, {"price": "0.6", "size": "48"}, {"price": "0.693", "size": "100"}, {"price": "0.7", "size": "32"}, {"price": "0.8", "size": "24"}, {"price": "0.85", "size": "184.77"}, {"price": "0.868", "size": "10"}, {"price": "0.88", "size": "100"}, {"price": "0.9", "size": "16"}, {"price": "0.91", "size": "10"}, {"price": "0.912", "size": "100"}, {"price": "0.913", "size": "100"}, {"price": "0.922", "size": "47.1"}, {"price": "0.937", "size": "240"}, {"price": "0.941", "size": "17.54"}, {"price": "0.942", "size": "84.91"}, {"price": "0.95", "size": "12"}, {"price": "0.951", "size": "36"}, {"price": "0.96", "size": "158.83"}], "asks": [{"price": "0.999", "size": "60"}, {"price": "0.998", "size": "245.51"}, {"price": "0.997", "size": "120.97"}, {"price": "0.985", "size": "333.33"}, {"price": "0.984", "size": "13.4"}, {"price": "0.981", "size": "10"}, {"price": "0.98", "size": "200"}, {"price": "0.978", "size": "227.27"}, {"price": "0.977", "size": "11286.96"}, {"price": "0.976", "size": "13.66"}, {"price": "0.966", "size": "147.05"}, {"price": "0.965", "size": "200.03"}, {"price": "0.964", "size": "60"}], "event_type": "book", "last_trade_price": "0.960"}, {"market": "0x4d0d43382de6021ce0e906774caf6fc73fbe24078c9a75c6d7ae07b04299f8d0", "asset_id": "25543244747871931789882457929775858252769380692407983079026060150445462771991", "timestamp": "1769383998634", "hash": "d7092e9320220db54c3a83bb07abe944d2905885", "bids": [{"price": "0.001", "size": "60"}, {"price": "0.002", "size": "245.51"}, {"price": "0.003", "size": "120.97"}, {"price": "0.015", "size": "333.33"}, {"price": "0.016", "size": "13.4"}, {"price": "0.019", "size": "10"}, {"price": "0.02", "size": "200"}, {"price": "0.022", "size": "227.27"}, {"price": "0.023", "size": "11286.96"}, {"price": "0.024", "size": "13.66"}, {"price": "0.034", "size": "147.05"}, {"price": "0.035", "size": "200.03"}, {"price": "0.036", "size": "60"}], "asks": [{"price": "0.999", "size": "278849.89"}, {"price": "0.998", "size": "75791.05"}, {"price": "0.997", "size": "400"}, {"price": "0.996", "size": "32774.2"}, {"price": "0.994", "size": "200"}, {"price": "0.992", "size": "8192"}, {"price": "0.991", "size": "12.32"}, {"price": "0.984", "size": "4096"}, {"price": "0.968", "size": "3248"}, {"price": "0.967", "size": "7.68"}, {"price": "0.95", "size": "30"}, {"price": "0.949", "size": "39"}, {"price": "0.936", "size": "1724"}, {"price": "0.9", "size": "360"}, {"price": "0.899", "size": "100"}, {"price": "0.898", "size": "5.83"}, {"price": "0.872", "size": "256"}, {"price": "0.86", "size": "617.85"}, {"price": "0.85", "size": "5"}, {"price": "0.81", "size": "168.42"}, {"price": "0.8", "size": "355"}, {"price": "0.799", "size": "300"}, {"price": "0.798", "size": "99.99"}, {"price": "0.76", "size": "116.66"}, {"price": "0.75", "size": "5"}, {"price": "0.744", "size": "278"}, {"price": "0.743", "size": "114"}, {"price": "0.71", "size": "89.65"}, {"price": "0.66", "size": "70.58"}, {"price": "0.62", "size": "200"}, {"price": "0.61", "size": "126.28"}, {"price": "0.609", "size": "5"}, {"price": "0.499", "size": "100"}, {"price": "0.488", "size": "64"}, {"price": "0.4", "size": "48"}, {"price": "0.307", "size": "100"}, {"price": "0.3", "size": "32"}, {"price": "0.2", "size": "24"}, {"price": "0.15", "size": "184.77"}, {"price": "0.132", "size": "10"}, {"price": "0.12", "size": "100"}, {"price": "0.1", "size": "16"}, {"price": "0.09", "size": "10"}, {"price": "0.088", "size": "100"}, {"price": "0.087", "size": "100"}, {"price": "0.078", "size": "47.1"}, {"price": "0.063", "size": "240"}, {"price": "0.059", "size": "17.54"}, {"price": "0.058", "size": "84.91"}, {"price": "0.05", "size": "12"}, {"price": "0.049", "size": "36"}, {"price": "0.04", "size": "158.83"}], "event_type": "book", "last_trade_price": "0.960"}]}
{"_local_timestamp": "2026-01-25T23:33:19.098439+00:00", "data": {"market": "0x4d0d43382de6021ce0e906774caf6fc73fbe24078c9a75c6d7ae07b04299f8d0", "price_changes": [{"asset_id": "15034789978615861173828275849657317503022772763977464100542193185148987457338", "price": "0.316", "size": "5", "side": "BUY", "hash": "a143ac4844e28a9b586e9b1ee6e7c4de741e0ad0", "best_bid": "0.96", "best_ask": "0.964"}, {"asset_id": "25543244747871931789882457929775858252769380692407983079026060150445462771991", "price": "0.684", "size": "5", "side": "SELL", "hash": "6000e9bca96bfafaf5623874db3e891084a69303", "best_bid": "0.036", "best_ask": "0.04"}], "timestamp": "1769383999032", "event_type": "price_change"}}
{"_local_timestamp": "2026-01-25T23:33:19.131430+00:00", "data": {"market": "0x4d0d43382de6021ce0e906774caf6fc73fbe24078c9a75c6d7ae07b04299f8d0", "price_changes": [{"asset_id": "25543244747871931789882457929775858252769380692407983079026060150445462771991", "price": "0.003", "size": "113.04", "side": "BUY", "hash": "cf8695030c22cb3a7ba18c93ac39e78cafe15de5", "best_bid": "0.036", "best_ask": "0.04"}, {"asset_id": "15034789978615861173828275849657317503022772763977464100542193185148987457338", "price": "0.997", "size": "113.04", "side": "SELL", "hash": "29bc5cb698a4b45fa2165833b83bae89e2ca361d", "best_bid": "0.96", "best_ask": "0.964"}], "timestamp": "1769383999064", "event_type": "price_change"}}
{"_local_timestamp": "2026-01-25T23:33:19.403321+00:00", "data": {"market": "0x4d0d43382de6021ce0e906774caf6fc73fbe24078c9a75c6d7ae07b04299f8d0", "price_changes": [{"asset_id": "25543244747871931789882457929775858252769380692407983079026060150445462771991", "price": "0.003", "size": "120.97", "side": "BUY", "hash": "5f17269a32dc95404c5fc0e97db491fbd1c1141d", "best_bid": "0.036", "best_ask": "0.04"}, {"asset_id": "15034789978615861173828275849657317503022772763977464100542193185148987457338", "price": "0.997", "size": "120.97", "side": "SELL", "hash": "98cd3e4783fe54e83774191d3052fc74ac696d6a", "best_bid": "0.96", "best_ask": "0.964"}], "timestamp": "1769383999338", "event_type": "price_change"}}
{"_local_timestamp": "2026-01-25T23:33:20.438627+00:00", "data": {"market": "0x4d0d43382de6021ce0e906774caf6fc73fbe24078c9a75c6d7ae07b04299f8d0", "price_changes": [{"asset_id": "15034789978615861173828275849657317503022772763977464100542193185148987457338", "price": "0.316", "size": "0", "side": "BUY", "hash": "a5c44dffc272023c40c900a33173a5b97f75063a", "best_bid": "0.96", "best_ask": "0.964"}, {"asset_id": "25543244747871931789882457929775858252769380692407983079026060150445462771991", "price": "0.684", "size": "0", "side": "SELL", "hash": "8f6010de482d363d65cea456730891c1f51e9197", "best_bid": "0.036", "best_ask": "0.04"}], "timestamp": "1769384000372", "event_type": "price_change"}}
{"_local_timestamp": "2026-01-25T23:33:20.446323+00:00", "data": {"market": "0x4d0d43382de6021ce0e906774caf6fc73fbe24078c9a75c6d7ae07b04299f8d0", "price_changes": [{"asset_id": "25543244747871931789882457929775858252769380692407983079026060150445462771991", "price": "0.003", "size": "113.04", "side": "BUY", "hash": "57382136affdbbe4aa5eed8f5a55b67b7a3c67d7", "best_bid": "0.036", "best_ask": "0.04"}, {"asset_id": "15034789978615861173828275849657317503022772763977464100542193185148987457338", "price": "0.997", "size": "113.04", "side": "SELL", "hash": "41be2aa6126d3cd756d438b02b6f435235f4d279", "best_bid": "0.96", "best_ask": "0.964"}], "timestamp": "1769384000372", "event_type": "price_change"}}
{"_local_timestamp": "2026-01-25T23:33:20.649219+00:00", "data": {"market": "0x4d0d43382de6021ce0e906774caf6fc73fbe24078c9a75c6d7ae07b04299f8d0", "price_changes": [{"asset_id": "25543244747871931789882457929775858252769380692407983079026060150445462771991", "price": "0.004", "size": "5.95", "side": "BUY", "hash": "a369a733712d62c43088dbe9bbaaef3e4405fbcc", "best_bid": "0.036", "best_ask": "0.04"}, {"asset_id": "15034789978615861173828275849657317503022772763977464100542193185148987457338", "price": "0.996", "size": "5.95", "side": "SELL", "hash": "99a1f6d63e0523011c57e751490bc41bd1377718", "best_bid": "0.96", "best_ask": "0.964"}], "timestamp": "1769384000584", "event_type": "price_change"}}
{"_local_timestamp": "2026-01-25T23:33:20.757411+00:00", "data": {"market": "0x4d0d43382de6021ce0e906774caf6fc73fbe24078c9a75c6d7ae07b04299f8d0", "price_changes": [{"asset_id": "15034789978615861173828275849657317503022772763977464100542193185148987457338", "price": "0.316", "size": "5", "side": "BUY", "hash": "402aca00dbc9b2c51ed3150a5d0eb2d9a301e5b4", "best_bid": "0.96", "best_ask": "0.964"}, {"asset_id": "25543244747871931789882457929775858252769380692407983079026060150445462771991", "price": "0.684", "size": "5", "side": "SELL", "hash": "06d4f9516bbaafd149ede83612767580b9bf6cfa", "best_bid": "0.036", "best_ask": "0.04"}], "timestamp": "1769384000686", "event_type": "price_change"}}
{"_local_timestamp": "2026-01-25T23:33:21.699760+00:00", "data": {"market": "0x4d0d43382de6021ce0e906774caf6fc73fbe24078c9a75c6d7ae07b04299f8d0", "price_changes": [{"asset_id": "25543244747871931789882457929775858252769380692407983079026060150445462771991", "price": "0.004", "size": "0", "side": "BUY", "hash": "a1b1820d0ac07ad0d578d67bf1e5fbdd447a6afd", "best_bid": "0.036", "best_ask": "0.04"}, {"asset_id": "15034789978615861173828275849657317503022772763977464100542193185148987457338", "price": "0.996", "size": "0", "side": "SELL", "hash": "81166a7f973af7fc8b0beacd19dc73609c901b18", "best_bid": "0.96", "best_ask": "0.964"}], "timestamp": "1769384001633", "event_type": "price_change"}}
{"_local_timestamp": "2026-01-25T23:33:22.029620+00:00", "data": {"market": "0x4d0d43382de6021ce0e906774caf6fc73fbe24078c9a75c6d7ae07b04299f8d0", "price_changes": [{"asset_id": "25543244747871931789882457929775858252769380692407983079026060150445462771991", "price": "0.003", "size": "120.97", "side": "BUY", "hash": "3831d85e828cb9e128d000f91549b0544a60aefb", "best_bid": "0.036", "best_ask": "0.04"}, {"asset_id": "15034789978615861173828275849657317503022772763977464100542193185148987457338", "price": "0.997", "size": "120.97", "side": "SELL", "hash": "b83b411b42da9467417197e927b59fa8d2bb2e75", "best_bid": "0.96", "best_ask": "0.964"}], "timestamp": "1769384001935", "event_type": "price_change"}}
{"_local_timestamp": "2026-01-25T23:33:22.558188+00:00", "data": {"market": "0x4d0d43382de6021ce0e906774caf6fc73fbe24078c9a75c6d7ae07b04299f8d0", "price_changes": [{"asset_id": "25543244747871931789882457929775858252769380692407983079026060150445462771991", "price": "0.003", "size": "113.04", "side": "BUY", "hash": "9d5b515b3b2282e1368f140492608367ae1e2104", "best_bid": "0.036", "best_ask": "0.04"}, {"asset_id": "15034789978615861173828275849657317503022772763977464100542193185148987457338", "price": "0.997", "size": "113.04", "side": "SELL", "hash": "fa1f0a53e753b00ac6c923c1ba64f28c42a9eb86", "best_bid": "0.96", "best_ask": "0.964"}], "timestamp": "1769384002490", "event_type": "price_change"}}
{"_local_timestamp": "2026-01-25T23:33:22.559348+00:00", "data": {"market": "0x4d0d43382de6021ce0e906774caf6fc73fbe24078c9a75c6d7ae07b04299f8d0", "price_changes": [{"asset_id": "15034789978615861173828275849657317503022772763977464100542193185148987457338", "price": "0.316", "size": "0", "side": "BUY", "hash": "82e0a9bde41bc9e90a142ecfd27541048b04897c", "best_bid": "0.96", "best_ask": "0.964"}, {"asset_id": "25543244747871931789882457929775858252769380692407983079026060150445462771991", "price": "0.684", "size": "0", "side": "SELL", "hash": "7ad5aeb278a1f77f54f06b0ddc26c83c0386e8a1", "best_bid": "0.036", "best_ask": "0.04"}], "timestamp": "1769384002490", "event_type": "price_change"}}
{"_local_timestamp": "2026-01-25T23:33:22.871712+00:00", "data": {"market": "0x4d0d43382de6021ce0e906774caf6fc73fbe24078c9a75c6d7ae07b04299f8d0", "price_changes": [{"asset_id": "25543244747871931789882457929775858252769380692407983079026060150445462771991", "price": "0.003", "size": "120.97", "side": "BUY", "hash": "2233303b8aee74e53bef852dd84b5254db6adcab", "best_bid": "0.036", "best_ask": "0.04"}, {"asset_id": "15034789978615861173828275849657317503022772763977464100542193185148987457338", "price": "0.997", "size": "120.97", "side": "SELL", "hash": "f139fc8fff93b43d1ea705666e47344b2fd389b8", "best_bid": "0.96", "best_ask": "0.964"}], "timestamp": "1769384002798", "event_type": "price_change"}}
{"_local_timestamp": "2026-01-25T23:33:22.881931+00:00", "data": {"market": "0x4d0d43382de6021ce0e906774caf6fc73fbe24078c9a75c6d7ae07b04299f8d0", "price_changes": [{"asset_id": "15034789978615861173828275849657317503022772763977464100542193185148987457338", "price": "0.316", "size": "5", "side": "BUY", "hash": "20f639ce201043aafa8388ff5cb64bf190ae0718", "best_bid": "0.96", "best_ask": "0.964"}, {"asset_id": "25543244747871931789882457929775858252769380692407983079026060150445462771991", "price": "0.684", "size": "5", "side": "SELL", "hash": "d59b7568431b5e80dc8751ba605a410ae08750e4", "best_bid": "0.036", "best_ask": "0.04"}], "timestamp": "1769384002802", "event_type": "price_change"}}
{"_local_timestamp": "2026-01-25T23:33:23.425782+00:00", "data": {"market": "0x4d0d43382de6021ce0e906774caf6fc73fbe24078c9a75c6d7ae07b04299f8d0", "price_changes": [{"asset_id": "25543244747871931789882457929775858252769380692407983079026060150445462771991", "price": "0.003", "size": "113.04", "side": "BUY", "hash": "9bef90b29ec8f178394a73b3210b4b587e6a9a0c", "best_bid": "0.036", "best_ask": "0.04"}, {"asset_id": "15034789978615861173828275849657317503022772763977464100542193185148987457338", "price": "0.997", "size": "113.04", "side": "SELL", "hash": "5b6f836b724b3eb651368e9b984a416f06ef070a", "best_bid": "0.96", "best_ask": "0.964"}], "timestamp": "1769384003353", "event_type": "price_change"}}
{"_local_timestamp": "2026-01-25T23:33:23.832443+00:00", "data": {"market": "0x4d0d43382de6021ce0e906774caf6fc73fbe24078c9a75c6d7ae07b04299f8d0", "price_changes": [{"asset_id": "25543244747871931789882457929775858252769380692407983079026060150445462771991", "price": "0.003", "size": "120.97", "side": "BUY", "hash": "68790d8d431f5d693c404bdb5f8eca7d76269949", "best_bid": "0.036", "best_ask": "0.04"}, {"asset_id": "15034789978615861173828275849657317503022772763977464100542193185148987457338", "price": "0.997", "size": "120.97", "side": "SELL", "hash": "3dcb4ea95ba27f7d73eadd5aea5c9a80f1a987d2", "best_bid": "0.96", "best_ask": "0.964"}], "timestamp": "1769384003765", "event_type": "price_change"}}
{"_local_timestamp": "2026-01-25T23:33:24.293622+00:00", "data": {"market": "0x4d0d43382de6021ce0e906774caf6fc73fbe24078c9a75c6d7ae07b04299f8d0", "price_changes": [{"asset_id": "15034789978615861173828275849657317503022772763977464100542193185148987457338", "price": "0.316", "size": "0", "side": "BUY", "hash": "fbf08e107d6b6f0d6168b4506707fcfc2000867a", "best_bid": "0.96", "best_ask": "0.964"}, {"asset_id": "25543244747871931789882457929775858252769380692407983079026060150445462771991", "price": "0.684", "size": "0", "side": "SELL", "hash": "9e8b4022f4cb6ce430b1cbe6cb4743f996532f43", "best_bid": "0.036", "best_ask": "0.04"}], "timestamp": "1769384004219", "event_type": "price_change"}}
{"_local_timestamp": "2026-01-25T23:33:24.640552+00:00", "data": {"market": "0x4d0d43382de6021ce0e906774caf6fc73fbe24078c9a75c6d7ae07b04299f8d0", "price_changes": [{"asset_id": "15034789978615861173828275849657317503022772763977464100542193185148987457338", "price": "0.316", "size": "5", "side": "BUY", "hash": "43072a81d3bc101f4aa9c69334753cc04ee036a0", "best_bid": "0.96", "best_ask": "0.964"}, {"asset_id": "25543244747871931789882457929775858252769380692407983079026060150445462771991", "price": "0.684", "size": "5", "side": "SELL", "hash": "8f153353cbd793a9f03774776ba38130d5edf5a3", "best_bid": "0.036", "best_ask": "0.04"}], "timestamp": "1769384004569", "event_type": "price_change"}}
{"_local_timestamp": "2026-01-25T23:33:24.715991+00:00", "data": {"market": "0x4d0d43382de6021ce0e906774caf6fc73fbe24078c9a75c6d7ae07b04299f8d0", "price_changes": [{"asset_id": "25543244747871931789882457929775858252769380692407983079026060150445462771991", "price": "0.003", "size": "113.04", "side": "BUY", "hash": "038e60877e8f5d70b15d59057878a5f07063de95", "best_bid": "0.036", "best_ask": "0.04"}, {"asset_id": "15034789978615861173828275849657317503022772763977464100542193185148987457338", "price": "0.997", "size": "113.04", "side": "SELL", "hash": "cb4d1b459e746427eba2f3dd33f2df62d2cbfaaf", "best_bid": "0.96", "best_ask": "0.964"}], "timestamp": "1769384004648", "event_type": "price_change"}}
{"_local_timestamp": "2026-01-25T23:33:25.031021+00:00", "data": {"market": "0x4d0d43382de6021ce0e906774caf6fc73fbe24078c9a75c6d7ae07b04299f8d0", "price_changes": [{"asset_id": "25543244747871931789882457929775858252769380692407983079026060150445462771991", "price": "0.003", "size": "120.97", "side": "BUY", "hash": "65d995c09e8f6d1460e465f2464829a405c93b82", "best_bid": "0.036", "best_ask": "0.04"}, {"asset_id": "15034789978615861173828275849657317503022772763977464100542193185148987457338", "price": "0.997", "size": "120.97", "side": "SELL", "hash": "d8bbc45f5108a0589d6911e1092be1ee6269e8c0", "best_bid": "0.96", "best_ask": "0.964"}], "timestamp": "1769384004963", "event_type": "price_change"}}
{"_local_timestamp": "2026-01-25T23:33:25.605344+00:00", "data": {"market": "0x4d0d43382de6021ce0e906774caf6fc73fbe24078c9a75c6d7ae07b04299f8d0", "price_changes": [{"asset_id": "25543244747871931789882457929775858252769380692407983079026060150445462771991", "price": "0.003", "size": "113.04", "side": "BUY", "hash": "22baf63cb2f570eb6609d82b25be9b7b152646fb", "best_bid": "0.036", "best_ask": "0.04"}, {"asset_id": "15034789978615861173828275849657317503022772763977464100542193185148987457338", "price": "0.997", "size": "113.04", "side": "SELL", "hash": "a081d8b4a596a63c58b9420adac75f1ceab93532", "best_bid": "0.96", "best_ask": "0.964"}], "timestamp": "1769384005541", "event_type": "price_change"}}
{"_local_timestamp": "2026-01-25T23:33:26.018958+00:00", "data": {"market": "0x4d0d43382de6021ce0e906774caf6fc73fbe24078c9a75c6d7ae07b04299f8d0", "price_changes": [{"asset_id": "25543244747871931789882457929775858252769380692407983079026060150445462771991", "price": "0.004", "size": "5.95", "side": "BUY", "hash": "f14e0a724af0c0f170c8be5ef065bb439f1b3328", "best_bid": "0.036", "best_ask": "0.04"}, {"asset_id": "15034789978615861173828275849657317503022772763977464100542193185148987457338", "price": "0.996", "size": "5.95", "side": "SELL", "hash": "9129f2845b2b8d15d070904960ef772a26c74a44", "best_bid": "0.96", "best_ask": "0.964"}], "timestamp": "1769384005950", "event_type": "price_change"}}
{"_local_timestamp": "2026-01-25T23:33:26.052753+00:00", "data": {"market": "0x4d0d43382de6021ce0e906774caf6fc73fbe24078c9a75c6d7ae07b04299f8d0", "price_changes": [{"asset_id": "15034789978615861173828275849657317503022772763977464100542193185148987457338", "price": "0.316", "size": "0", "side": "BUY", "hash": "8398ba46069bc7d1f3f78f0b14817c8e87884525", "best_bid": "0.96", "best_ask": "0.964"}, {"asset_id": "25543244747871931789882457929775858252769380692407983079026060150445462771991", "price": "0.684", "size": "0", "side": "SELL", "hash": "4da2450fe5226ad3bb9c308cfc2aca0e70f663e1", "best_bid": "0.036", "best_ask": "0.04"}], "timestamp": "1769384005982", "event_type": "price_change"}}
{"_local_timestamp": "2026-01-25T23:33:26.404642+00:00", "data": {"market": "0x4d0d43382de6021ce0e906774caf6fc73fbe24078c9a75c6d7ae07b04299f8d0", "price_changes": [{"asset_id": "15034789978615861173828275849657317503022772763977464100542193185148987457338", "price": "0.316", "size": "5", "side": "BUY", "hash": "c0d6d4a280655ac85f001005a08a477da0fb62cc", "best_bid": "0.96", "best_ask": "0.964"}, {"asset_id": "25543244747871931789882457929775858252769380692407983079026060150445462771991", "price": "0.684", "size": "5", "side": "SELL", "hash": "a3ffdbbf0ef5f6a115ecdd6654a409403b75542c", "best_bid": "0.036", "best_ask": "0.04"}], "timestamp": "1769384006329", "event_type": "price_change"}}
{"_local_timestamp": "2026-01-25T23:33:26.930425+00:00", "data": {"market": "0x4d0d43382de6021ce0e906774caf6fc73fbe24078c9a75c6d7ae07b04299f8d0", "price_changes": [{"asset_id": "25543244747871931789882457929775858252769380692407983079026060150445462771991", "price": "0.004", "size": "0", "side": "BUY", "hash": "6dde2fd2e05af72de854252e6e855a96f191509e", "best_bid": "0.036", "best_ask": "0.04"}, {"asset_id": "15034789978615861173828275849657317503022772763977464100542193185148987457338", "price": "0.996", "size": "0", "side": "SELL", "hash": "e2c255917399d8a81e58cce0629ac98f63996e96", "best_bid": "0.96", "best_ask": "0.964"}], "timestamp": "1769384006864", "event_type": "price_change"}}
{"_local_timestamp": "2026-01-25T23:33:27.272123+00:00", "data": {"market": "0x4d0d43382de6021ce0e906774caf6fc73fbe24078c9a75c6d7ae07b04299f8d0", "price_changes": [{"asset_id": "25543244747871931789882457929775858252769380692407983079026060150445462771991", "price": "0.003", "size": "120.97", "side": "BUY", "hash": "5d6bef5812a35db5e05144e19d7808257f748390", "best_bid": "0.036", "best_ask": "0.04"}, {"asset_id": "15034789978615861173828275849657317503022772763977464100542193185148987457338", "price": "0.997", "size": "120.97", "side": "SELL", "hash": "47c8dcaaacefc66e97fc22c0e6bb87740fba8bed", "best_bid": "0.96", "best_ask": "0.964"}], "timestamp": "1769384007198", "event_type": "price_change"}}
{"_local_timestamp": "2026-01-25T23:33:27.873052+00:00", "data": {"market": "0x4d0d43382de6021ce0e906774caf6fc73fbe24078c9a75c6d7ae07b04299f8d0", "price_changes": [{"asset_id": "15034789978615861173828275849657317503022772763977464100542193185148987457338", "price": "0.316", "size": "0", "side": "BUY", "hash": "f5da6d7187dbfb4f269ea250420c49e62248d2a0", "best_bid": "0.96", "best_ask": "0.964"}, {"asset_id": "25543244747871931789882457929775858252769380692407983079026060150445462771991", "price": "0.684", "size": "0", "side": "SELL", "hash": "52d61a8c970fd0ff27cdc23df62191606be42416", "best_bid": "0.036", "best_ask": "0.04"}], "timestamp": "1769384007805", "event_type": "price_change"}}
{"_local_timestamp": "2026-01-25T23:33:28.311782+00:00", "data": {"market": "0x4d0d43382de6021ce0e906774caf6fc73fbe24078c9a75c6d7ae07b04299f8d0", "price_changes": [{"asset_id": "15034789978615861173828275849657317503022772763977464100542193185148987457338", "price": "0.316", "size": "5", "side": "BUY", "hash": "4f3f6a95e3ac0b8758a9c3058ed4bd2b8a543260", "best_bid": "0.96", "best_ask": "0.964"}, {"asset_id": "25543244747871931789882457929775858252769380692407983079026060150445462771991", "price": "0.684", "size": "5", "side": "SELL", "hash": "78bcfafd25c7c8f2a547651aab4f92277d494cac", "best_bid": "0.036", "best_ask": "0.04"}], "timestamp": "1769384008240", "event_type": "price_change"}}
{"_local_timestamp": "2026-01-25T23:33:28.364479+00:00", "data": {"market": "0x4d0d43382de6021ce0e906774caf6fc73fbe24078c9a75c6d7ae07b04299f8d0", "price_changes": [{"asset_id": "25543244747871931789882457929775858252769380692407983079026060150445462771991", "price": "0.003", "size": "113.04", "side": "BUY", "hash": "931f8b569604c66c9af7b06f4f2e1e5efcfce046", "best_bid": "0.036", "best_ask": "0.04"}, {"asset_id": "15034789978615861173828275849657317503022772763977464100542193185148987457338", "price": "0.997", "size": "113.04", "side": "SELL", "hash": "725ae8935cdbd89068c1e1576e23aef2997f537f", "best_bid": "0.96", "best_ask": "0.964"}], "timestamp": "1769384008292", "event_type": "price_change"}}
{"_local_timestamp": "2026-01-25T23:33:28.730967+00:00", "data": {"market": "0x4d0d43382de6021ce0e906774caf6fc73fbe24078c9a75c6d7ae07b04299f8d0", "price_changes": [{"asset_id": "25543244747871931789882457929775858252769380692407983079026060150445462771991", "price": "0.003", "size": "120.97", "side": "BUY", "hash": "391b400659a677665844957d79e033e5fd2e11b5", "best_bid": "0.036", "best_ask": "0.04"}, {"asset_id": "15034789978615861173828275849657317503022772763977464100542193185148987457338", "price": "0.997", "size": "120.97", "side": "SELL", "hash": "d6e4d3d73318f01523f60402e54ffff3a013b9a6", "best_bid": "0.96", "best_ask": "0.964"}], "timestamp": "1769384008662", "event_type": "price_change"}}
{"_local_timestamp": "2026-01-25T23:33:29.942080+00:00", "data": {"market": "0x4d0d43382de6021ce0e906774caf6fc73fbe24078c9a75c6d7ae07b04299f8d0", "price_changes": [{"asset_id": "15034789978615861173828275849657317503022772763977464100542193185148987457338", "price": "0.316", "size": "0", "side": "BUY", "hash": "ee619f60706b1a8b0b115fc3c8f3a214d3445ee4", "best_bid": "0.96", "best_ask": "0.964"}, {"asset_id": "25543244747871931789882457929775858252769380692407983079026060150445462771991", "price": "0.684", "size": "0", "side": "SELL", "hash": "9dc54b71734605390c89aecb7d81b27c9d597ed0", "best_bid": "0.036", "best_ask": "0.04"}], "timestamp": "1769384009871", "event_type": "price_change"}}
{"_local_timestamp": "2026-01-25T23:33:30.324171+00:00", "data": {"market": "0x4d0d43382de6021ce0e906774caf6fc73fbe24078c9a75c6d7ae07b04299f8d0", "price_changes": [{"asset_id": "15034789978615861173828275849657317503022772763977464100542193185148987457338", "price": "0.316", "size": "5", "side": "BUY", "hash": "8e881dfe01d19f23354c725118ccb692644d262e", "best_bid": "0.96", "best_ask": "0.964"}, {"asset_id": "25543244747871931789882457929775858252769380692407983079026060150445462771991", "price": "0.684", "size": "5", "side": "SELL", "hash": "108750d17c77167925a79ab9fd6612c7e8e79aba", "best_bid": "0.036", "best_ask": "0.04"}], "timestamp": "1769384010260", "event_type": "price_change"}}
{"_local_timestamp": "2026-01-25T23:33:30.369482+00:00", "data": {"market": "0x4d0d43382de6021ce0e906774caf6fc73fbe24078c9a75c6d7ae07b04299f8d0", "price_changes": [{"asset_id": "25543244747871931789882457929775858252769380692407983079026060150445462771991", "price": "0.003", "size": "113.04", "side": "BUY", "hash": "1ecaa3fe3e19f73b914b9102185d1c9cfdd7b5a4", "best_bid": "0.036", "best_ask": "0.04"}, {"asset_id": "15034789978615861173828275849657317503022772763977464100542193185148987457338", "price": "0.997", "size": "113.04", "side": "SELL", "hash": "9b27b6181d45fad46ce4bbb1702b77c30cdd4918", "best_bid": "0.96", "best_ask": "0.964"}], "timestamp": "1769384010299", "event_type": "price_change"}}
{"_local_timestamp": "2026-01-25T23:33:30.817244+00:00", "data": {"market": "0x4d0d43382de6021ce0e906774caf6fc73fbe24078c9a75c6d7ae07b04299f8d0", "price_changes": [{"asset_id": "25543244747871931789882457929775858252769380692407983079026060150445462771991", "price": "0.004", "size": "5.95", "side": "BUY", "hash": "436d2f7599e999ec42073c9c34cc0ae594b125e4", "best_bid": "0.036", "best_ask": "0.04"}, {"asset_id": "15034789978615861173828275849657317503022772763977464100542193185148987457338", "price": "0.996", "size": "5.95", "side": "SELL", "hash": "3a8a36183d6e5e3b20c11b764253eb3636f02a30", "best_bid": "0.96", "best_ask": "0.964"}], "timestamp": "1769384010743", "event_type": "price_change"}}
{"_local_timestamp": "2026-01-25T23:33:31.713799+00:00", "data": {"market": "0x4d0d43382de6021ce0e906774caf6fc73fbe24078c9a75c6d7ae07b04299f8d0", "price_changes": [{"asset_id": "15034789978615861173828275849657317503022772763977464100542193185148987457338", "price": "0.316", "size": "0", "side": "BUY", "hash": "089724285dbbc55939f778132d1349a908015ff7", "best_bid": "0.96", "best_ask": "0.964"}, {"asset_id": "25543244747871931789882457929775858252769380692407983079026060150445462771991", "price": "0.684", "size": "0", "side": "SELL", "hash": "cce418f143bd61d41a066e867fe4ed81bac80e81", "best_bid": "0.036", "best_ask": "0.04"}], "timestamp": "1769384011640", "event_type": "price_change"}}
{"_local_timestamp": "2026-01-25T23:33:32.127463+00:00", "data": {"market": "0x4d0d43382de6021ce0e906774caf6fc73fbe24078c9a75c6d7ae07b04299f8d0", "price_changes": [{"asset_id": "15034789978615861173828275849657317503022772763977464100542193185148987457338", "price": "0.316", "size": "5", "side": "BUY", "hash": "b4bfe847f7e18cc3abb92e1105f3d3cdded3216d", "best_bid": "0.96", "best_ask": "0.964"}, {"asset_id": "25543244747871931789882457929775858252769380692407983079026060150445462771991", "price": "0.684", "size": "5", "side": "SELL", "hash": "c2dc6063449dc250f87bdf302ef36947bb991186", "best_bid": "0.036", "best_ask": "0.04"}], "timestamp": "1769384012026", "event_type": "price_change"}}
{"_local_timestamp": "2026-01-25T23:33:32.151539+00:00", "data": {"market": "0x4d0d43382de6021ce0e906774caf6fc73fbe24078c9a75c6d7ae07b04299f8d0", "price_changes": [{"asset_id": "25543244747871931789882457929775858252769380692407983079026060150445462771991", "price": "0.004", "size": "0", "side": "BUY", "hash": "ab9f19b90931a2cdd4c04cfe2219cf14d8d9991c", "best_bid": "0.036", "best_ask": "0.04"}, {"asset_id": "15034789978615861173828275849657317503022772763977464100542193185148987457338", "price": "0.996", "size": "0", "side": "SELL", "hash": "331ecd5fd891cb4d0fc8f4a5fcad31807593cedb", "best_bid": "0.96", "best_ask": "0.964"}], "timestamp": "1769384012085", "event_type": "price_change"}}
{"_local_timestamp": "2026-01-25T23:33:32.554143+00:00", "data": {"market": "0x4d0d43382de6021ce0e906774caf6fc73fbe24078c9a75c6d7ae07b04299f8d0", "price_changes": [{"asset_id": "25543244747871931789882457929775858252769380692407983079026060150445462771991", "price": "0.003", "size": "120.97", "side": "BUY", "hash": "f8bd0cac3c6c6813f1933eaf5dcb4e593d411abb", "best_bid": "0.036", "best_ask": "0.04"}, {"asset_id": "15034789978615861173828275849657317503022772763977464100542193185148987457338", "price": "0.997", "size": "120.97", "side": "SELL", "hash": "f8766f583e15094ee4d7202785a216a9607ea5e7", "best_bid": "0.96", "best_ask": "0.964"}], "timestamp": "1769384012486", "event_type": "price_change"}}
{"_local_timestamp": "2026-01-25T23:33:33.074618+00:00", "data": {"market": "0x4d0d43382de6021ce0e906774caf6fc73fbe24078c9a75c6d7ae07b04299f8d0", "price_changes": [{"asset_id": "15034789978615861173828275849657317503022772763977464100542193185148987457338", "price": "0.316", "size": "0", "side": "BUY", "hash": "fba33a6c85e7884bce7c25837259f89bb1f22f0c", "best_bid": "0.96", "best_ask": "0.964"}, {"asset_id": "25543244747871931789882457929775858252769380692407983079026060150445462771991", "price": "0.684", "size": "0", "side": "SELL", "hash": "3ba7c8d8f510bfd84d3b6b8d24a0f9552383e6c8", "best_bid": "0.036", "best_ask": "0.04"}], "timestamp": "1769384012997", "event_type": "price_change"}}
{"_local_timestamp": "2026-01-25T23:33:33.462210+00:00", "data": {"market": "0x4d0d43382de6021ce0e906774caf6fc73fbe24078c9a75c6d7ae07b04299f8d0", "price_changes": [{"asset_id": "15034789978615861173828275849657317503022772763977464100542193185148987457338", "price": "0.316", "size": "5", "side": "BUY", "hash": "229e424253937fd74b3c15a242dadb6a50179201", "best_bid": "0.96", "best_ask": "0.964"}, {"asset_id": "25543244747871931789882457929775858252769380692407983079026060150445462771991", "price": "0.684", "size": "5", "side": "SELL", "hash": "bc4db6b9a4a68279de38fdff988cbc14c65fb631", "best_bid": "0.036", "best_ask": "0.04"}], "timestamp": "1769384013287", "event_type": "price_change"}}
{"_local_timestamp": "2026-01-25T23:33:33.581731+00:00", "data": {"market": "0x4d0d43382de6021ce0e906774caf6fc73fbe24078c9a75c6d7ae07b04299f8d0", "price_changes": [{"asset_id": "25543244747871931789882457929775858252769380692407983079026060150445462771991", "price": "0.003", "size": "113.04", "side": "BUY", "hash": "7912b56eeef046eb594921f646ed7e8a7aec6d4e", "best_bid": "0.036", "best_ask": "0.04"}, {"asset_id": "15034789978615861173828275849657317503022772763977464100542193185148987457338", "price": "0.997", "size": "113.04", "side": "SELL", "hash": "008a7fe5de2e82c48dfaab892f43df597b1caeed", "best_bid": "0.96", "best_ask": "0.964"}], "timestamp": "1769384013468", "event_type": "price_change"}}
{"_local_timestamp": "2026-01-25T23:33:34.022504+00:00", "data": {"market": "0x4d0d43382de6021ce0e906774caf6fc73fbe24078c9a75c6d7ae07b04299f8d0", "price_changes": [{"asset_id": "25543244747871931789882457929775858252769380692407983079026060150445462771991", "price": "0.003", "size": "120.97", "side": "BUY", "hash": "43c7d543cacfbe5f8ddb7b0cf76c87645922800a", "best_bid": "0.036", "best_ask": "0.04"}, {"asset_id": "15034789978615861173828275849657317503022772763977464100542193185148987457338", "price": "0.997", "size": "120.97", "side": "SELL", "hash": "f89160db75409e902bb7102b06147758e773594c", "best_bid": "0.96", "best_ask": "0.964"}], "timestamp": "1769384013951", "event_type": "price_change"}}
{"_local_timestamp": "2026-01-25T23:33:34.492152+00:00", "data": {"market": "0x4d0d43382de6021ce0e906774caf6fc73fbe24078c9a75c6d7ae07b04299f8d0", "price_changes": [{"asset_id": "25543244747871931789882457929775858252769380692407983079026060150445462771991", "price": "0.003", "size": "113.04", "side": "BUY", "hash": "c1ae884e6fa3649b29aa3e79ea4b9104f236efe8", "best_bid": "0.036", "best_ask": "0.04"}, {"asset_id": "15034789978615861173828275849657317503022772763977464100542193185148987457338", "price": "0.997", "size": "113.04", "side": "SELL", "hash": "2cb78e9d45d8b5aebfac261f9a998ec1b3988b86", "best_bid": "0.96", "best_ask": "0.964"}], "timestamp": "1769384014420", "event_type": "price_change"}}
{"_local_timestamp": "2026-01-25T23:33:34.950156+00:00", "data": {"market": "0x4d0d43382de6021ce0e906774caf6fc73fbe24078c9a75c6d7ae07b04299f8d0", "price_changes": [{"asset_id": "25543244747871931789882457929775858252769380692407983079026060150445462771991", "price": "0.003", "size": "120.97", "side": "BUY", "hash": "ef24b4ca42e2a998ffad455d0f82d4b43b7fa1ee", "best_bid": "0.036", "best_ask": "0.04"}, {"asset_id": "15034789978615861173828275849657317503022772763977464100542193185148987457338", "price": "0.997", "size": "120.97", "side": "SELL", "hash": "993a4b32e176001a614f8f4a6049b5bc357c01f6", "best_bid": "0.96", "best_ask": "0.964"}], "timestamp": "1769384014876", "event_type": "price_change"}}
{"_local_timestamp": "2026-01-25T23:33:35.407889+00:00", "data": {"market": "0x4d0d43382de6021ce0e906774caf6fc73fbe24078c9a75c6d7ae07b04299f8d0", "price_changes": [{"asset_id": "15034789978615861173828275849657317503022772763977464100542193185148987457338", "price": "0.316", "size": "0", "side": "BUY", "hash": "aef34ef325dc28d99cf145e3fc922074c1393e97", "best_bid": "0.96", "best_ask": "0.964"}, {"asset_id": "25543244747871931789882457929775858252769380692407983079026060150445462771991", "price": "0.684", "size": "0", "side": "SELL", "hash": "399367796741ae3ffa115279de8f9b06454a2584", "best_bid": "0.036", "best_ask": "0.04"}], "timestamp": "1769384015297", "event_type": "price_change"}}
{"_local_timestamp": "2026-01-25T23:33:35.771039+00:00", "data": {"market": "0x4d0d43382de6021ce0e906774caf6fc73fbe24078c9a75c6d7ae07b04299f8d0", "price_changes": [{"asset_id": "15034789978615861173828275849657317503022772763977464100542193185148987457338", "price": "0.316", "size": "5", "side": "BUY", "hash": "5b74ac52b83267ea7e434e334677551d939a1b74", "best_bid": "0.96", "best_ask": "0.964"}, {"asset_id": "25543244747871931789882457929775858252769380692407983079026060150445462771991", "price": "0.684", "size": "5", "side": "SELL", "hash": "ab3cda40803f729993c80b0c9f68cb777d364705", "best_bid": "0.036", "best_ask": "0.04"}], "timestamp": "1769384015698", "event_type": "price_change"}}
{"_local_timestamp": "2026-01-25T23:33:36.218892+00:00", "data": {"market": "0x4d0d43382de6021ce0e906774caf6fc73fbe24078c9a75c6d7ae07b04299f8d0", "price_changes": [{"asset_id": "25543244747871931789882457929775858252769380692407983079026060150445462771991", "price": "0.003", "size": "113.04", "side": "BUY", "hash": "bd59e183f76757481828845aa4ea484dc932a46b", "best_bid": "0.036", "best_ask": "0.04"}, {"asset_id": "15034789978615861173828275849657317503022772763977464100542193185148987457338", "price": "0.997", "size": "113.04", "side": "SELL", "hash": "7538523fc662cd51f62bb313f29ed04b229e93a1", "best_bid": "0.96", "best_ask": "0.964"}], "timestamp": "1769384016151", "event_type": "price_change"}}
{"_local_timestamp": "2026-01-25T23:33:36.551577+00:00", "data": {"market": "0x4d0d43382de6021ce0e906774caf6fc73fbe24078c9a75c6d7ae07b04299f8d0", "price_changes": [{"asset_id": "25543244747871931789882457929775858252769380692407983079026060150445462771991", "price": "0.003", "size": "120.97", "side": "BUY", "hash": "f4d4dc904426cb05858225c591b827ae6e9a774b", "best_bid": "0.036", "best_ask": "0.04"}, {"asset_id": "15034789978615861173828275849657317503022772763977464100542193185148987457338", "price": "0.997", "size": "120.97", "side": "SELL", "hash": "c78eda5198cfcd2581fc23a00a0ebc8eaff5a896", "best_bid": "0.96", "best_ask": "0.964"}], "timestamp": "1769384016475", "event_type": "price_change"}}
{"_local_timestamp": "2026-01-25T23:33:37.069184+00:00", "data": {"market": "0x4d0d43382de6021ce0e906774caf6fc73fbe24078c9a75c6d7ae07b04299f8d0", "price_changes": [{"asset_id": "25543244747871931789882457929775858252769380692407983079026060150445462771991", "price": "0.003", "size": "113.04", "side": "BUY", "hash": "e0cae036d54fa3a4d43ab0c4fa10f049f28cc5d8", "best_bid": "0.036", "best_ask": "0.04"}, {"asset_id": "15034789978615861173828275849657317503022772763977464100542193185148987457338", "price": "0.997", "size": "113.04", "side": "SELL", "hash": "6ad77f57e51b8fedee43d74fcf01b77ff3e9d92e", "best_bid": "0.96", "best_ask": "0.964"}], "timestamp": "1769384016988", "event_type": "price_change"}}
{"_local_timestamp": "2026-01-25T23:33:37.069956+00:00", "data": {"market": "0x4d0d43382de6021ce0e906774caf6fc73fbe24078c9a75c6d7ae07b04299f8d0", "price_changes": [{"asset_id": "15034789978615861173828275849657317503022772763977464100542193185148987457338", "price": "0.316", "size": "0", "side": "BUY", "hash": "3bbe6e3672f411d494de333cfb11f18112de3f56", "best_bid": "0.96", "best_ask": "0.964"}, {"asset_id": "25543244747871931789882457929775858252769380692407983079026060150445462771991", "price": "0.684", "size": "0", "side": "SELL", "hash": "6f7df4e59fa6bcec348396d86a9a19a1bf1939e3", "best_bid": "0.036", "best_ask": "0.04"}], "timestamp": "1769384016989", "event_type": "price_change"}}
{"_local_timestamp": "2026-01-25T23:33:37.495152+00:00", "data": {"market": "0x4d0d43382de6021ce0e906774caf6fc73fbe24078c9a75c6d7ae07b04299f8d0", "price_changes": [{"asset_id": "25543244747871931789882457929775858252769380692407983079026060150445462771991", "price": "0.003", "size": "120.97", "side": "BUY", "hash": "e1153143415204b3b87af36682ccc5d04b79d52e", "best_bid": "0.036", "best_ask": "0.04"}, {"asset_id": "15034789978615861173828275849657317503022772763977464100542193185148987457338", "price": "0.997", "size": "120.97", "side": "SELL", "hash": "c9a3f92a0d5131f5cc86e9e78858a68708d0d304", "best_bid": "0.96", "best_ask": "0.964"}], "timestamp": "1769384017390", "event_type": "price_change"}}
{"_local_timestamp": "2026-01-25T23:33:37.497437+00:00", "data": {"market": "0x4d0d43382de6021ce0e906774caf6fc73fbe24078c9a75c6d7ae07b04299f8d0", "price_changes": [{"asset_id": "15034789978615861173828275849657317503022772763977464100542193185148987457338", "price": "0.316", "size": "5", "side": "BUY", "hash": "fb23cc2f34054e36a7bb009364592f1a68632ddc", "best_bid": "0.96", "best_ask": "0.964"}, {"asset_id": "25543244747871931789882457929775858252769380692407983079026060150445462771991", "price": "0.684", "size": "5", "side": "SELL", "hash": "e27008618d850d570f855752d55d07e2a1846cd7", "best_bid": "0.036", "best_ask": "0.04"}], "timestamp": "1769384017393", "event_type": "price_change"}}
{"_local_timestamp": "2026-01-25T23:33:37.925645+00:00", "data": {"market": "0x4d0d43382de6021ce0e906774caf6fc73fbe24078c9a75c6d7ae07b04299f8d0", "price_changes": [{"asset_id": "15034789978615861173828275849657317503022772763977464100542193185148987457338", "price": "0.316", "size": "0", "side": "BUY", "hash": "16390772b276c60d8fe43ac3e1eb165a0a10a371", "best_bid": "0.96", "best_ask": "0.964"}, {"asset_id": "25543244747871931789882457929775858252769380692407983079026060150445462771991", "price": "0.684", "size": "0", "side": "SELL", "hash": "3b5453c40b6daafb1588124b17d5ed3946eec5c2", "best_bid": "0.036", "best_ask": "0.04"}], "timestamp": "1769384017845", "event_type": "price_change"}}
{"_local_timestamp": "2026-01-25T23:33:38.271177+00:00", "data": {"market": "0x4d0d43382de6021ce0e906774caf6fc73fbe24078c9a75c6d7ae07b04299f8d0", "price_changes": [{"asset_id": "15034789978615861173828275849657317503022772763977464100542193185148987457338", "price": "0.316", "size": "5", "side": "BUY", "hash": "70f2f7167a9f57a05c5f188e138c10d0f00034a8", "best_bid": "0.96", "best_ask": "0.964"}, {"asset_id": "25543244747871931789882457929775858252769380692407983079026060150445462771991", "price": "0.684", "size": "5", "side": "SELL", "hash": "18f28166ae0fff2c8668fb2031397c58797b6f40", "best_bid": "0.036", "best_ask": "0.04"}], "timestamp": "1769384018200", "event_type": "price_change"}}
{"_local_timestamp": "2026-01-25T23:33:38.337168+00:00", "data": {"market": "0x4d0d43382de6021ce0e906774caf6fc73fbe24078c9a75c6d7ae07b04299f8d0", "price_changes": [{"asset_id": "25543244747871931789882457929775858252769380692407983079026060150445462771991", "price": "0.003", "size": "113.04", "side": "BUY", "hash": "16e37f10d5a04a712828e9a22b39c72f73d457ca", "best_bid": "0.036", "best_ask": "0.04"}, {"asset_id": "15034789978615861173828275849657317503022772763977464100542193185148987457338", "price": "0.997", "size": "113.04", "side": "SELL", "hash": "8f014f4f881ef2986b29b2c052f20d97bfed094d", "best_bid": "0.96", "best_ask": "0.964"}], "timestamp": "1769384018271", "event_type": "price_change"}}
{"_local_timestamp": "2026-01-25T23:33:38.548073+00:00", "data": {"market": "0x4d0d43382de6021ce0e906774caf6fc73fbe24078c9a75c6d7ae07b04299f8d0", "price_changes": [{"asset_id": "25543244747871931789882457929775858252769380692407983079026060150445462771991", "price": "0.003", "size": "120.97", "side": "BUY", "hash": "4aa71f868115da36e6ed2a4a29cc32541bfb7dae", "best_bid": "0.036", "best_ask": "0.04"}, {"asset_id": "15034789978615861173828275849657317503022772763977464100542193185148987457338", "price": "0.997", "size": "120.97", "side": "SELL", "hash": "d745b94c5a771a1ce4cd61ffb8729bfdbb8f1b50", "best_bid": "0.96", "best_ask": "0.964"}], "timestamp": "1769384018483", "event_type": "price_change"}}
{"_local_timestamp": "2026-01-25T23:33:39.192151+00:00", "data": {"market": "0x4d0d43382de6021ce0e906774caf6fc73fbe24078c9a75c6d7ae07b04299f8d0", "price_changes": [{"asset_id": "25543244747871931789882457929775858252769380692407983079026060150445462771991", "price": "0.003", "size": "113.04", "side": "BUY", "hash": "4a63ac2f6db34d78885db077abbaed81ab6d050e", "best_bid": "0.036", "best_ask": "0.04"}, {"asset_id": "15034789978615861173828275849657317503022772763977464100542193185148987457338", "price": "0.997", "size": "113.04", "side": "SELL", "hash": "04510a69c9adddb6ff4d8723118cff1c80b05c71", "best_bid": "0.96", "best_ask": "0.964"}], "timestamp": "1769384019114", "event_type": "price_change"}}
{"_local_timestamp": "2026-01-25T23:33:39.464001+00:00", "data": {"market": "0x4d0d43382de6021ce0e906774caf6fc73fbe24078c9a75c6d7ae07b04299f8d0", "price_changes": [{"asset_id": "25543244747871931789882457929775858252769380692407983079026060150445462771991", "price": "0.003", "size": "120.97", "side": "BUY", "hash": "82366a1049ccba2a3fe2e41e2b31823dd3cee695", "best_bid": "0.036", "best_ask": "0.04"}, {"asset_id": "15034789978615861173828275849657317503022772763977464100542193185148987457338", "price": "0.997", "size": "120.97", "side": "SELL", "hash": "9f0fef11cf24059b093d845c42a7f7106d5a65a0", "best_bid": "0.96", "best_ask": "0.964"}], "timestamp": "1769384019392", "event_type": "price_change"}}
{"_local_timestamp": "2026-01-25T23:33:39.609019+00:00", "data": {"market": "0x4d0d43382de6021ce0e906774caf6fc73fbe24078c9a75c6d7ae07b04299f8d0", "price_changes": [{"asset_id": "15034789978615861173828275849657317503022772763977464100542193185148987457338", "price": "0.316", "size": "0", "side": "BUY", "hash": "d1c29235ed4fcc166e356568e7cdfcfd88debf17", "best_bid": "0.96", "best_ask": "0.964"}, {"asset_id": "25543244747871931789882457929775858252769380692407983079026060150445462771991", "price": "0.684", "size": "0", "side": "SELL", "hash": "3a658da9ae252519a95b33107ae7473ad82eed55", "best_bid": "0.036", "best_ask": "0.04"}], "timestamp": "1769384019544", "event_type": "price_change"}}
{"_local_timestamp": "2026-01-25T23:33:39.980555+00:00", "data": {"market": "0x4d0d43382de6021ce0e906774caf6fc73fbe24078c9a75c6d7ae07b04299f8d0", "price_changes": [{"asset_id": "15034789978615861173828275849657317503022772763977464100542193185148987457338", "price": "0.316", "size": "5", "side": "BUY", "hash": "70d7bae2a246fced964e5983d6aea82adae22bef", "best_bid": "0.96", "best_ask": "0.964"}, {"asset_id": "25543244747871931789882457929775858252769380692407983079026060150445462771991", "price": "0.684", "size": "5", "side": "SELL", "hash": "a17442b1eb8975c5fc66e1d3b1a8d9c6813ff76c", "best_bid": "0.036", "best_ask": "0.04"}], "timestamp": "1769384019908", "event_type": "price_change"}}
{"_local_timestamp": "2026-01-25T23:33:40.512929+00:00", "data": {"market": "0x4d0d43382de6021ce0e906774caf6fc73fbe24078c9a75c6d7ae07b04299f8d0", "price_changes": [{"asset_id": "25543244747871931789882457929775858252769380692407983079026060150445462771991", "price": "0.003", "size": "113.04", "side": "BUY", "hash": "c0f4ffb065b436af4dc8b913628abb3e1e07152a", "best_bid": "0.036", "best_ask": "0.04"}, {"asset_id": "15034789978615861173828275849657317503022772763977464100542193185148987457338", "price": "0.997", "size": "113.04", "side": "SELL", "hash": "c435597600080160130947e8457f918e71159590", "best_bid": "0.96", "best_ask": "0.964"}], "timestamp": "1769384020440", "event_type": "price_change"}}
{"_local_timestamp": "2026-01-25T23:33:40.917581+00:00", "data": {"market": "0x4d0d43382de6021ce0e906774caf6fc73fbe24078c9a75c6d7ae07b04299f8d0", "price_changes": [{"asset_id": "25543244747871931789882457929775858252769380692407983079026060150445462771991", "price": "0.004", "size": "5.95", "side": "BUY", "hash": "82b996d9ef889f64d55e903aac8e5fd75eb94502", "best_bid": "0.036", "best_ask": "0.04"}, {"asset_id": "15034789978615861173828275849657317503022772763977464100542193185148987457338", "price": "0.996", "size": "5.95", "side": "SELL", "hash": "77d5cf4155d0a4a416b7b8fc6b323be35e29ca23", "best_bid": "0.96", "best_ask": "0.964"}], "timestamp": "1769384020823", "event_type": "price_change"}}
{"_local_timestamp": "2026-01-25T23:33:41.372746+00:00", "data": {"market": "0x4d0d43382de6021ce0e906774caf6fc73fbe24078c9a75c6d7ae07b04299f8d0", "price_changes": [{"asset_id": "25543244747871931789882457929775858252769380692407983079026060150445462771991", "price": "0.004", "size": "0", "side": "BUY", "hash": "fc84e98a54ba2137b307c8fc98b08851acc17671", "best_bid": "0.036", "best_ask": "0.04"}, {"asset_id": "15034789978615861173828275849657317503022772763977464100542193185148987457338", "price": "0.996", "size": "0", "side": "SELL", "hash": "6263ad703d10bea483c1bbd61fbd08449570ec39", "best_bid": "0.96", "best_ask": "0.964"}], "timestamp": "1769384021291", "event_type": "price_change"}}
{"_local_timestamp": "2026-01-25T23:33:41.679205+00:00", "data": {"market": "0x4d0d43382de6021ce0e906774caf6fc73fbe24078c9a75c6d7ae07b04299f8d0", "price_changes": [{"asset_id": "25543244747871931789882457929775858252769380692407983079026060150445462771991", "price": "0.003", "size": "120.97", "side": "BUY", "hash": "a20101ba91a5451cdbe42de107922d482fcdd161", "best_bid": "0.036", "best_ask": "0.04"}, {"asset_id": "15034789978615861173828275849657317503022772763977464100542193185148987457338", "price": "0.997", "size": "120.97", "side": "SELL", "hash": "4fbf46025b42f05fc1b30c3c051ce88e99918625", "best_bid": "0.96", "best_ask": "0.964"}], "timestamp": "1769384021604", "event_type": "price_change"}}
{"_local_timestamp": "2026-01-25T23:33:41.810276+00:00", "data": {"market": "0x4d0d43382de6021ce0e906774caf6fc73fbe24078c9a75c6d7ae07b04299f8d0", "price_changes": [{"asset_id": "15034789978615861173828275849657317503022772763977464100542193185148987457338", "price": "0.316", "size": "0", "side": "BUY", "hash": "7c0b44081bce393a4cec6ca2b123140804c3254a", "best_bid": "0.96", "best_ask": "0.964"}, {"asset_id": "25543244747871931789882457929775858252769380692407983079026060150445462771991", "price": "0.684", "size": "0", "side": "SELL", "hash": "4dd73e37978bf323f94e8b76126b31a13c680e21", "best_bid": "0.036", "best_ask": "0.04"}], "timestamp": "1769384021733", "event_type": "price_change"}}
{"_local_timestamp": "2026-01-25T23:33:42.034486+00:00", "data": {"market": "0x4d0d43382de6021ce0e906774caf6fc73fbe24078c9a75c6d7ae07b04299f8d0", "price_changes": [{"asset_id": "15034789978615861173828275849657317503022772763977464100542193185148987457338", "price": "0.316", "size": "5", "side": "BUY", "hash": "22f81e42ad1d2da507e457a5b5d51413300254e9", "best_bid": "0.96", "best_ask": "0.964"}, {"asset_id": "25543244747871931789882457929775858252769380692407983079026060150445462771991", "price": "0.684", "size": "5", "side": "SELL", "hash": "70e9046901e50aea2edaed224bd5fc724c065c57", "best_bid": "0.036", "best_ask": "0.04"}], "timestamp": "1769384021915", "event_type": "price_change"}}
{"_local_timestamp": "2026-01-25T23:33:42.658158+00:00", "data": {"market": "0x4d0d43382de6021ce0e906774caf6fc73fbe24078c9a75c6d7ae07b04299f8d0", "price_changes": [{"asset_id": "25543244747871931789882457929775858252769380692407983079026060150445462771991", "price": "0.003", "size": "113.04", "side": "BUY", "hash": "4d8014214a5dfcb6cee02b98b9040d548dd7420c", "best_bid": "0.036", "best_ask": "0.04"}, {"asset_id": "15034789978615861173828275849657317503022772763977464100542193185148987457338", "price": "0.997", "size": "113.04", "side": "SELL", "hash": "38a030afd5fb811f758fec52e5b0d2352ab85694", "best_bid": "0.96", "best_ask": "0.964"}], "timestamp": "1769384022593", "event_type": "price_change"}}
{"_local_timestamp": "2026-01-25T23:33:42.938010+00:00", "data": {"market": "0x4d0d43382de6021ce0e906774caf6fc73fbe24078c9a75c6d7ae07b04299f8d0", "price_changes": [{"asset_id": "25543244747871931789882457929775858252769380692407983079026060150445462771991", "price": "0.003", "size": "120.97", "side": "BUY", "hash": "c7eb3715f3daa2a0fbdda4772c69a47140777a51", "best_bid": "0.036", "best_ask": "0.04"}, {"asset_id": "15034789978615861173828275849657317503022772763977464100542193185148987457338", "price": "0.997", "size": "120.97", "side": "SELL", "hash": "d0bdfb58a9545aa96d7881943e71f423da3e01e5", "best_bid": "0.96", "best_ask": "0.964"}], "timestamp": "1769384022872", "event_type": "price_change"}}
{"_local_timestamp": "2026-01-25T23:33:43.524881+00:00", "data": {"market": "0x4d0d43382de6021ce0e906774caf6fc73fbe24078c9a75c6d7ae07b04299f8d0", "price_changes": [{"asset_id": "15034789978615861173828275849657317503022772763977464100542193185148987457338", "price": "0.316", "size": "0", "side": "BUY", "hash": "255d9fdcba8d5699a13ee40d43c705f1dbcac7d0", "best_bid": "0.96", "best_ask": "0.964"}, {"asset_id": "25543244747871931789882457929775858252769380692407983079026060150445462771991", "price": "0.684", "size": "0", "side": "SELL", "hash": "4e20b3dae2a796372bab77b0ace4e3e39bfbf831", "best_bid": "0.036", "best_ask": "0.04"}], "timestamp": "1769384023457", "event_type": "price_change"}}
{"_local_timestamp": "2026-01-25T23:33:43.742205+00:00", "data": {"market": "0x4d0d43382de6021ce0e906774caf6fc73fbe24078c9a75c6d7ae07b04299f8d0", "price_changes": [{"asset_id": "15034789978615861173828275849657317503022772763977464100542193185148987457338", "price": "0.316", "size": "5", "side": "BUY", "hash": "25b039de2f59c045eaf3b11170ecd7b2b0cd45e0", "best_bid": "0.96", "best_ask": "0.964"}, {"asset_id": "25543244747871931789882457929775858252769380692407983079026060150445462771991", "price": "0.684", "size": "5", "side": "SELL", "hash": "7759532981ed965e5e281300208d6e481465cf17", "best_bid": "0.036", "best_ask": "0.04"}], "timestamp": "1769384023659", "event_type": "price_change"}}
{"_local_timestamp": "2026-01-25T23:33:44.388510+00:00", "data": {"market": "0x4d0d43382de6021ce0e906774caf6fc73fbe24078c9a75c6d7ae07b04299f8d0", "price_changes": [{"asset_id": "25543244747871931789882457929775858252769380692407983079026060150445462771991", "price": "0.003", "size": "113.04", "side": "BUY", "hash": "50c807f50c4fa0afa2cc5287dbc47e68d48c5f7b", "best_bid": "0.036", "best_ask": "0.04"}, {"asset_id": "15034789978615861173828275849657317503022772763977464100542193185148987457338", "price": "0.997", "size": "113.04", "side": "SELL", "hash": "7a8312979e04d441547b875baa4085f7cd15954b", "best_bid": "0.96", "best_ask": "0.964"}], "timestamp": "1769384024323", "event_type": "price_change"}}
{"_local_timestamp": "2026-01-25T23:33:44.652079+00:00", "data": {"market": "0x4d0d43382de6021ce0e906774caf6fc73fbe24078c9a75c6d7ae07b04299f8d0", "price_changes": [{"asset_id": "25543244747871931789882457929775858252769380692407983079026060150445462771991", "price": "0.003", "size": "120.97", "side": "BUY", "hash": "fb57ab980d50e3e869fcb1f7c33fd56675ff694a", "best_bid": "0.036", "best_ask": "0.04"}, {"asset_id": "15034789978615861173828275849657317503022772763977464100542193185148987457338", "price": "0.997", "size": "120.97", "side": "SELL", "hash": "ece03d0175f5d666d5ecdef7a3788e7ee904fe72", "best_bid": "0.96", "best_ask": "0.964"}], "timestamp": "1769384024586", "event_type": "price_change"}}
{"_local_timestamp": "2026-01-25T23:33:44.815461+00:00", "data": {"market": "0x4d0d43382de6021ce0e906774caf6fc73fbe24078c9a75c6d7ae07b04299f8d0", "price_changes": [{"asset_id": "15034789978615861173828275849657317503022772763977464100542193185148987457338", "price": "0.316", "size": "0", "side": "BUY", "hash": "4189efa8adb0ccc6deeaeb7733e2ab118400336f", "best_bid": "0.96", "best_ask": "0.964"}, {"asset_id": "25543244747871931789882457929775858252769380692407983079026060150445462771991", "price": "0.684", "size": "0", "side": "SELL", "hash": "19b5b20c6259120b7a2ae0b6608debb91b8c6cb3", "best_bid": "0.036", "best_ask": "0.04"}], "timestamp": "1769384024749", "event_type": "price_change"}}
{"_local_timestamp": "2026-01-25T23:33:45.103964+00:00", "data": {"market": "0x4d0d43382de6021ce0e906774caf6fc73fbe24078c9a75c6d7ae07b04299f8d0", "price_changes": [{"asset_id": "15034789978615861173828275849657317503022772763977464100542193185148987457338", "price": "0.316", "size": "5", "side": "BUY", "hash": "ff1be56d0529a517ec9f85f3a99a4bee631160ef", "best_bid": "0.96", "best_ask": "0.964"}, {"asset_id": "25543244747871931789882457929775858252769380692407983079026060150445462771991", "price": "0.684", "size": "5", "side": "SELL", "hash": "5b4a207303d9bf7128c989c25398424b9f8cc7b4", "best_bid": "0.036", "best_ask": "0.04"}], "timestamp": "1769384025037", "event_type": "price_change"}}
{"_local_timestamp": "2026-01-25T23:33:45.231277+00:00", "data": {"market": "0x4d0d43382de6021ce0e906774caf6fc73fbe24078c9a75c6d7ae07b04299f8d0", "price_changes": [{"asset_id": "25543244747871931789882457929775858252769380692407983079026060150445462771991", "price": "0.003", "size": "113.04", "side": "BUY", "hash": "b50d833a027154a0dcaa012e1a61e8988f659e02", "best_bid": "0.036", "best_ask": "0.04"}, {"asset_id": "15034789978615861173828275849657317503022772763977464100542193185148987457338", "price": "0.997", "size": "113.04", "side": "SELL", "hash": "6f153989f7234837d677a87f2809fd0690f3b1ab", "best_bid": "0.96", "best_ask": "0.964"}], "timestamp": "1769384025164", "event_type": "price_change"}}
{"_local_timestamp": "2026-01-25T23:33:45.490459+00:00", "data": {"market": "0x4d0d43382de6021ce0e906774caf6fc73fbe24078c9a75c6d7ae07b04299f8d0", "price_changes": [{"asset_id": "25543244747871931789882457929775858252769380692407983079026060150445462771991", "price": "0.003", "size": "120.97", "side": "BUY", "hash": "be126c6b1ef02290383e26984a3cc64268eba23b", "best_bid": "0.036", "best_ask": "0.04"}, {"asset_id": "15034789978615861173828275849657317503022772763977464100542193185148987457338", "price": "0.997", "size": "120.97", "side": "SELL", "hash": "b1fd6013b8e34d1c06e0434815987f3ab7e62f43", "best_bid": "0.96", "best_ask": "0.964"}], "timestamp": "1769384025422", "event_type": "price_change"}}
{"_local_timestamp": "2026-01-25T23:33:45.573507+00:00", "data": {"market": "0x4d0d43382de6021ce0e906774caf6fc73fbe24078c9a75c6d7ae07b04299f8d0", "price_changes": [{"asset_id": "25543244747871931789882457929775858252769380692407983079026060150445462771991", "price": "0.003", "size": "128.9", "side": "BUY", "hash": "4f5d5226003bab2481e1588bed1c3c685e7824a8", "best_bid": "0.036", "best_ask": "0.04"}, {"asset_id": "15034789978615861173828275849657317503022772763977464100542193185148987457338", "price": "0.997", "size": "128.9", "side": "SELL", "hash": "8cea9cf10ad5ddb5121309d4a5194cbd35ff60aa", "best_bid": "0.96", "best_ask": "0.964"}], "timestamp": "1769384025504", "event_type": "price_change"}}
{"_local_timestamp": "2026-01-25T23:33:46.488746+00:00", "data": {"market": "0x4d0d43382de6021ce0e906774caf6fc73fbe24078c9a75c6d7ae07b04299f8d0", "price_changes": [{"asset_id": "15034789978615861173828275849657317503022772763977464100542193185148987457338", "price": "0.316", "size": "0", "side": "BUY", "hash": "425e3fca5404974f6a310706a6952398bee38f35", "best_bid": "0.96", "best_ask": "0.964"}, {"asset_id": "25543244747871931789882457929775858252769380692407983079026060150445462771991", "price": "0.684", "size": "0", "side": "SELL", "hash": "48a194774dbe08e75d75a2b815518d2e754319ab", "best_bid": "0.036", "best_ask": "0.04"}], "timestamp": "1769384026422", "event_type": "price_change"}}
{"_local_timestamp": "2026-01-25T23:33:46.753426+00:00", "data": {"market": "0x4d0d43382de6021ce0e906774caf6fc73fbe24078c9a75c6d7ae07b04299f8d0", "price_changes": [{"asset_id": "15034789978615861173828275849657317503022772763977464100542193185148987457338", "price": "0.316", "size": "5", "side": "BUY", "hash": "da241303bd4c431ba59d2800c10b4bdd3a30abf9", "best_bid": "0.96", "best_ask": "0.964"}, {"asset_id": "25543244747871931789882457929775858252769380692407983079026060150445462771991", "price": "0.684", "size": "5", "side": "SELL", "hash": "6f12a6b31ddc806139bfd0f19c3458c7eb1802b0", "best_bid": "0.036", "best_ask": "0.04"}], "timestamp": "1769384026685", "event_type": "price_change"}}
{"_local_timestamp": "2026-01-25T23:33:46.926224+00:00", "data": {"market": "0x4d0d43382de6021ce0e906774caf6fc73fbe24078c9a75c6d7ae07b04299f8d0", "price_changes": [{"asset_id": "25543244747871931789882457929775858252769380692407983079026060150445462771991", "price": "0.003", "size": "120.97", "side": "BUY", "hash": "26b6f12985030f9f3f1a633a9aeda77a835ccdf9", "best_bid": "0.036", "best_ask": "0.04"}, {"asset_id": "15034789978615861173828275849657317503022772763977464100542193185148987457338", "price": "0.997", "size": "120.97", "side": "SELL", "hash": "2332c0a0da2bf1c2bec8b44050adc9a104041878", "best_bid": "0.96", "best_ask": "0.964"}], "timestamp": "1769384026857", "event_type": "price_change"}}
{"_local_timestamp": "2026-01-25T23:33:48.289491+00:00", "data": {"market": "0x4d0d43382de6021ce0e906774caf6fc73fbe24078c9a75c6d7ae07b04299f8d0", "price_changes": [{"asset_id": "25543244747871931789882457929775858252769380692407983079026060150445462771991", "price": "0.003", "size": "113.04", "side": "BUY", "hash": "d18127753034c49309d2f80634478e71eb23da7a", "best_bid": "0.036", "best_ask": "0.04"}, {"asset_id": "15034789978615861173828275849657317503022772763977464100542193185148987457338", "price": "0.997", "size": "113.04", "side": "SELL", "hash": "b6b658b1f49bbe4692901ea9c05fae074b667634", "best_bid": "0.96", "best_ask": "0.964"}], "timestamp": "1769384028222", "event_type": "price_change"}}
{"_local_timestamp": "2026-01-25T23:33:48.619514+00:00", "data": {"market": "0x4d0d43382de6021ce0e906774caf6fc73fbe24078c9a75c6d7ae07b04299f8d0", "price_changes": [{"asset_id": "25543244747871931789882457929775858252769380692407983079026060150445462771991", "price": "0.003", "size": "120.97", "side": "BUY", "hash": "d1a9d1d8f7bf632cb94031012a1b34d7c0f40ee4", "best_bid": "0.036", "best_ask": "0.04"}, {"asset_id": "15034789978615861173828275849657317503022772763977464100542193185148987457338", "price": "0.997", "size": "120.97", "side": "SELL", "hash": "abadc13560bf3701f1c9cab32decde7469409aa4", "best_bid": "0.96", "best_ask": "0.964"}], "timestamp": "1769384028552", "event_type": "price_change"}}
{"_local_timestamp": "2026-01-25T23:33:49.143204+00:00", "data": {"market": "0x4d0d43382de6021ce0e906774caf6fc73fbe24078c9a75c6d7ae07b04299f8d0", "price_changes": [{"asset_id": "15034789978615861173828275849657317503022772763977464100542193185148987457338", "price": "0.316", "size": "0", "side": "BUY", "hash": "1a9d40437fd67585fd7ebdd635e9dff663ed0a73", "best_bid": "0.96", "best_ask": "0.964"}, {"asset_id": "25543244747871931789882457929775858252769380692407983079026060150445462771991", "price": "0.684", "size": "0", "side": "SELL", "hash": "b79a1418f441d291f113af73117ede4e5dbe3eeb", "best_bid": "0.036", "best_ask": "0.04"}], "timestamp": "1769384029066", "event_type": "price_change"}}
{"_local_timestamp": "2026-01-25T23:33:49.430259+00:00", "data": {"market": "0x4d0d43382de6021ce0e906774caf6fc73fbe24078c9a75c6d7ae07b04299f8d0", "price_changes": [{"asset_id": "15034789978615861173828275849657317503022772763977464100542193185148987457338", "price": "0.316", "size": "5", "side": "BUY", "hash": "e3ea74a95995c792618e61742bc21e2cd34160f0", "best_bid": "0.96", "best_ask": "0.964"}, {"asset_id": "25543244747871931789882457929775858252769380692407983079026060150445462771991", "price": "0.684", "size": "5", "side": "SELL", "hash": "004537c96a6ae5547a3a291d5638f83401e488b6", "best_bid": "0.036", "best_ask": "0.04"}], "timestamp": "1769384029367", "event_type": "price_change"}}
{"_local_timestamp": "2026-01-25T23:33:49.566092+00:00", "data": {"market": "0x4d0d43382de6021ce0e906774caf6fc73fbe24078c9a75c6d7ae07b04299f8d0", "price_changes": [{"asset_id": "25543244747871931789882457929775858252769380692407983079026060150445462771991", "price": "0.003", "size": "113.04", "side": "BUY", "hash": "1f22d26407c262fef5d9b2d0f0b719ca7158362b", "best_bid": "0.036", "best_ask": "0.04"}, {"asset_id": "15034789978615861173828275849657317503022772763977464100542193185148987457338", "price": "0.997", "size": "113.04", "side": "SELL", "hash": "90dfd38ea4be19ebbecc1caaf423cf8951ccaa48", "best_bid": "0.96", "best_ask": "0.964"}], "timestamp": "1769384029496", "event_type": "price_change"}}
{"_local_timestamp": "2026-01-25T23:34:01.401384+00:00", "data": {"market": "0x4d0d43382de6021ce0e906774caf6fc73fbe24078c9a75c6d7ae07b04299f8d0", "price_changes": [{"asset_id": "25543244747871931789882457929775858252769380692407983079026060150445462771991", "price": "0.003", "size": "120.97", "side": "BUY", "hash": "f50eb80026661e6186fe88474ffb1e8c883ab045", "best_bid": "0.036", "best_ask": "0.04"}, {"asset_id": "15034789978615861173828275849657317503022772763977464100542193185148987457338", "price": "0.997", "size": "120.97", "side": "SELL", "hash": "fa215a765718c181ced35bb0e5313b04b1dd9b68", "best_bid": "0.96", "best_ask": "0.964"}], "timestamp": "1769384041321", "event_type": "price_change"}}
{"_local_timestamp": "2026-01-25T23:34:01.518977+00:00", "data": {"market": "0x4d0d43382de6021ce0e906774caf6fc73fbe24078c9a75c6d7ae07b04299f8d0", "price_changes": [{"asset_id": "15034789978615861173828275849657317503022772763977464100542193185148987457338", "price": "0.316", "size": "0", "side": "BUY", "hash": "e30d755e0d9563645581eb594e20f0e525ecfbc6", "best_bid": "0.96", "best_ask": "0.964"}, {"asset_id": "25543244747871931789882457929775858252769380692407983079026060150445462771991", "price": "0.684", "size": "0", "side": "SELL", "hash": "8100426091797d75b5e81bc7ae0b64a6ca6a453f", "best_bid": "0.036", "best_ask": "0.04"}], "timestamp": "1769384041452", "event_type": "price_change"}}
{"_local_timestamp": "2026-01-25T23:34:05.389426+00:00", "data": {"market": "0x4d0d43382de6021ce0e906774caf6fc73fbe24078c9a75c6d7ae07b04299f8d0", "price_changes": [{"asset_id": "15034789978615861173828275849657317503022772763977464100542193185148987457338", "price": "0.316", "size": "5", "side": "BUY", "hash": "90de6679c8174515fedc021bf7a3b5d1ef2808ce", "best_bid": "0.96", "best_ask": "0.964"}, {"asset_id": "25543244747871931789882457929775858252769380692407983079026060150445462771991", "price": "0.684", "size": "5", "side": "SELL", "hash": "679a3c0a121afb22f28df149c707b997d3136323", "best_bid": "0.036", "best_ask": "0.04"}], "timestamp": "1769384045107", "event_type": "price_change"}}
{"_local_timestamp": "2026-01-25T23:35:07.973912+00:00", "data": {"market": "0x4d0d43382de6021ce0e906774caf6fc73fbe24078c9a75c6d7ae07b04299f8d0", "price_changes": [{"asset_id": "25543244747871931789882457929775858252769380692407983079026060150445462771991", "price": "0.003", "size": "113.04", "side": "BUY", "hash": "2ae32034262952f2d961fb5ec4296c82546d3d71", "best_bid": "0.036", "best_ask": "0.04"}, {"asset_id": "15034789978615861173828275849657317503022772763977464100542193185148987457338", "price": "0.997", "size": "113.04", "side": "SELL", "hash": "590c325053034f7d86351dbf7ff820eb3d359351", "best_bid": "0.96", "best_ask": "0.964"}], "timestamp": "1769384107903", "event_type": "price_change"}}
{"_local_timestamp": "2026-01-25T23:35:08.862876+00:00", "data": {"market": "0x4d0d43382de6021ce0e906774caf6fc73fbe24078c9a75c6d7ae07b04299f8d0", "price_changes": [{"asset_id": "25543244747871931789882457929775858252769380692407983079026060150445462771991", "price": "0.003", "size": "120.97", "side": "BUY", "hash": "76df9b33c8ef6300625d39c550fba59ace600a2f", "best_bid": "0.036", "best_ask": "0.04"}, {"asset_id": "15034789978615861173828275849657317503022772763977464100542193185148987457338", "price": "0.997", "size": "120.97", "side": "SELL", "hash": "dec03bc6d5b8cb663077450b38925c765adaad37", "best_bid": "0.96", "best_ask": "0.964"}], "timestamp": "1769384108797", "event_type": "price_change"}}
{"_local_timestamp": "2026-01-25T23:35:09.290818+00:00", "data": {"market": "0x4d0d43382de6021ce0e906774caf6fc73fbe24078c9a75c6d7ae07b04299f8d0", "price_changes": [{"asset_id": "15034789978615861173828275849657317503022772763977464100542193185148987457338", "price": "0.316", "size": "0", "side": "BUY", "hash": "f6b9e69e2fcdefa8222571e42629d9759c052ea7", "best_bid": "0.96", "best_ask": "0.964"}, {"asset_id": "25543244747871931789882457929775858252769380692407983079026060150445462771991", "price": "0.684", "size": "0", "side": "SELL", "hash": "9da4314333d135754c639cb84fb8ae7ec75544d8", "best_bid": "0.036", "best_ask": "0.04"}], "timestamp": "1769384109224", "event_type": "price_change"}}
{"_local_timestamp": "2026-01-25T23:35:10.444477+00:00", "data": {"market": "0x4d0d43382de6021ce0e906774caf6fc73fbe24078c9a75c6d7ae07b04299f8d0", "price_changes": [{"asset_id": "15034789978615861173828275849657317503022772763977464100542193185148987457338", "price": "0.316", "size": "5", "side": "BUY", "hash": "91e7b3fedbd8aaa45e14eda1bb7a6cd19222927c", "best_bid": "0.96", "best_ask": "0.964"}, {"asset_id": "25543244747871931789882457929775858252769380692407983079026060150445462771991", "price": "0.684", "size": "5", "side": "SELL", "hash": "f42dcbab080b23b31be4c07e6186ed214563aaad", "best_bid": "0.036", "best_ask": "0.04"}], "timestamp": "1769384110378", "event_type": "price_change"}}
{"_local_timestamp": "2026-01-25T23:35:10.588216+00:00", "data": {"market": "0x4d0d43382de6021ce0e906774caf6fc73fbe24078c9a75c6d7ae07b04299f8d0", "price_changes": [{"asset_id": "25543244747871931789882457929775858252769380692407983079026060150445462771991", "price": "0.003", "size": "113.04", "side": "BUY", "hash": "edcf7a33dc54913c4085f2460a047aa47078fa80", "best_bid": "0.036", "best_ask": "0.04"}, {"asset_id": "15034789978615861173828275849657317503022772763977464100542193185148987457338", "price": "0.997", "size": "113.04", "side": "SELL", "hash": "9845aa05d00d09cb75da423991263c16af86f1db", "best_bid": "0.96", "best_ask": "0.964"}], "timestamp": "1769384110512", "event_type": "price_change"}}
{"_local_timestamp": "2026-01-25T23:35:10.995973+00:00", "data": {"market": "0x4d0d43382de6021ce0e906774caf6fc73fbe24078c9a75c6d7ae07b04299f8d0", "price_changes": [{"asset_id": "25543244747871931789882457929775858252769380692407983079026060150445462771991", "price": "0.003", "size": "120.97", "side": "BUY", "hash": "88047a69776ba31d849da1b2aaa8bea8e1e6f55c", "best_bid": "0.036", "best_ask": "0.04"}, {"asset_id": "15034789978615861173828275849657317503022772763977464100542193185148987457338", "price": "0.997", "size": "120.97", "side": "SELL", "hash": "1d4b764e0b25590f49e311b061dd7e1d57068449", "best_bid": "0.96", "best_ask": "0.964"}], "timestamp": "1769384110790", "event_type": "price_change"}}
{"_local_timestamp": "2026-01-25T23:35:12.207887+00:00", "data": {"market": "0x4d0d43382de6021ce0e906774caf6fc73fbe24078c9a75c6d7ae07b04299f8d0", "price_changes": [{"asset_id": "25543244747871931789882457929775858252769380692407983079026060150445462771991", "price": "0.003", "size": "113.04", "side": "BUY", "hash": "5ee385345e848caa72db74c77858f47028a25538", "best_bid": "0.036", "best_ask": "0.04"}, {"asset_id": "15034789978615861173828275849657317503022772763977464100542193185148987457338", "price": "0.997", "size": "113.04", "side": "SELL", "hash": "68411579667eb1b1d7ab410cbade285edd96f479", "best_bid": "0.96", "best_ask": "0.964"}], "timestamp": "1769384112134", "event_type": "price_change"}}
{"_local_timestamp": "2026-01-25T23:35:12.447938+00:00", "data": {"market": "0x4d0d43382de6021ce0e906774caf6fc73fbe24078c9a75c6d7ae07b04299f8d0", "price_changes": [{"asset_id": "25543244747871931789882457929775858252769380692407983079026060150445462771991", "price": "0.003", "size": "120.97", "side": "BUY", "hash": "da69ac7b4b78d10e02c819fdb5813137685a05a7", "best_bid": "0.036", "best_ask": "0.04"}, {"asset_id": "15034789978615861173828275849657317503022772763977464100542193185148987457338", "price": "0.997", "size": "120.97", "side": "SELL", "hash": "cc6e61cf7e4bc7514de185f8a48c61cbbf802158", "best_bid": "0.96", "best_ask": "0.964"}], "timestamp": "1769384112376", "event_type": "price_change"}}
{"_local_timestamp": "2026-01-25T23:35:12.826169+00:00", "data": {"market": "0x4d0d43382de6021ce0e906774caf6fc73fbe24078c9a75c6d7ae07b04299f8d0", "price_changes": [{"asset_id": "15034789978615861173828275849657317503022772763977464100542193185148987457338", "price": "0.316", "size": "0", "side": "BUY", "hash": "162918e554a080c67d10d708d3cc777adef12c07", "best_bid": "0.96", "best_ask": "0.964"}, {"asset_id": "25543244747871931789882457929775858252769380692407983079026060150445462771991", "price": "0.684", "size": "0", "side": "SELL", "hash": "ba7e8e32608f6d917994ca9385e753e2c7cd2080", "best_bid": "0.036", "best_ask": "0.04"}], "timestamp": "1769384112738", "event_type": "price_change"}}
{"_local_timestamp": "2026-01-25T23:35:13.298793+00:00", "data": {"market": "0x4d0d43382de6021ce0e906774caf6fc73fbe24078c9a75c6d7ae07b04299f8d0", "price_changes": [{"asset_id": "15034789978615861173828275849657317503022772763977464100542193185148987457338", "price": "0.316", "size": "5", "side": "BUY", "hash": "cb3d2088248765f855eb5f5fd24c653a49f35277", "best_bid": "0.96", "best_ask": "0.964"}, {"asset_id": "25543244747871931789882457929775858252769380692407983079026060150445462771991", "price": "0.684", "size": "5", "side": "SELL", "hash": "52f9b784d4bdd102895343eab5a80d002ddeb9d0", "best_bid": "0.036", "best_ask": "0.04"}], "timestamp": "1769384113210", "event_type": "price_change"}}
{"_local_timestamp": "2026-01-25T23:35:13.773673+00:00", "data": {"market": "0x4d0d43382de6021ce0e906774caf6fc73fbe24078c9a75c6d7ae07b04299f8d0", "price_changes": [{"asset_id": "25543244747871931789882457929775858252769380692407983079026060150445462771991", "price": "0.003", "size": "113.04", "side": "BUY", "hash": "5019e7e40b18564fe36a9fac601f55b6c584fdff", "best_bid": "0.036", "best_ask": "0.04"}, {"asset_id": "15034789978615861173828275849657317503022772763977464100542193185148987457338", "price": "0.997", "size": "113.04", "side": "SELL", "hash": "23cf375576ad7d862a004083f452fc7209b5e936", "best_bid": "0.96", "best_ask": "0.964"}], "timestamp": "1769384113707", "event_type": "price_change"}}
{"_local_timestamp": "2026-01-25T23:35:14.049978+00:00", "data": {"market": "0x4d0d43382de6021ce0e906774caf6fc73fbe24078c9a75c6d7ae07b04299f8d0", "price_changes": [{"asset_id": "25543244747871931789882457929775858252769380692407983079026060150445462771991", "price": "0.003", "size": "120.97", "side": "BUY", "hash": "88f8ec1368c21d5a556b67aeed7b6aef5225e85d", "best_bid": "0.036", "best_ask": "0.04"}, {"asset_id": "15034789978615861173828275849657317503022772763977464100542193185148987457338", "price": "0.997", "size": "120.97", "side": "SELL", "hash": "2aa3a2e477ebb2c386a7c7980a068d3e2207f9c9", "best_bid": "0.96", "best_ask": "0.964"}], "timestamp": "1769384113988", "event_type": "price_change"}}
{"_local_timestamp": "2026-01-25T23:35:15.071280+00:00", "data": {"market": "0x4d0d43382de6021ce0e906774caf6fc73fbe24078c9a75c6d7ae07b04299f8d0", "price_changes": [{"asset_id": "15034789978615861173828275849657317503022772763977464100542193185148987457338", "price": "0.316", "size": "0", "side": "BUY", "hash": "a5fa2bd43ba0d1292c68ce563cf7617082aafd33", "best_bid": "0.96", "best_ask": "0.964"}, {"asset_id": "25543244747871931789882457929775858252769380692407983079026060150445462771991", "price": "0.684", "size": "0", "side": "SELL", "hash": "52a644dde60b262461a06d5abe15ba20a171c85a", "best_bid": "0.036", "best_ask": "0.04"}], "timestamp": "1769384114996", "event_type": "price_change"}}
{"_local_timestamp": "2026-01-25T23:35:15.532814+00:00", "data": {"market": "0x4d0d43382de6021ce0e906774caf6fc73fbe24078c9a75c6d7ae07b04299f8d0", "price_changes": [{"asset_id": "15034789978615861173828275849657317503022772763977464100542193185148987457338", "price": "0.316", "size": "5", "side": "BUY", "hash": "f4e2738d39cc11b8ebcd48eedaa84f03710d251e", "best_bid": "0.96", "best_ask": "0.964"}, {"asset_id": "25543244747871931789882457929775858252769380692407983079026060150445462771991", "price": "0.684", "size": "5", "side": "SELL", "hash": "aa5c8cffb43198ca5bdf45863e6d77d684e7cb8b", "best_bid": "0.036", "best_ask": "0.04"}], "timestamp": "1769384115461", "event_type": "price_change"}}
{"_local_timestamp": "2026-01-25T23:35:15.643219+00:00", "data": {"market": "0x4d0d43382de6021ce0e906774caf6fc73fbe24078c9a75c6d7ae07b04299f8d0", "price_changes": [{"asset_id": "25543244747871931789882457929775858252769380692407983079026060150445462771991", "price": "0.003", "size": "113.04", "side": "BUY", "hash": "f1af062c3097d1316ec1baf09049b150b9b666e8", "best_bid": "0.036", "best_ask": "0.04"}, {"asset_id": "15034789978615861173828275849657317503022772763977464100542193185148987457338", "price": "0.997", "size": "113.04", "side": "SELL", "hash": "8a4551328ae92747d55d76e5941fd82f2fe0f4f7", "best_bid": "0.96", "best_ask": "0.964"}], "timestamp": "1769384115578", "event_type": "price_change"}}
{"_local_timestamp": "2026-01-25T23:35:15.847159+00:00", "data": {"market": "0x4d0d43382de6021ce0e906774caf6fc73fbe24078c9a75c6d7ae07b04299f8d0", "price_changes": [{"asset_id": "25543244747871931789882457929775858252769380692407983079026060150445462771991", "price": "0.003", "size": "120.97", "side": "BUY", "hash": "d93c94890d67398221eb1729fc4c0c6053492d84", "best_bid": "0.036", "best_ask": "0.04"}, {"asset_id": "15034789978615861173828275849657317503022772763977464100542193185148987457338", "price": "0.997", "size": "120.97", "side": "SELL", "hash": "d115e72e666dd98fc6b239168837dbef823c504e", "best_bid": "0.96", "best_ask": "0.964"}], "timestamp": "1769384115775", "event_type": "price_change"}}
{"_local_timestamp": "2026-01-25T23:35:16.916009+00:00", "data": {"market": "0x4d0d43382de6021ce0e906774caf6fc73fbe24078c9a75c6d7ae07b04299f8d0", "price_changes": [{"asset_id": "25543244747871931789882457929775858252769380692407983079026060150445462771991", "price": "0.003", "size": "113.04", "side": "BUY", "hash": "37f8fcf5945a360c05db96dfbcb5b7ef390c75f7", "best_bid": "0.036", "best_ask": "0.04"}, {"asset_id": "15034789978615861173828275849657317503022772763977464100542193185148987457338", "price": "0.997", "size": "113.04", "side": "SELL", "hash": "ccead26f86742057afc6c2fdcf704579d17bbcee", "best_bid": "0.96", "best_ask": "0.964"}], "timestamp": "1769384116848", "event_type": "price_change"}}
{"_local_timestamp": "2026-01-25T23:35:17.198432+00:00", "data": {"market": "0x4d0d43382de6021ce0e906774caf6fc73fbe24078c9a75c6d7ae07b04299f8d0", "price_changes": [{"asset_id": "25543244747871931789882457929775858252769380692407983079026060150445462771991", "price": "0.003", "size": "120.97", "side": "BUY", "hash": "2abfb817a7e85483c6d896627da75c28214ab0a5", "best_bid": "0.036", "best_ask": "0.04"}, {"asset_id": "15034789978615861173828275849657317503022772763977464100542193185148987457338", "price": "0.997", "size": "120.97", "side": "SELL", "hash": "4646db7335df4413b8571b3c94111598912998d1", "best_bid": "0.96", "best_ask": "0.964"}], "timestamp": "1769384117129", "event_type": "price_change"}}
{"_local_timestamp": "2026-01-25T23:35:17.334256+00:00", "data": {"market": "0x4d0d43382de6021ce0e906774caf6fc73fbe24078c9a75c6d7ae07b04299f8d0", "price_changes": [{"asset_id": "15034789978615861173828275849657317503022772763977464100542193185148987457338", "price": "0.316", "size": "0", "side": "BUY", "hash": "2a55c25ef9de91727dff7644ecb38d094b709f88", "best_bid": "0.96", "best_ask": "0.964"}, {"asset_id": "25543244747871931789882457929775858252769380692407983079026060150445462771991", "price": "0.684", "size": "0", "side": "SELL", "hash": "0d936ee8a2d24fcf1f4fcbc7554b9e0f3d93ac87", "best_bid": "0.036", "best_ask": "0.04"}], "timestamp": "1769384117265", "event_type": "price_change"}}
{"_local_timestamp": "2026-01-25T23:35:17.483415+00:00", "data": {"market": "0x4d0d43382de6021ce0e906774caf6fc73fbe24078c9a75c6d7ae07b04299f8d0", "price_changes": [{"asset_id": "15034789978615861173828275849657317503022772763977464100542193185148987457338", "price": "0.316", "size": "5", "side": "BUY", "hash": "9e61ead2238ce72163467973ad83f24798ca6419", "best_bid": "0.96", "best_ask": "0.964"}, {"asset_id": "25543244747871931789882457929775858252769380692407983079026060150445462771991", "price": "0.684", "size": "5", "side": "SELL", "hash": "32bbca5411f6b32222a7abf13c64266e84a9be95", "best_bid": "0.036", "best_ask": "0.04"}], "timestamp": "1769384117417", "event_type": "price_change"}}
{"_local_timestamp": "2026-01-25T23:35:17.753115+00:00", "data": {"market": "0x4d0d43382de6021ce0e906774caf6fc73fbe24078c9a75c6d7ae07b04299f8d0", "price_changes": [{"asset_id": "25543244747871931789882457929775858252769380692407983079026060150445462771991", "price": "0.003", "size": "113.04", "side": "BUY", "hash": "62364265a52d153031214024cee3bbadcd6a0b4c", "best_bid": "0.036", "best_ask": "0.04"}, {"asset_id": "15034789978615861173828275849657317503022772763977464100542193185148987457338", "price": "0.997", "size": "113.04", "side": "SELL", "hash": "572f84d173a0bb9a204361d46dde2bca13108ac6", "best_bid": "0.96", "best_ask": "0.964"}], "timestamp": "1769384117689", "event_type": "price_change"}}
{"_local_timestamp": "2026-01-25T23:35:18.150719+00:00", "data": {"market": "0x4d0d43382de6021ce0e906774caf6fc73fbe24078c9a75c6d7ae07b04299f8d0", "price_changes": [{"asset_id": "25543244747871931789882457929775858252769380692407983079026060150445462771991", "price": "0.003", "size": "120.97", "side": "BUY", "hash": "653d91b29c6c1e3b14e754863a3ae29451a218ba", "best_bid": "0.036", "best_ask": "0.04"}, {"asset_id": "15034789978615861173828275849657317503022772763977464100542193185148987457338", "price": "0.997", "size": "120.97", "side": "SELL", "hash": "22af431f274642b3278d722aff1ee5c98b88939c", "best_bid": "0.96", "best_ask": "0.964"}], "timestamp": "1769384118083", "event_type": "price_change"}}
{"_local_timestamp": "2026-01-25T23:35:19.451053+00:00", "data": {"market": "0x4d0d43382de6021ce0e906774caf6fc73fbe24078c9a75c6d7ae07b04299f8d0", "price_changes": [{"asset_id": "25543244747871931789882457929775858252769380692407983079026060150445462771991", "price": "0.003", "size": "113.04", "side": "BUY", "hash": "fb5c02405be425d8e1fd15e03dbda084a834da2b", "best_bid": "0.036", "best_ask": "0.04"}, {"asset_id": "15034789978615861173828275849657317503022772763977464100542193185148987457338", "price": "0.997", "size": "113.04", "side": "SELL", "hash": "80f415bee3276684b4565f3fc7f508d13130172c", "best_bid": "0.96", "best_ask": "0.964"}], "timestamp": "1769384119385", "event_type": "price_change"}}
{"_local_timestamp": "2026-01-25T23:35:19.791626+00:00", "data": {"market": "0x4d0d43382de6021ce0e906774caf6fc73fbe24078c9a75c6d7ae07b04299f8d0", "price_changes": [{"asset_id": "25543244747871931789882457929775858252769380692407983079026060150445462771991", "price": "0.003", "size": "120.97", "side": "BUY", "hash": "65724f1c427dc9ca4de78f347da33de26f85e6f4", "best_bid": "0.036", "best_ask": "0.04"}, {"asset_id": "15034789978615861173828275849657317503022772763977464100542193185148987457338", "price": "0.997", "size": "120.97", "side": "SELL", "hash": "366e51399a33660b5ff992d694863916667629e2", "best_bid": "0.96", "best_ask": "0.964"}], "timestamp": "1769384119724", "event_type": "price_change"}}
{"_local_timestamp": "2026-01-25T23:35:20.186614+00:00", "data": {"market": "0x4d0d43382de6021ce0e906774caf6fc73fbe24078c9a75c6d7ae07b04299f8d0", "price_changes": [{"asset_id": "15034789978615861173828275849657317503022772763977464100542193185148987457338", "price": "0.316", "size": "0", "side": "BUY", "hash": "d0275d9f85a9366002292b940e8a372c54da1840", "best_bid": "0.96", "best_ask": "0.964"}, {"asset_id": "25543244747871931789882457929775858252769380692407983079026060150445462771991", "price": "0.684", "size": "0", "side": "SELL", "hash": "88563625fb65dff71964e0eefb131c739272f8bb", "best_bid": "0.036", "best_ask": "0.04"}], "timestamp": "1769384120116", "event_type": "price_change"}}
