{"_local_timestamp": "2026-01-25T23:40:31.183922+00:00", "data": [{"market": "0x4d0d43382de6021ce0e906774caf6fc73fbe24078c9a75c6d7ae07b04299f8d0", "asset_id": "15034789978615861173828275849657317503022772763977464100542193185148987457338", "timestamp": "1769384430892", "hash": "bbfd5908725a6d7607bbc49f546cf22e7b738573", "bids": [{"price": "0.001", "size": "278849.89"}, {"price": "0.002", "size": "75791.05"}, {"price": "0.003", "size": "400"}, {"price": "0.004", "size": "32774.2"}, {"price": "0.006", "size": "200"}, {"price": "0.008", "size": "8192"}, {"price": "0.009", "size": "12.32"}, {"price": "0.016", "size": "4096"}, {"price": "0.032", "size": "3248"}, {"price": "0.033", "size": "7.68"}, {"price": "0.05", "size": "30"}, {"price": "0.051", "size": "39"}, {"price": "0.064", "size": "1724"}, {"price": "0.1", "size": "360"}, {"price": "0.101", "size": "100"}, {"price": "0.102", "size": "5.83"}, {"price": "0.128", "size": "256"}, {"price": "0.14", "size": "617.85"}, {"price": "0.15", "size": "5"}, {"price": "0.19", "size": "168.42"}, {"price": "0.2", "size": "355"}, {"price": "0.201", "size": "300"}, {"price": "0.202", "size": "99.99"}, {"price": "0.24", "size": "116.66"}, {"price": "0.25", "size": "5"}, {"price": "0.256", "size": "278"}, {"price": "0.257", "size": "114"}, {"price": "0.29", "size": "89.65"}, {"price": "0.316", "size": "5"}, {"price": "0.34", "size": "70.58"}, {"price": "0.38", "size": "200"}, {"price": "0.39", "size": "126.28"}, {"price": "0.391", "size": "5"}, {"price": "0.501", "size": "100"}, {"price": "0.512", "size": "64"}, {"price": "0.6", "size": "48"}, {"price": "0.693", "size": "100"}, {"price": "0.7", "size": "32"}, {"price": "0.8", "size": "24"}, {"price": "0.85", "size": "184.77"}, {"price": "0.868", "size": "10"}, {"price": "0.88", "size": "100"}, {"price": "0.9", "size": "16"}, {"price": "0.91", "size": "10"}, {"price": "0.912", "size": "100"}, {"price": "0.913", "size": "100"}, {"price": "0.922", "size": "47.1"}, {"price": "0.937", "size": "240"}, {"price": "0.941", "size": "17.54"}, {"price": "0.942", "size": "84.91"}, {"price": "0.95", "size": "12"}, {"price": "0.951", "size": "36"}, {"price": "0.96", "size": "158.83"}], "asks": [{"price": "0.999", "size": "60"}, {"price": "0.998", "size": "245.51"}, {"price": "0.997", "size": "113.04"}, {"price": "0.985", "size": "333.33"}, {"price": "0.984", "size": "13.4"}, {"price": "0.981", "size": "10"}, {"price": "0.98", "size": "200"}, {"price": "0.978", "size": "227.27"}, {"price": "0.977", "size": "11286.96"}, {"price": "0.976", "size": "13.66"}, {"price": "0.966", "size": "147.05"}, {"price": "0.965", "size": "200.03"}, {"price": "0.964", "size": "60"}], "event_type": "book", "last_trade_price": "0.960"}, {"market": "0x4d0d43382de6021ce0e906774caf6fc73fbe24078c9a75c6d7ae07b04299f8d0", "asset_id": "25543244747871931789882457929775858252769380692407983079026060150445462771991", "timestamp": "1769384430892", "hash": "052cc008ed21f76b94c2049a1c8c0fcd4e897767", "bids": [{"price": "0.001", "size": "60"}, {"price": "0.002", "size": "245.51"}, {"price": "0.003", "size": "113.04"}, {"price": "0.015", "size": "333.33"}, {"price": "0.016", "size": "13.4"}, {"price": "0.019", "size": "10"}, {"price": "0.02", "size": "200"}, {"price": "0.022", "size": "227.27"}, {"price": "0.023", "size": "11286.96"}, {"price": "0.024", "size": "13.66"}, {"price": "0.034", "size": "147.05"}, {"price": "0.035", "size": "200.03"}, {"price": "0.036", "size": "60"}], "asks": [{"price": "0.999", "size": "278849.89"}, {"price": "0.998", "size": "75791.05"}, {"price": "0.997", "size": "400"}, {"price": "0.996", "size": "32774.2"}, {"price": "0.994", "size": "200"}, {"price": "0.992", "size": "8192"}, {"price": "0.991", "size": "12.32"}, {"price": "0.984", "size": "4096"}, {"price": "0.968", "size": "3248"}, {"price": "0.967", "size": "7.68"}, {"price": "0.95", "size": "30"}, {"price": "0.949", "size": "39"}, {"price": "0.936", "size": "1724"}, {"price": "0.9", "size": "360"}, {"price": "0.899", "size": "100"}, {"price": "0.898", "size": "5.83"}, {"price": "0.872", "size": "256"}, {"price": "0.86", "size": "617.85"}, {"price": "0.85", "size": "5"}, {"price": "0.81", "size": "168.42"}, {"price": "0.8", "size": "355"}, {"price": "0.799", "size": "300"}, {"price": "0.798", "size": "99.99"}, {"price": "0.76", "size": "116.66"}, {"price": "0.75", "size": "5"}, {"price": "0.744", "size": "278"}, {"price": "0.743", "size": "114"}, {"price": "0.71", "size": "89.65"}, {"price": "0.684", "size": "5"}, {"price": "0.66", "size": "70.58"}, {"price": "0.62", "size": "200"}, {"price": "0.61", "size": "126.28"}, {"price": "0.609", "size": "5"}, {"price": "0.499", "size": "100"}, {"price": "0.488", "size": "64"}, {"price": "0.4", "size": "48"}, {"price": "0.307", "size": "100"}, {"price": "0.3", "size": "32"}, {"price": "0.2", "size": "24"}, {"price": "0.15", "size": "184.77"}, {"price": "0.132", "size": "10"}, {"price": "0.12", "size": "100"}, {"price": "0.1", "size": "16"}, {"price": "0.09", "size": "10"}, {"price": "0.088", "size": "100"}, {"price": "0.087", "size": "100"}, {"price": "0.078", "size": "47.1"}, {"price": "0.063", "size": "240"}, {"price": "0.059", "size": "17.54"}, {"price": "0.058", "size": "84.91"}, {"price": "0.05", "size": "12"}, {"price": "0.049", "size": "36"}, {"price": "0.04", "size": "158.83"}], "event_type": "book", "last_trade_price": "0.960"}]}
{"_local_timestamp": "2026-01-25T23:40:31.453673+00:00", "data": {"market": "0x4d0d43382de6021ce0e906774caf6fc73fbe24078c9a75c6d7ae07b04299f8d0", "price_changes": [{"asset_id": "25543244747871931789882457929775858252769380692407983079026060150445462771991", "price": "0.003", "size": "120.97", "side": "BUY", "hash": "e1ce7270c2baaf473d36c5e4d1415dd677255e34", "best_bid": "0.036", "best_ask": "0.04"}, {"asset_id": "15034789978615861173828275849657317503022772763977464100542193185148987457338", "price": "0.997", "size": "120.97", "side": "SELL", "hash": "e6f52382709848c92e5a805f8dd229e85fc8537d", "best_bid": "0.96", "best_ask": "0.964"}], "timestamp": "1769384431387", "event_type": "price_change"}}
{"_local_timestamp": "2026-01-25T23:40:32.928023+00:00", "data": {"market": "0x4d0d43382de6021ce0e906774caf6fc73fbe24078c9a75c6d7ae07b04299f8d0", "price_changes": [{"asset_id": "15034789978615861173828275849657317503022772763977464100542193185148987457338", "price": "0.316", "size": "0", "side": "BUY", "hash": "4dbebee1dd2ee9128339702db918aa01c36ee3e6", "best_bid": "0.96", "best_ask": "0.964"}, {"asset_id": "25543244747871931789882457929775858252769380692407983079026060150445462771991", "price": "0.684", "size": "0", "side": "SELL", "hash": "f6ccd4fd702ae5a9af635bad27f396377d5a1ac5", "best_bid": "0.036", "best_ask": "0.04"}], "timestamp": "1769384432862", "event_type": "price_change"}}
{"_local_timestamp": "2026-01-25T23:40:33.332041+00:00", "data": {"market": "0x4d0d43382de6021ce0e906774caf6fc73fbe24078c9a75c6d7ae07b04299f8d0", "price_changes": [{"asset_id": "15034789978615861173828275849657317503022772763977464100542193185148987457338", "price": "0.316", "size": "5", "side": "BUY", "hash": "82e4ac545bded7677bb1a535ca90b8b837b66f23", "best_bid": "0.96", "best_ask": "0.964"}, {"asset_id": "25543244747871931789882457929775858252769380692407983079026060150445462771991", "price": "0.684", "size": "5", "side": "SELL", "hash": "ac98825b726d7f1fcf4abe55859ae1a948541c8e", "best_bid": "0.036", "best_ask": "0.04"}], "timestamp": "1769384433255", "event_type": "price_change"}}
{"_local_timestamp": "2026-01-25T23:40:33.351073+00:00", "data": {"market": "0x4d0d43382de6021ce0e906774caf6fc73fbe24078c9a75c6d7ae07b04299f8d0", "price_changes": [{"asset_id": "25543244747871931789882457929775858252769380692407983079026060150445462771991", "price": "0.003", "size": "113.04", "side": "BUY", "hash": "77f01eaa1e30e88d1819a56234f730d11ef3434f", "best_bid": "0.036", "best_ask": "0.04"}, {"asset_id": "15034789978615861173828275849657317503022772763977464100542193185148987457338", "price": "0.997", "size": "113.04", "side": "SELL", "hash": "517f16a437c56dd125092f09158cb33c185cd75c", "best_bid": "0.96", "best_ask": "0.964"}], "timestamp": "1769384433282", "event_type": "price_change"}}
{"_local_timestamp": "2026-01-25T23:40:33.558432+00:00", "data": {"market": "0x4d0d43382de6021ce0e906774caf6fc73fbe24078c9a75c6d7ae07b04299f8d0", "price_changes": [{"asset_id": "25543244747871931789882457929775858252769380692407983079026060150445462771991", "price": "0.003", "size": "120.97", "side": "BUY", "hash": "57b787ac7b24df2e738fc8f0cb95b559b06c610c", "best_bid": "0.036", "best_ask": "0.04"}, {"asset_id": "15034789978615861173828275849657317503022772763977464100542193185148987457338", "price": "0.997", "size": "120.97", "side": "SELL", "hash": "3ee3465f594da534b73e84ca2ce4a302dd267f2b", "best_bid": "0.96", "best_ask": "0.964"}], "timestamp": "1769384433495", "event_type": "price_change"}}
{"_local_timestamp": "2026-01-25T23:40:34.336734+00:00", "data": {"market": "0x4d0d43382de6021ce0e906774caf6fc73fbe24078c9a75c6d7ae07b04299f8d0", "price_changes": [{"asset_id": "25543244747871931789882457929775858252769380692407983079026060150445462771991", "price": "0.003", "size": "113.04", "side": "BUY", "hash": "d16ee6088e72c4e8c972da4a11cd8eab9241cf11", "best_bid": "0.036", "best_ask": "0.04"}, {"asset_id": "15034789978615861173828275849657317503022772763977464100542193185148987457338", "price": "0.997", "size": "113.04", "side": "SELL", "hash": "e50cdb92ca862e9f554a5050131dba0b82953fcc", "best_bid": "0.96", "best_ask": "0.964"}], "timestamp": "1769384434266", "event_type": "price_change"}}
{"_local_timestamp": "2026-01-25T23:40:34.902246+00:00", "data": {"market": "0x4d0d43382de6021ce0e906774caf6fc73fbe24078c9a75c6d7ae07b04299f8d0", "price_changes": [{"asset_id": "25543244747871931789882457929775858252769380692407983079026060150445462771991", "price": "0.003", "size": "120.97", "side": "BUY", "hash": "59df46d94cd648e6f4ee58c00429a4ebc52f92f3", "best_bid": "0.036", "best_ask": "0.04"}, {"asset_id": "15034789978615861173828275849657317503022772763977464100542193185148987457338", "price": "0.997", "size": "120.97", "side": "SELL", "hash": "82a9b7187822703abfac5a6dcc93aada8848d924", "best_bid": "0.96", "best_ask": "0.964"}], "timestamp": "1769384434828", "event_type": "price_change"}}
{"_local_timestamp": "2026-01-25T23:40:35.035669+00:00", "data": {"market": "0x4d0d43382de6021ce0e906774caf6fc73fbe24078c9a75c6d7ae07b04299f8d0", "price_changes": [{"asset_id": "15034789978615861173828275849657317503022772763977464100542193185148987457338", "price": "0.316", "size": "0", "side": "BUY", "hash": "feb2d0892399b8a3eef4d5435622116692494735", "best_bid": "0.96", "best_ask": "0.964"}, {"asset_id": "25543244747871931789882457929775858252769380692407983079026060150445462771991", "price": "0.684", "size": "0", "side": "SELL", "hash": "68306eef544c420c9a354158db3b3265611f2dd7", "best_bid": "0.036", "best_ask": "0.04"}], "timestamp": "1769384434962", "event_type": "price_change"}}
{"_local_timestamp": "2026-01-25T23:40:35.400654+00:00", "data": {"market": "0x4d0d43382de6021ce0e906774caf6fc73fbe24078c9a75c6d7ae07b04299f8d0", "price_changes": [{"asset_id": "15034789978615861173828275849657317503022772763977464100542193185148987457338", "price": "0.316", "size": "5", "side": "BUY", "hash": "9f987c9bc58cb521f382c7c4cea1ee943f2573b6", "best_bid": "0.96", "best_ask": "0.964"}, {"asset_id": "25543244747871931789882457929775858252769380692407983079026060150445462771991", "price": "0.684", "size": "5", "side": "SELL", "hash": "2f604dfe446ea465ac7b13ab6d1b91051a1966bf", "best_bid": "0.036", "best_ask": "0.04"}], "timestamp": "1769384435331", "event_type": "price_change"}}
{"_local_timestamp": "2026-01-25T23:40:36.789688+00:00", "data": {"market": "0x4d0d43382de6021ce0e906774caf6fc73fbe24078c9a75c6d7ae07b04299f8d0", "price_changes": [{"asset_id": "25543244747871931789882457929775858252769380692407983079026060150445462771991", "price": "0.003", "size": "113.04", "side": "BUY", "hash": "7843b7218422ec94d8b070f30089926f36f21a02", "best_bid": "0.036", "best_ask": "0.04"}, {"asset_id": "15034789978615861173828275849657317503022772763977464100542193185148987457338", "price": "0.997", "size": "113.04", "side": "SELL", "hash": "58fd42abbaf61e4e131a7c8956e3f03e7f9b2eef", "best_bid": "0.96", "best_ask": "0.964"}], "timestamp": "1769384436720", "event_type": "price_change"}}
{"_local_timestamp": "2026-01-25T23:40:37.065106+00:00", "data": {"market": "0x4d0d43382de6021ce0e906774caf6fc73fbe24078c9a75c6d7ae07b04299f8d0", "price_changes": [{"asset_id": "25543244747871931789882457929775858252769380692407983079026060150445462771991", "price": "0.003", "size": "120.97", "side": "BUY", "hash": "1efa2c8af12f20f7dc24437372d2ae50fe3e52de", "best_bid": "0.036", "best_ask": "0.04"}, {"asset_id": "15034789978615861173828275849657317503022772763977464100542193185148987457338", "price": "0.997", "size": "120.97", "side": "SELL", "hash": "dd9953ddd49749d9190d93434d3606d228402aa0", "best_bid": "0.96", "best_ask": "0.964"}], "timestamp": "1769384436996", "event_type": "price_change"}}
{"_local_timestamp": "2026-01-25T23:40:38.115780+00:00", "data": {"market": "0x4d0d43382de6021ce0e906774caf6fc73fbe24078c9a75c6d7ae07b04299f8d0", "price_changes": [{"asset_id": "15034789978615861173828275849657317503022772763977464100542193185148987457338", "price": "0.316", "size": "0", "side": "BUY", "hash": "4d9b5a3b7e5c727b1a134abe63248d104aceae44", "best_bid": "0.96", "best_ask": "0.964"}, {"asset_id": "25543244747871931789882457929775858252769380692407983079026060150445462771991", "price": "0.684", "size": "0", "side": "SELL", "hash": "2b474e981d3b69633e75cb6c33a393fc78088148", "best_bid": "0.036", "best_ask": "0.04"}], "timestamp": "1769384438041", "event_type": "price_change"}}
{"_local_timestamp": "2026-01-25T23:40:38.499757+00:00", "data": {"market": "0x4d0d43382de6021ce0e906774caf6fc73fbe24078c9a75c6d7ae07b04299f8d0", "price_changes": [{"asset_id": "15034789978615861173828275849657317503022772763977464100542193185148987457338", "price": "0.316", "size": "5", "side": "BUY", "hash": "35e460dac3f64dae7d7ede8a7c8bbb52f12ebcc6", "best_bid": "0.96", "best_ask": "0.964"}, {"asset_id": "25543244747871931789882457929775858252769380692407983079026060150445462771991", "price": "0.684", "size": "5", "side": "SELL", "hash": "5a12f183720d644e0ac2a31704e42bc092ecc77b", "best_bid": "0.036", "best_ask": "0.04"}], "timestamp": "1769384438428", "event_type": "price_change"}}
{"_local_timestamp": "2026-01-25T23:40:38.532307+00:00", "data": {"market": "0x4d0d43382de6021ce0e906774caf6fc73fbe24078c9a75c6d7ae07b04299f8d0", "price_changes": [{"asset_id": "25543244747871931789882457929775858252769380692407983079026060150445462771991", "price": "0.003", "size": "113.04", "side": "BUY", "hash": "cd8df5948820e797111f34b16e5450c8163f408e", "best_bid": "0.036", "best_ask": "0.04"}, {"asset_id": "15034789978615861173828275849657317503022772763977464100542193185148987457338", "price": "0.997", "size": "113.04", "side": "SELL", "hash": "f943cbb3f94d1f37ca53a01f63c418abb0b4378f", "best_bid": "0.96", "best_ask": "0.964"}], "timestamp": "1769384438466", "event_type": "price_change"}}
{"_local_timestamp": "2026-01-25T23:40:38.940646+00:00", "data": {"market": "0x4d0d43382de6021ce0e906774caf6fc73fbe24078c9a75c6d7ae07b04299f8d0", "price_changes": [{"asset_id": "25543244747871931789882457929775858252769380692407983079026060150445462771991", "price": "0.003", "size": "120.97", "side": "BUY", "hash": "c147865acdc0e59b6b4c5a8dcb7e0ac28028a38d", "best_bid": "0.036", "best_ask": "0.04"}, {"asset_id": "15034789978615861173828275849657317503022772763977464100542193185148987457338", "price": "0.997", "size": "120.97", "side": "SELL", "hash": "4dbb97114d6ff1b1453ecce05b8251ab19e87ead", "best_bid": "0.96", "best_ask": "0.964"}], "timestamp": "1769384438872", "event_type": "price_change"}}
{"_local_timestamp": "2026-01-25T23:40:39.892207+00:00", "data": {"market": "0x4d0d43382de6021ce0e906774caf6fc73fbe24078c9a75c6d7ae07b04299f8d0", "price_changes": [{"asset_id": "25543244747871931789882457929775858252769380692407983079026060150445462771991", "price": "0.003", "size": "113.04", "side": "BUY", "hash": "ae285b7d6bbe908bbde02fa384261e0b81e84349", "best_bid": "0.036", "best_ask": "0.04"}, {"asset_id": "15034789978615861173828275849657317503022772763977464100542193185148987457338", "price": "0.997", "size": "113.04", "side": "SELL", "hash": "93f6215261157980ebb039fccf10d8e956d6cb13", "best_bid": "0.96", "best_ask": "0.964"}], "timestamp": "1769384439819", "event_type": "price_change"}}
{"_local_timestamp": "2026-01-25T23:40:40.220480+00:00", "data": {"market": "0x4d0d43382de6021ce0e906774caf6fc73fbe24078c9a75c6d7ae07b04299f8d0", "price_changes": [{"asset_id": "25543244747871931789882457929775858252769380692407983079026060150445462771991", "price": "0.003", "size": "120.97", "side": "BUY", "hash": "53274002067a456a166277b2e96984bc5cddacba", "best_bid": "0.036", "best_ask": "0.04"}, {"asset_id": "15034789978615861173828275849657317503022772763977464100542193185148987457338", "price": "0.997", "size": "120.97", "side": "SELL", "hash": "219e4851d17e2beede074836a8820e06dde9b12c", "best_bid": "0.96", "best_ask": "0.964"}], "timestamp": "1769384440146", "event_type": "price_change"}}
{"_local_timestamp": "2026-01-25T23:40:41.191596+00:00", "data": {"market": "0x4d0d43382de6021ce0e906774caf6fc73fbe24078c9a75c6d7ae07b04299f8d0", "price_changes": [{"asset_id": "15034789978615861173828275849657317503022772763977464100542193185148987457338", "price": "0.316", "size": "0", "side": "BUY", "hash": "0d1b162337d41dd97746cce54734f5fc32759dc9", "best_bid": "0.96", "best_ask": "0.964"}, {"asset_id": "25543244747871931789882457929775858252769380692407983079026060150445462771991", "price": "0.684", "size": "0", "side": "SELL", "hash": "dd075035ea237573bd62936f64aaf2f64c8d3608", "best_bid": "0.036", "best_ask": "0.04"}], "timestamp": "1769384441107", "event_type": "price_change"}}
{"_local_timestamp": "2026-01-25T23:40:41.476355+00:00", "data": {"market": "0x4d0d43382de6021ce0e906774caf6fc73fbe24078c9a75c6d7ae07b04299f8d0", "price_changes": [{"asset_id": "15034789978615861173828275849657317503022772763977464100542193185148987457338", "price": "0.316", "size": "5", "side": "BUY", "hash": "985b43635e5e0cdddde44bf2259164bbb11f0e7d", "best_bid": "0.96", "best_ask": "0.964"}, {"asset_id": "25543244747871931789882457929775858252769380692407983079026060150445462771991", "price": "0.684", "size": "5", "side": "SELL", "hash": "ac454c6690e57876ad11eb26b92e54276fd7ba93", "best_bid": "0.036", "best_ask": "0.04"}], "timestamp": "1769384441403", "event_type": "price_change"}}
