{"_local_timestamp": "2026-01-25T23:33:40.390792+00:00", "data": [{"market": "0x9f8c085bb61c2781dd84b6f911bf1712a314e98bdec3a14ea096226134b171d8", "asset_id": "111892162986567290085292835434327022898276653022029030252300973593766780207250", "timestamp": "1769383591462", "hash": "9e56948ea17dc5402fb61850ec52ed384de4d1c0", "bids": [{"price": "0.01", "size": "60"}, {"price": "0.02", "size": "300"}, {"price": "0.03", "size": "400"}, {"price": "0.04", "size": "12"}, {"price": "0.05", "size": "126"}, {"price": "0.06", "size": "47.75"}], "asks": [{"price": "0.99", "size": "60"}, {"price": "0.98", "size": "300"}, {"price": "0.97", "size": "400"}, {"price": "0.96", "size": "316.66"}, {"price": "0.95", "size": "280"}, {"price": "0.94", "size": "191"}], "event_type": "book", "last_trade_price": ""}, {"market": "0xec54584e1ab697b0dce8e7b7d7034959f6b7cf0e6b8b6711aae79d13ee11f0e3", "asset_id": "19130112196125583407591152368114950958083253189961962608814705401830506229665", "timestamp": "1769383360017", "hash": "2208796d3d63dcf8af50ebf789033cbb4b1452af", "bids": [{"price": "0.01", "size": "60"}, {"price": "0.03", "size": "500"}, {"price": "0.04", "size": "200"}, {"price": "0.05", "size": "188"}, {"price": "0.06", "size": "48"}, {"price": "0.08", "size": "158"}], "asks": [{"price": "0.99", "size": "60"}, {"price": "0.98", "size": "300"}, {"price": "0.97", "size": "400"}, {"price": "0.96", "size": "12"}, {"price": "0.95", "size": "153"}, {"price": "0.94", "size": "47.75"}], "event_type": "book", "last_trade_price": ""}, {"market": "0x4b1198dc6ddc56ae9513c241611f0eda0176aa4875621f0edac894211b0d0c79", "asset_id": "106222486650372604270200623428840472366918315642745682212279337456930196497375", "timestamp": "1769383362761", "hash": "151cf646f133ad989e9b28e7fcc50eebaa8c05af", "bids": [{"price": "0.01", "size": "140"}, {"price": "0.02", "size": "700"}, {"price": "0.03", "size": "273.4"}, {"price": "0.04", "size": "12"}, {"price": "0.05", "size": "20"}], "asks": [{"price": "0.99", "size": "60"}, {"price": "0.96", "size": "300"}, {"price": "0.95", "size": "355"}, {"price": "0.94", "size": "108"}, {"price": "0.9", "size": "158"}, {"price": "0.89", "size": "39"}, {"price": "0.1", "size": "10"}], "event_type": "book", "last_trade_price": ""}, {"market": "0x9f8c085bb61c2781dd84b6f911bf1712a314e98bdec3a14ea096226134b171d8", "asset_id": "81322468367238741713232369555084646614344178349053822125730976501570129373332", "timestamp": "1769383591462", "hash": "31561b3a39b824cff74880e2f98d876837f531c4", "bids": [{"price": "0.01", "size": "60"}, {"price": "0.02", "size": "300"}, {"price": "0.03", "size": "400"}, {"price": "0.04", "size": "316.66"}, {"price": "0.05", "size": "280"}, {"price": "0.06", "size": "191"}], "asks": [{"price": "0.99", "size": "60"}, {"price": "0.98", "size": "300"}, {"price": "0.97", "size": "400"}, {"price": "0.96", "size": "12"}, {"price": "0.95", "size": "126"}, {"price": "0.94", "size": "47.75"}], "event_type": "book", "last_trade_price": ""}, {"market": "0x4b1198dc6ddc56ae9513c241611f0eda0176aa4875621f0edac894211b0d0c79", "asset_id": "75009579692083870198648396939068748034729862832819254155653683786901746020313", "timestamp": "1769383362761", "hash": "775d26437b461ec12288cd23c52b0ff8bf31cfd1", "bids": [{"price": "0.01", "size": "60"}, {"price": "0.04", "size": "300"}, {"price": "0.05", "size": "355"}, {"price": "0.06", "size": "108"}, {"price": "0.1", "size": "158"}, {"price": "0.11", "size": "39"}, {"price": "0.9", "size": "10"}], "asks": [{"price": "0.99", "size": "140"}, {"price": "0.98", "size": "700"}, {"price": "0.97", "size": "273.4"}, {"price": "0.96", "size": "12"}, {"price": "0.95", "size": "20"}], "event_type": "book", "last_trade_price": ""}, {"market": "0xec54584e1ab697b0dce8e7b7d7034959f6b7cf0e6b8b6711aae79d13ee11f0e3", "asset_id": "110738263480639556748714194445465552714516926197374036037007195804164755934784", "timestamp": "1769383360017", "hash": "114cfcb5d6fb4443be6daff63d33e038e5816c64", "bids": [{"price": "0.01", "size": "60"}, {"price": "0.02", "size": "300"}, {"price": "0.03", "size": "400"}, {"price": "0.04", "size": "12"}, {"price": "0.05", "size": "153"}, {"price": "0.06", "size": "47.75"}], "asks": [{"price": "0.99", "size": "60"}, {"price": "0.97", "size": "500"}, {"price": "0.96", "size": "200"}, {"price": "0.95", "size": "188"}, {"price": "0.94", "size": "48"}, {"price": "0.92", "size": "158"}], "event_type": "book", "last_trade_price": ""}]}
