{"_local_timestamp": "2026-01-25T23:33:40.380533+00:00", "data": [{"market": "0x15584b55eb9420ee12939614f42ad9ba4b252b251ba898125d9f8c4817b87f2a", "asset_id": "27900685448472201517921363028831484077538856719543890680710723925272776023188", "timestamp": "1769376450491", "hash": "457a115f8348ed3b6cc97f617479f1ff454b11de", "bids": [{"price": "0.01", "size": "140"}, {"price": "0.04", "size": "12"}], "asks": [{"price": "0.99", "size": "60"}, {"price": "0.95", "size": "30"}, {"price": "0.94", "size": "33"}, {"price": "0.91", "size": "79"}, {"price": "0.9", "size": "19"}, {"price": "0.1", "size": "20"}], "event_type": "book", "last_trade_price": ""}, {"market": "0x4fd776263fd74a2c7ec598d6481709942c50a05a45c851f5982170810407d1bb", "asset_id": "64247458042809868654104527159977833426253434897069908553898016614979186810413", "timestamp": "1769383371015", "hash": "0f2cf3c794d29028f4a20f0e974aff49cb8587b0", "bids": [{"price": "0.01", "size": "60"}, {"price": "0.03", "size": "625"}, {"price": "0.04", "size": "75"}, {"price": "0.05", "size": "130"}, {"price": "0.06", "size": "33"}, {"price": "0.07", "size": "39"}], "asks": [{"price": "0.99", "size": "60"}, {"price": "0.98", "size": "500"}, {"price": "0.97", "size": "200"}, {"price": "0.96", "size": "267.68"}, {"price": "0.94", "size": "47.75"}], "event_type": "book", "last_trade_price": ""}, {"market": "0x15584b55eb9420ee12939614f42ad9ba4b252b251ba898125d9f8c4817b87f2a", "asset_id": "102561831809128319069660794451104365132069497158561566818146351569181292764760", "timestamp": "1769376450491", "hash": "e158d5f5f98eed9966cc589181847b05211904a4", "bids": [{"price": "0.01", "size": "60"}, {"price": "0.05", "size": "30"}, {"price": "0.06", "size": "33"}, {"price": "0.09", "size": "79"}, {"price": "0.1", "size": "19"}, {"price": "0.9", "size": "20"}], "asks": [{"price": "0.99", "size": "140"}, {"price": "0.96", "size": "12"}], "event_type": "book", "last_trade_price": ""}, {"market": "0x486a6a5b2e0f0900c09eaa12880be055cc1fe5cb35cab5b552dbf86fa48f848f", "asset_id": "111316704063833956974949058001909355084821293821227228134406171311106137272750", "timestamp": "1769383367635", "hash": "8830c19b32dd1ce0872c9391b6f69cfc526bc5f7", "bids": [{"price": "0.01", "size": "60"}, {"price": "0.02", "size": "300"}, {"price": "0.03", "size": "400"}, {"price": "0.05", "size": "30"}, {"price": "0.06", "size": "152"}, {"price": "0.07", "size": "14.2"}], "asks": [{"price": "0.99", "size": "60"}, {"price": "0.98", "size": "500"}, {"price": "0.97", "size": "200"}, {"price": "0.96", "size": "267.68"}, {"price": "0.94", "size": "47.75"}], "event_type": "book", "last_trade_price": ""}, {"market": "0x4fd776263fd74a2c7ec598d6481709942c50a05a45c851f5982170810407d1bb", "asset_id": "89194008714811672653017551694226840265028626300479504428481047263980841327109", "timestamp": "1769383371015", "hash": "b98fae20eb21157292ae91656f15424a9a9ee43f", "bids": [{"price": "0.01", "size": "60"}, {"price": "0.02", "size": "500"}, {"price": "0.03", "size": "200"}, {"price": "0.04", "size": "267.68"}, {"price": "0.06", "size": "47.75"}], "asks": [{"price": "0.99", "size": "60"}, {"price": "0.97", "size": "625"}, {"price": "0.96", "size": "75"}, {"price": "0.95", "size": "130"}, {"price": "0.94", "size": "33"}, {"price": "0.93", "size": "39"}], "event_type": "book", "last_trade_price": ""}, {"market": "0x486a6a5b2e0f0900c09eaa12880be055cc1fe5cb35cab5b552dbf86fa48f848f", "asset_id": "14575812514728585039254712066368114519356964350358154956650126221795429101157", "timestamp": "1769383367635", "hash": "2f38e587dc2d4638612ec9f91891e8f08f835ebd", "bids": [{"price": "0.01", "size": "60"}, {"price": "0.02", "size": "500"}, {"price": "0.03", "size": "200"}, {"price": "0.04", "size": "267.68"}, {"price": "0.06", "size": "47.75"}], "asks": [{"price": "0.99", "size": "60"}, {"price": "0.98", "size": "300"}, {"price": "0.97", "size": "400"}, {"price": "0.95", "size": "30"}, {"price": "0.94", "size": "152"}, {"price": "0.93", "size": "14.2"}], "event_type": "book", "last_trade_price": ""}]}
