{"_local_timestamp": "2026-01-25T23:33:40.378924+00:00", "data": [{"market": "0xec931ea3bd5d920f81ddb0ec993085c01af17299fec989912dc4ffaf8383de4b", "asset_id": "50706670382067664216733664019379682003065869984908773459495970336523040019918", "timestamp": "1769383389357", "hash": "2f0e59f39cf987caf29b9a5454a341ebe78204f3", "bids": [{"price": "0.01", "size": "60"}, {"price": "0.02", "size": "300"}, {"price": "0.03", "size": "400"}, {"price": "0.04", "size": "117.78"}, {"price": "0.07", "size": "21.94"}], "asks": [{"price": "0.99", "size": "60"}, {"price": "0.97", "size": "300"}, {"price": "0.96", "size": "400"}, {"price": "0.95", "size": "30"}, {"price": "0.94", "size": "33"}, {"price": "0.93", "size": "142"}, {"price": "0.92", "size": "79"}, {"price": "0.91", "size": "15"}], "event_type": "book", "last_trade_price": ""}, {"market": "0x4bd136ce8b46f06ac6c25cd25daa970daa76e5b6ac5d8b9b15e752f48a09ede5", "asset_id": "80013342252310879101583892373540314628737213105185926638465331574722229204843", "timestamp": "1769383384370", "hash": "7573645691ea346fd7549af0bf6a1cc335d425d4", "bids": [{"price": "0.01", "size": "60"}, {"price": "0.02", "size": "500"}, {"price": "0.03", "size": "200"}, {"price": "0.04", "size": "112"}, {"price": "0.05", "size": "20"}, {"price": "0.06", "size": "50.07"}], "asks": [{"price": "0.99", "size": "60"}, {"price": "0.97", "size": "500"}, {"price": "0.96", "size": "200"}, {"price": "0.95", "size": "30"}, {"price": "0.94", "size": "94"}, {"price": "0.93", "size": "14.2"}, {"price": "0.92", "size": "39"}], "event_type": "book", "last_trade_price": ""}, {"market": "0xec931ea3bd5d920f81ddb0ec993085c01af17299fec989912dc4ffaf8383de4b", "asset_id": "35624602408947195283574905170279373454076280432655661108034156983381880587022", "timestamp": "1769383389357", "hash": "3274441c247ff74e33098907a8ef8ac149e584e0", "bids": [{"price": "0.01", "size": "60"}, {"price": "0.03", "size": "300"}, {"price": "0.04", "size": "400"}, {"price": "0.05", "size": "30"}, {"price": "0.06", "size": "33"}, {"price": "0.07", "size": "142"}, {"price": "0.08", "size": "79"}, {"price": "0.09", "size": "15"}], "asks": [{"price": "0.99", "size": "60"}, {"price": "0.98", "size": "300"}, {"price": "0.97", "size": "400"}, {"price": "0.96", "size": "117.78"}, {"price": "0.93", "size": "21.94"}], "event_type": "book", "last_trade_price": ""}, {"market": "0x33b458a9679e4d9bdfe83e4d27896002633bce590c3e42f32f33b93481e5ec21", "asset_id": "47926130098914339016722283337612087125402963049836611561733116056688076906488", "timestamp": "1769383386910", "hash": "665f607e8fd904f9e96a4944f724a35d80a51d45", "bids": [{"price": "0.01", "size": "140"}, {"price": "0.02", "size": "700"}, {"price": "0.03", "size": "273.4"}, {"price": "0.04", "size": "12"}, {"price": "0.05", "size": "20"}], "asks": [{"price": "0.99", "size": "60"}, {"price": "0.96", "size": "625"}, {"price": "0.95", "size": "105"}, {"price": "0.94", "size": "33"}, {"price": "0.92", "size": "76"}, {"price": "0.91", "size": "39"}, {"price": "0.1", "size": "10"}], "event_type": "book", "last_trade_price": ""}, {"market": "0x33b458a9679e4d9bdfe83e4d27896002633bce590c3e42f32f33b93481e5ec21", "asset_id": "49454993494886208501100545899831371905418748233165094245127446645002814277600", "timestamp": "1769383386910", "hash": "8a47f8271a815e79e314065b2d5242e3622a1e0e", "bids": [{"price": "0.01", "size": "60"}, {"price": "0.04", "size": "625"}, {"price": "0.05", "size": "105"}, {"price": "0.06", "size": "33"}, {"price": "0.08", "size": "76"}, {"price": "0.09", "size": "39"}, {"price": "0.9", "size": "10"}], "asks": [{"price": "0.99", "size": "140"}, {"price": "0.98", "size": "700"}, {"price": "0.97", "size": "273.4"}, {"price": "0.96", "size": "12"}, {"price": "0.95", "size": "20"}], "event_type": "book", "last_trade_price": ""}, {"market": "0x4bd136ce8b46f06ac6c25cd25daa970daa76e5b6ac5d8b9b15e752f48a09ede5", "asset_id": "38660247360502653179672068022010464514372218371915314106549284033701081192540", "timestamp": "1769383384370", "hash": "6d35924bab3204dbc6c36dbdab685d945560f79d", "bids": [{"price": "0.01", "size": "60"}, {"price": "0.03", "size": "500"}, {"price": "0.04", "size": "200"}, {"price": "0.05", "size": "30"}, {"price": "0.06", "size": "94"}, {"price": "0.07", "size": "14.2"}, {"price": "0.08", "size": "39"}], "asks": [{"price": "0.99", "size": "60"}, {"price": "0.98", "size": "500"}, {"price": "0.97", "size": "200"}, {"price": "0.96", "size": "112"}, {"price": "0.95", "size": "20"}, {"price": "0.94", "size": "50.07"}], "event_type": "book", "last_trade_price": ""}]}
