{"_local_timestamp": "2026-01-25T23:41:01.876181+00:00", "data": [{"market": "0x59b3931f279989eb4ae791cd84a870d9902e008e8a465ff247bf2ae376d07345", "asset_id": "52746097832184148387719707698471912138804959689399782521533301147906953398023", "timestamp": "1769376497167", "hash": "6de419caa4f60f1cea68d7a261e702578bf8896b", "bids": [{"price": "0.01", "size": "110"}, {"price": "0.03", "size": "641"}, {"price": "0.04", "size": "75"}, {"price": "0.05", "size": "20"}, {"price": "0.06", "size": "33"}, {"price": "0.09", "size": "39"}, {"price": "0.9", "size": "10"}], "asks": [{"price": "0.99", "size": "440"}, {"price": "0.98", "size": "650"}, {"price": "0.96", "size": "12"}, {"price": "0.95", "size": "20"}], "event_type": "book", "last_trade_price": ""}, {"market": "0x8b39d55fee7b56a92caa8f158943861408fb03dac2c2e31e6496e2dbf1e20bd9", "asset_id": "58117820655841274279139410144730375530381299787933650698567626470208824603502", "timestamp": "1769375576844", "hash": "d8183c15c6a983180ac8e6448528444000861922", "bids": [{"price": "0.01", "size": "110"}, {"price": "0.03", "size": "300"}, {"price": "0.04", "size": "400"}, {"price": "0.05", "size": "30"}, {"price": "0.06", "size": "53"}, {"price": "0.07", "size": "105"}, {"price": "0.08", "size": "12.5"}], "asks": [{"price": "0.99", "size": "110"}, {"price": "0.98", "size": "300"}, {"price": "0.97", "size": "400"}, {"price": "0.96", "size": "200"}, {"price": "0.95", "size": "42.4"}, {"price": "0.94", "size": "5.47"}], "event_type": "book", "last_trade_price": ""}, {"market": "0x7f992d486b92508c8ac9c834bf57f62243c2e895fd892720d9af536c25250018", "asset_id": "109718454702136490081968308201242656623935281155163067442038070200550960382244", "timestamp": "1769376402003", "hash": "d7195b046fd6c2d74a072b677862bd59c4a5114a", "bids": [{"price": "0.01", "size": "110"}, {"price": "0.02", "size": "300"}, {"price": "0.03", "size": "400"}, {"price": "0.04", "size": "200"}, {"price": "0.05", "size": "30"}, {"price": "0.06", "size": "5.47"}], "asks": [{"price": "0.99", "size": "110"}, {"price": "0.97", "size": "300"}, {"price": "0.96", "size": "400"}, {"price": "0.95", "size": "188"}, {"price": "0.94", "size": "68"}, {"price": "0.93", "size": "39"}], "event_type": "book", "last_trade_price": ""}, {"market": "0x8b39d55fee7b56a92caa8f158943861408fb03dac2c2e31e6496e2dbf1e20bd9", "asset_id": "79493072879980695135106651950770519664622874710083780781108577195400700430525", "timestamp": "1769375576844", "hash": "d5776c369afd8979d8acac3a5cb8c46f7b8fe31e", "bids": [{"price": "0.01", "size": "110"}, {"price": "0.02", "size": "300"}, {"price": "0.03", "size": "400"}, {"price": "0.04", "size": "200"}, {"price": "0.05", "size": "42.4"}, {"price": "0.06", "size": "5.47"}], "asks": [{"price": "0.99", "size": "110"}, {"price": "0.97", "size": "300"}, {"price": "0.96", "size": "400"}, {"price": "0.95", "size": "30"}, {"price": "0.94", "size": "53"}, {"price": "0.93", "size": "105"}, {"price": "0.92", "size": "12.5"}], "event_type": "book", "last_trade_price": ""}, {"market": "0x7f992d486b92508c8ac9c834bf57f62243c2e895fd892720d9af536c25250018", "asset_id": "17229956812066290250916516897528616882515116199778700129334744910062201690283", "timestamp": "1769376402003", "hash": "a9f28b7a4a010d55938aaa0633ed848a4ee772ac", "bids": [{"price": "0.01", "size": "110"}, {"price": "0.03", "size": "300"}, {"price": "0.04", "size": "400"}, {"price": "0.05", "size": "188"}, {"price": "0.06", "size": "68"}, {"price": "0.07", "size": "39"}], "asks": [{"price": "0.99", "size": "110"}, {"price": "0.98", "size": "300"}, {"price": "0.97", "size": "400"}, {"price": "0.96", "size": "200"}, {"price": "0.95", "size": "30"}, {"price": "0.94", "size": "5.47"}], "event_type": "book", "last_trade_price": ""}, {"market": "0x59b3931f279989eb4ae791cd84a870d9902e008e8a465ff247bf2ae376d07345", "asset_id": "191253055390863521695488835260625334075326010542100974776679773513438497692", "timestamp": "1769376497167", "hash": "df2f13ab54df7902fd1bd769df779007b73ef1dd", "bids": [{"price": "0.01", "size": "440"}, {"price": "0.02", "size": "650"}, {"price": "0.04", "size": "12"}, {"price": "0.05", "size": "20"}], "asks": [{"price": "0.99", "size": "110"}, {"price": "0.97", "size": "641"}, {"price": "0.96", "size": "75"}, {"price": "0.95", "size": "20"}, {"price": "0.94", "size": "33"}, {"price": "0.91", "size": "39"}, {"price": "0.1", "size": "10"}], "event_type": "book", "last_trade_price": ""}]}
