{"_local_timestamp": "2026-01-25T23:41:01.867524+00:00", "data": [{"market": "0xc4b60f5b1298d3a4d07f975c2659b2f1855400bb1e9f14f9d71b62d3ade674aa", "asset_id": "5152978757065537271705720113989775921131508501925351808802749001037144947379", "timestamp": "1769376496326", "hash": "41e92c4e4053889acd700347eb569f6f0b2111ea", "bids": [{"price": "0.01", "size": "440"}, {"price": "0.02", "size": "650"}, {"price": "0.04", "size": "12"}, {"price": "0.05", "size": "20"}], "asks": [{"price": "0.99", "size": "110"}, {"price": "0.97", "size": "516"}, {"price": "0.96", "size": "200"}, {"price": "0.95", "size": "20"}, {"price": "0.94", "size": "43"}, {"price": "0.93", "size": "158"}, {"price": "0.1", "size": "10"}], "event_type": "book", "last_trade_price": ""}, {"market": "0xfa59f5efd7075c945afc3e76135fffae5ae1fe992ae3d93764e19fda24ee8fe5", "asset_id": "58177405749692775806740866869744121559287005980133273466223016513097579842787", "timestamp": "1769375576844", "hash": "f30a555f7c5dcff8bede1bc75f44b8c2b5c0b253", "bids": [{"price": "0.01", "size": "110"}, {"price": "0.03", "size": "625"}, {"price": "0.04", "size": "75"}, {"price": "0.05", "size": "30"}, {"price": "0.06", "size": "143"}, {"price": "0.07", "size": "79"}], "asks": [{"price": "0.99", "size": "110"}, {"price": "0.98", "size": "500"}, {"price": "0.97", "size": "200"}, {"price": "0.96", "size": "50"}, {"price": "0.95", "size": "30"}, {"price": "0.94", "size": "50.07"}], "event_type": "book", "last_trade_price": ""}, {"market": "0xc4b60f5b1298d3a4d07f975c2659b2f1855400bb1e9f14f9d71b62d3ade674aa", "asset_id": "96069823978134553370903483007526868810812806107274380696994147897704671357524", "timestamp": "1769376496326", "hash": "0c0c9062f5342b54654a2b8528e59a1971453bfa", "bids": [{"price": "0.01", "size": "110"}, {"price": "0.03", "size": "516"}, {"price": "0.04", "size": "200"}, {"price": "0.05", "size": "20"}, {"price": "0.06", "size": "43"}, {"price": "0.07", "size": "158"}, {"price": "0.9", "size": "10"}], "asks": [{"price": "0.99", "size": "440"}, {"price": "0.98", "size": "650"}, {"price": "0.96", "size": "12"}, {"price": "0.95", "size": "20"}], "event_type": "book", "last_trade_price": ""}, {"market": "0xc5f9a68e12f010593823614a423c40fbc19a7be4925db03be492a3849255d779", "asset_id": "105968351056251196841181547009029536192305551107322039334374992050524908399529", "timestamp": "1769375576844", "hash": "f17e1da4a16b69fd568866884038935cc9c325e9", "bids": [{"price": "0.01", "size": "110"}, {"price": "0.03", "size": "625"}, {"price": "0.04", "size": "75"}, {"price": "0.05", "size": "180"}, {"price": "0.06", "size": "53"}, {"price": "0.07", "size": "79"}], "asks": [{"price": "0.99", "size": "110"}, {"price": "0.98", "size": "500"}, {"price": "0.97", "size": "200"}, {"price": "0.96", "size": "50"}, {"price": "0.95", "size": "30"}, {"price": "0.94", "size": "50.17"}], "event_type": "book", "last_trade_price": ""}, {"market": "0xfa59f5efd7075c945afc3e76135fffae5ae1fe992ae3d93764e19fda24ee8fe5", "asset_id": "87132675937174778789255431402207432897389285547785756992931301489283535940651", "timestamp": "1769375576844", "hash": "f779ae50017e93bd31348497f514afaedcccec91", "bids": [{"price": "0.01", "size": "110"}, {"price": "0.02", "size": "500"}, {"price": "0.03", "size": "200"}, {"price": "0.04", "size": "50"}, {"price": "0.05", "size": "30"}, {"price": "0.06", "size": "50.07"}], "asks": [{"price": "0.99", "size": "110"}, {"price": "0.97", "size": "625"}, {"price": "0.96", "size": "75"}, {"price": "0.95", "size": "30"}, {"price": "0.94", "size": "143"}, {"price": "0.93", "size": "79"}], "event_type": "book", "last_trade_price": ""}, {"market": "0xc5f9a68e12f010593823614a423c40fbc19a7be4925db03be492a3849255d779", "asset_id": "7302869927217030576209264925659502915973095961703346312343081336048638527885", "timestamp": "1769375576844", "hash": "376883ba9e38f789aad343afee8c37af649bc7fc", "bids": [{"price": "0.01", "size": "110"}, {"price": "0.02", "size": "500"}, {"price": "0.03", "size": "200"}, {"price": "0.04", "size": "50"}, {"price": "0.05", "size": "30"}, {"price": "0.06", "size": "50.17"}], "asks": [{"price": "0.99", "size": "110"}, {"price": "0.97", "size": "625"}, {"price": "0.96", "size": "75"}, {"price": "0.95", "size": "180"}, {"price": "0.94", "size": "53"}, {"price": "0.93", "size": "79"}], "event_type": "book", "last_trade_price": ""}]}
