{"_local_timestamp": "2026-01-25T23:33:40.360538+00:00", "data": [{"market": "0x5447314549fa8c5fa94db4332b752aee08a2fb454ea823a0d6ef956473ff7151", "asset_id": "105733403476886463898418498173972574338110341082350195098229331146045877991235", "timestamp": "1769383139484", "hash": "26c3055d2aab865cdb4befcc4f8bc2ed46a62b5c", "bids": [{"price": "0.01", "size": "10.47"}], "asks": [], "event_type": "book", "last_trade_price": ""}, {"market": "0x3357adf7549016106e03d926ccbcdcb467fefb1ede951fd14b59e1f67343952f", "asset_id": "38362612670156957546698777074845753421386460965525769216269401734455612319673", "timestamp": "1769383091377", "hash": "b1458528c270fb565b9bc5f72716a7c98c7ef579", "bids": [{"price": "0.01", "size": "5.47"}], "asks": [{"price": "0.99", "size": "119.99"}], "event_type": "book", "last_trade_price": ""}, {"market": "0x76bc4164f9f062836f70cc81dc4b2803bded8bc4d4d8411a59173032e778897c", "asset_id": "93166943641787226973690031742065190960934203820895829975329620455678439475674", "timestamp": "1769383979514", "hash": "aab44a8547f035f831c9dd5f9562f85ce351fa71", "bids": [], "asks": [{"price": "0.98", "size": "59.99"}, {"price": "0.97", "size": "5.47"}], "event_type": "book", "last_trade_price": "0.010"}, {"market": "0x5447314549fa8c5fa94db4332b752aee08a2fb454ea823a0d6ef956473ff7151", "asset_id": "106172182595171203081313112735352353528633957991419656008435975671360549164261", "timestamp": "1769383139484", "hash": "c0008d211d03eb999b8f21f37d47496a99af1afe", "bids": [], "asks": [{"price": "0.99", "size": "10.47"}], "event_type": "book", "last_trade_price": ""}, {"market": "0x76bc4164f9f062836f70cc81dc4b2803bded8bc4d4d8411a59173032e778897c", "asset_id": "55543567964051004501792658840797459387032112412399464980691801305512238591491", "timestamp": "1769383979514", "hash": "58b125945a89314a5d846faf4fbb4eae2e49bed2", "bids": [{"price": "0.02", "size": "59.99"}, {"price": "0.03", "size": "5.47"}], "asks": [], "event_type": "book", "last_trade_price": "0.010"}, {"market": "0x3357adf7549016106e03d926ccbcdcb467fefb1ede951fd14b59e1f67343952f", "asset_id": "71313148548052210191807854032437727934792611849593313316455832622679250953429", "timestamp": "1769383091377", "hash": "5449b5605aae2b46c3b4f0725cfd6084e194a1ea", "bids": [{"price": "0.01", "size": "119.99"}], "asks": [{"price": "0.99", "size": "5.47"}], "event_type": "book", "last_trade_price": ""}]}
