{"_local_timestamp": "2026-01-25T23:40:49.611891+00:00", "data": [{"market": "0x12404bd066752931c291ea0654e9514192ce54aa11142434424cbb0f310659ef", "asset_id": "89781051443725670392154493061752506756302609413962358774191850950954151870284", "timestamp": "1769383354247", "hash": "2cc5e84741fa168184c80ea2e912558200f49b10", "bids": [{"price": "0.01", "size": "60"}, {"price": "0.02", "size": "300"}, {"price": "0.03", "size": "400"}, {"price": "0.04", "size": "12"}, {"price": "0.05", "size": "131"}, {"price": "0.06", "size": "53.77"}], "asks": [{"price": "0.99", "size": "60"}, {"price": "0.97", "size": "625"}, {"price": "0.96", "size": "75"}, {"price": "0.95", "size": "67"}, {"price": "0.94", "size": "33"}, {"price": "0.93", "size": "39"}], "event_type": "book", "last_trade_price": ""}, {"market": "0x12404bd066752931c291ea0654e9514192ce54aa11142434424cbb0f310659ef", "asset_id": "11691263748082072190816887002881769925385938018133908583461058288733732085155", "timestamp": "1769383354247", "hash": "780a29a60c7f4434ce616a63e542a24f8f17b23e", "bids": [{"price": "0.01", "size": "60"}, {"price": "0.03", "size": "625"}, {"price": "0.04", "size": "75"}, {"price": "0.05", "size": "67"}, {"price": "0.06", "size": "33"}, {"price": "0.07", "size": "39"}], "asks": [{"price": "0.99", "size": "60"}, {"price": "0.98", "size": "300"}, {"price": "0.97", "size": "400"}, {"price": "0.96", "size": "12"}, {"price": "0.95", "size": "131"}, {"price": "0.94", "size": "53.77"}], "event_type": "book", "last_trade_price": ""}, {"market": "0x34c68e196359f2f272f927d4b8e0ce9d6c3dbf0f7f0db51ee77630853b857ee8", "asset_id": "69715501497112748219993383940251153950935992126046222198714791082991823930805", "timestamp": "1769377052536", "hash": "6911e6b8d1a88a82b00f169d6f40b30c0cfb06e2", "bids": [{"price": "0.01", "size": "60"}, {"price": "0.05", "size": "30"}, {"price": "0.06", "size": "33"}, {"price": "0.07", "size": "174"}, {"price": "0.11", "size": "39"}, {"price": "0.9", "size": "10"}], "asks": [{"price": "0.99", "size": "140"}, {"price": "0.96", "size": "12"}], "event_type": "book", "last_trade_price": ""}, {"market": "0xd96302d33602e9f316ad222db10cb0f61362a7dfdafdd12e07eb390d4dfd9c62", "asset_id": "100624485797820318808979113412362513081042615003780157241470226924294239556073", "timestamp": "1769383357446", "hash": "ab57527a49a7728b07c6dd6381869f2f43caf73e", "bids": [{"price": "0.01", "size": "60"}, {"price": "0.02", "size": "625"}, {"price": "0.03", "size": "275"}, {"price": "0.04", "size": "12"}, {"price": "0.06", "size": "53.86"}], "asks": [{"price": "0.99", "size": "60"}, {"price": "0.97", "size": "625"}, {"price": "0.96", "size": "75"}, {"price": "0.95", "size": "67"}, {"price": "0.94", "size": "33"}, {"price": "0.93", "size": "39"}], "event_type": "book", "last_trade_price": ""}, {"market": "0xd96302d33602e9f316ad222db10cb0f61362a7dfdafdd12e07eb390d4dfd9c62", "asset_id": "81494558612154087098318360320969480986467701245052111641528691659813646221104", "timestamp": "1769383357446", "hash": "92b41875237517d432d3eecfbbfcba2e670dd826", "bids": [{"price": "0.01", "size": "60"}, {"price": "0.03", "size": "625"}, {"price": "0.04", "size": "75"}, {"price": "0.05", "size": "67"}, {"price": "0.06", "size": "33"}, {"price": "0.07", "size": "39"}], "asks": [{"price": "0.99", "size": "60"}, {"price": "0.98", "size": "625"}, {"price": "0.97", "size": "275"}, {"price": "0.96", "size": "12"}, {"price": "0.94", "size": "53.86"}], "event_type": "book", "last_trade_price": ""}, {"market": "0x34c68e196359f2f272f927d4b8e0ce9d6c3dbf0f7f0db51ee77630853b857ee8", "asset_id": "70291765519966548949211295733319155110848974117009308043048822820973412198779", "timestamp": "1769377052536", "hash": "270ff575844602dab308c24fec4b0c73915a89c1", "bids": [{"price": "0.01", "size": "140"}, {"price": "0.04", "size": "12"}], "asks": [{"price": "0.99", "size": "60"}, {"price": "0.95", "size": "30"}, {"price": "0.94", "size": "33"}, {"price": "0.93", "size": "174"}, {"price": "0.89", "size": "39"}, {"price": "0.1", "size": "10"}], "event_type": "book", "last_trade_price": ""}]}
