{"_local_timestamp": "2026-01-25T23:33:40.360538+00:00", "data": [{"market": "0x5447314549fa8c5fa94db4332b752aee08a2fb454ea823a0d6ef956473ff7151", "asset_id": "105733403476886463898418498173972574338110341082350195098229331146045877991235", "timestamp": "1769383139484", "hash": "26c3055d2aab865cdb4befcc4f8bc2ed46a62b5c", "bids": [{"price": "0.01", "size": "10.47"}], "asks": [], "event_type": "book", "last_trade_price": ""}, {"market": "0x3357adf7549016106e03d926ccbcdcb467fefb1ede951fd14b59e1f67343952f", "asset_id": "38362612670156957546698777074845753421386460965525769216269401734455612319673", "timestamp": "1769383091377", "hash": "b1458528c270fb565b9bc5f72716a7c98c7ef579", "bids": [{"price": "0.01", "size": "5.47"}], "asks": [{"price": "0.99", "size": "119.99"}], "event_type": "book", "last_trade_price": ""}, {"market": "0x76bc4164f9f062836f70cc81dc4b2803bded8bc4d4d8411a59173032e778897c", "asset_id": "93166943641787226973690031742065190960934203820895829975329620455678439475674", "timestamp": "1769383979514", "hash": "aab44a8547f035f831c9dd5f9562f85ce351fa71", "bids": [], "asks": [{"price": "0.98", "size": "59.99"}, {"price": "0.97", "size": "5.47"}], "event_type": "book", "last_trade_price": "0.010"}, {"market": "0x5447314549fa8c5fa94db4332b752aee08a2fb454ea823a0d6ef956473ff7151", "asset_id": "106172182595171203081313112735352353528633957991419656008435975671360549164261", "timestamp": "1769383139484", "hash": "c0008d211d03eb999b8f21f37d47496a99af1afe", "bids": [], "asks": [{"price": "0.99", "size": "10.47"}], "event_type": "book", "last_trade_price": ""}, {"market": "0x76bc4164f9f062836f70cc81dc4b2803bded8bc4d4d8411a59173032e778897c", "asset_id": "55543567964051004501792658840797459387032112412399464980691801305512238591491", "timestamp": "1769383979514", "hash": "58b125945a89314a5d846faf4fbb4eae2e49bed2", "bids": [{"price": "0.02", "size": "59.99"}, {"price": "0.03", "size": "5.47"}], "asks": [], "event_type": "book", "last_trade_price": "0.010"}, {"market": "0x3357adf7549016106e03d926ccbcdcb467fefb1ede951fd14b59e1f67343952f", "asset_id": "71313148548052210191807854032437727934792611849593313316455832622679250953429", "timestamp": "1769383091377", "hash": "5449b5605aae2b46c3b4f0725cfd6084e194a1ea", "bids": [{"price": "0.01", "size": "119.99"}], "asks": [{"price": "0.99", "size": "5.47"}], "event_type": "book", "last_trade_price": ""}]}
{"_local_timestamp": "2026-01-25T23:34:33.255527+00:00", "data": {"market": "0x76bc4164f9f062836f70cc81dc4b2803bded8bc4d4d8411a59173032e778897c", "price_changes": [{"asset_id": "55543567964051004501792658840797459387032112412399464980691801305512238591491", "price": "0.02", "size": "0", "side": "BUY", "hash": "65f26c8d6bc66d27d3e1f7d023f587b2b188600b", "best_bid": "0.03", "best_ask": "1"}, {"asset_id": "93166943641787226973690031742065190960934203820895829975329620455678439475674", "price": "0.98", "size": "0", "side": "SELL", "hash": "fac77cbebfe870b9694f5122e534db2471361059", "best_bid": "0", "best_ask": "0.97"}], "timestamp": "1769384073183", "event_type": "price_change"}}
{"_local_timestamp": "2026-01-25T23:34:33.649444+00:00", "data": {"market": "0x76bc4164f9f062836f70cc81dc4b2803bded8bc4d4d8411a59173032e778897c", "price_changes": [{"asset_id": "93166943641787226973690031742065190960934203820895829975329620455678439475674", "price": "0.97", "size": "0", "side": "SELL", "hash": "b19da4a8de6bea7dbb90b9ceafb871d0ff8239c8", "best_bid": "0", "best_ask": "1"}, {"asset_id": "55543567964051004501792658840797459387032112412399464980691801305512238591491", "price": "0.03", "size": "0", "side": "BUY", "hash": "53714584534d7c4b7295667d5439b44a3a1490e0", "best_bid": "0", "best_ask": "1"}], "timestamp": "1769384073579", "event_type": "price_change"}}
{"_local_timestamp": "2026-01-25T23:34:33.746552+00:00", "data": {"market": "0x76bc4164f9f062836f70cc81dc4b2803bded8bc4d4d8411a59173032e778897c", "price_changes": [{"asset_id": "93166943641787226973690031742065190960934203820895829975329620455678439475674", "price": "0.99", "size": "5.47", "side": "SELL", "hash": "3fa5b5ae3649b8a607ad0dc1011b25b69747f763", "best_bid": "0", "best_ask": "0.99"}, {"asset_id": "55543567964051004501792658840797459387032112412399464980691801305512238591491", "price": "0.01", "size": "5.47", "side": "BUY", "hash": "bf9a48cbb1ddfc038873dc1d1ee23b2bfced48f9", "best_bid": "0.01", "best_ask": "1"}], "timestamp": "1769384073681", "event_type": "price_change"}}
{"_local_timestamp": "2026-01-25T23:34:34.953858+00:00", "data": {"market": "0x76bc4164f9f062836f70cc81dc4b2803bded8bc4d4d8411a59173032e778897c", "price_changes": [{"asset_id": "55543567964051004501792658840797459387032112412399464980691801305512238591491", "price": "0.04", "size": "29.99", "side": "BUY", "hash": "c2891d631aab25a88dbc3855245f3f246e318726", "best_bid": "0.04", "best_ask": "1"}, {"asset_id": "93166943641787226973690031742065190960934203820895829975329620455678439475674", "price": "0.96", "size": "29.99", "side": "SELL", "hash": "5d4b0356355d9b898b7a0f6d8dc6c4758e38a2b5", "best_bid": "0", "best_ask": "0.96"}], "timestamp": "1769384074886", "event_type": "price_change"}}
{"_local_timestamp": "2026-01-25T23:34:36.497186+00:00", "data": {"market": "0x76bc4164f9f062836f70cc81dc4b2803bded8bc4d4d8411a59173032e778897c", "price_changes": [{"asset_id": "93166943641787226973690031742065190960934203820895829975329620455678439475674", "price": "0.99", "size": "0", "side": "SELL", "hash": "9f1b1b7f809d5841a8ba5f2f27000d6d28cefe1a", "best_bid": "0", "best_ask": "0.96"}, {"asset_id": "55543567964051004501792658840797459387032112412399464980691801305512238591491", "price": "0.01", "size": "0", "side": "BUY", "hash": "7cebcdb675c0adde3644f0adb2ff848e4bde0d1b", "best_bid": "0.04", "best_ask": "1"}], "timestamp": "1769384076425", "event_type": "price_change"}}
{"_local_timestamp": "2026-01-25T23:34:36.621088+00:00", "data": {"market": "0x76bc4164f9f062836f70cc81dc4b2803bded8bc4d4d8411a59173032e778897c", "price_changes": [{"asset_id": "93166943641787226973690031742065190960934203820895829975329620455678439475674", "price": "0.95", "size": "5.47", "side": "SELL", "hash": "ed5020cc15562b03b30e5adc462b711187efecd9", "best_bid": "0", "best_ask": "0.95"}, {"asset_id": "55543567964051004501792658840797459387032112412399464980691801305512238591491", "price": "0.05", "size": "5.47", "side": "BUY", "hash": "9ce2b6a862add6b5968a0bf70cc2926b7585c8e7", "best_bid": "0.05", "best_ask": "1"}], "timestamp": "1769384076553", "event_type": "price_change"}}
{"_local_timestamp": "2026-01-25T23:36:04.037776+00:00", "data": {"market": "0x76bc4164f9f062836f70cc81dc4b2803bded8bc4d4d8411a59173032e778897c", "price_changes": [{"asset_id": "55543567964051004501792658840797459387032112412399464980691801305512238591491", "price": "0.04", "size": "0", "side": "BUY", "hash": "d5f02039cc846a30f58b1166de80355904de2f74", "best_bid": "0.05", "best_ask": "1"}, {"asset_id": "93166943641787226973690031742065190960934203820895829975329620455678439475674", "price": "0.96", "size": "0", "side": "SELL", "hash": "ab5bd838221ac1d2eac13c35ca1c4688d79b26cf", "best_bid": "0", "best_ask": "0.95"}], "timestamp": "1769384163970", "event_type": "price_change"}}
{"_local_timestamp": "2026-01-25T23:36:05.754838+00:00", "data": {"market": "0x76bc4164f9f062836f70cc81dc4b2803bded8bc4d4d8411a59173032e778897c", "price_changes": [{"asset_id": "93166943641787226973690031742065190960934203820895829975329620455678439475674", "price": "0.95", "size": "0", "side": "SELL", "hash": "f93ffa74dd8882de2cfd9aa0d0f7fb0211e803a6", "best_bid": "0", "best_ask": "1"}, {"asset_id": "55543567964051004501792658840797459387032112412399464980691801305512238591491", "price": "0.05", "size": "0", "side": "BUY", "hash": "aac4ad9a3cbb05984b484f0987449624b409eb8c", "best_bid": "0", "best_ask": "1"}], "timestamp": "1769384165689", "event_type": "price_change"}}
{"_local_timestamp": "2026-01-25T23:36:05.869072+00:00", "data": {"market": "0x76bc4164f9f062836f70cc81dc4b2803bded8bc4d4d8411a59173032e778897c", "price_changes": [{"asset_id": "93166943641787226973690031742065190960934203820895829975329620455678439475674", "price": "0.99", "size": "5.47", "side": "SELL", "hash": "b0ec387fbfd0dea4cd78ec317ad5b36d05d43d12", "best_bid": "0", "best_ask": "0.99"}, {"asset_id": "55543567964051004501792658840797459387032112412399464980691801305512238591491", "price": "0.01", "size": "5.47", "side": "BUY", "hash": "57e823230ab436ceb0f6ad9efb6bf49e616f3313", "best_bid": "0.01", "best_ask": "1"}], "timestamp": "1769384165796", "event_type": "price_change"}}
{"_local_timestamp": "2026-01-25T23:37:44.416306+00:00", "data": {"market": "0x76bc4164f9f062836f70cc81dc4b2803bded8bc4d4d8411a59173032e778897c", "price_changes": [{"asset_id": "55543567964051004501792658840797459387032112412399464980691801305512238591491", "price": "0.02", "size": "59.99", "side": "BUY", "hash": "b6cf3ac09156c195855025b9083159562da124a3", "best_bid": "0.02", "best_ask": "1"}, {"asset_id": "93166943641787226973690031742065190960934203820895829975329620455678439475674", "price": "0.98", "size": "59.99", "side": "SELL", "hash": "16ef23e65a06c98108677227eb734e4c3db0a36e", "best_bid": "0", "best_ask": "0.98"}], "timestamp": "1769384264342", "event_type": "price_change"}}
{"_local_timestamp": "2026-01-25T23:37:44.587510+00:00", "data": {"market": "0x76bc4164f9f062836f70cc81dc4b2803bded8bc4d4d8411a59173032e778897c", "price_changes": [{"asset_id": "93166943641787226973690031742065190960934203820895829975329620455678439475674", "price": "0.99", "size": "0", "side": "SELL", "hash": "38841a567f929ffb701fa60ca4ea1748410e1a51", "best_bid": "0", "best_ask": "0.98"}, {"asset_id": "55543567964051004501792658840797459387032112412399464980691801305512238591491", "price": "0.01", "size": "0", "side": "BUY", "hash": "4bd93b8fb8ad5c089f01e9d33b6b7d972e9ef6fb", "best_bid": "0.02", "best_ask": "1"}], "timestamp": "1769384264517", "event_type": "price_change"}}
{"_local_timestamp": "2026-01-25T23:37:44.756731+00:00", "data": {"market": "0x76bc4164f9f062836f70cc81dc4b2803bded8bc4d4d8411a59173032e778897c", "price_changes": [{"asset_id": "93166943641787226973690031742065190960934203820895829975329620455678439475674", "price": "0.97", "size": "5.47", "side": "SELL", "hash": "123d8e3f75fa46c56e988bde560ad378639b568a", "best_bid": "0", "best_ask": "0.97"}, {"asset_id": "55543567964051004501792658840797459387032112412399464980691801305512238591491", "price": "0.03", "size": "5.47", "side": "BUY", "hash": "15d1d23d2a6c841ce3a2804d691b3f69b7d3ce5d", "best_bid": "0.03", "best_ask": "1"}], "timestamp": "1769384264688", "event_type": "price_change"}}
