{"_local_timestamp": "2026-01-25T23:33:44.929014+00:00", "data": [{"market": "0xd02a501c55dd22ccdcc891dd265d61941a4e2111a58ff787d23d6309c6569d87", "asset_id": "92390343666866521580497776972183302719709526322797659510782968071765959283275", "timestamp": "1769383916917", "hash": "daed9f4ff71b328faed91efc361ee0feed88ddb1", "bids": [{"price": "0.01", "size": "115"}, {"price": "0.04", "size": "12"}, {"price": "0.05", "size": "520"}, {"price": "0.06", "size": "238.47"}, {"price": "0.08", "size": "113.75"}, {"price": "0.15", "size": "20"}], "asks": [{"price": "0.99", "size": "110"}, {"price": "0.97", "size": "625"}, {"price": "0.96", "size": "87"}, {"price": "0.95", "size": "63"}, {"price": "0.94", "size": "112"}, {"price": "0.93", "size": "50.4"}, {"price": "0.81", "size": "10"}], "event_type": "book", "last_trade_price": ""}, {"market": "0x86610317b5d30b06610ac0381d3b690a27266b922127a12af7394930342b9154", "asset_id": "37386194899724135135998664221709907995829595968890463935052038686431626219205", "timestamp": "1769383914328", "hash": "bfca681ae4069dd8b5dbe2378a96c6c21491a8cc", "bids": [{"price": "0.01", "size": "110"}, {"price": "0.02", "size": "25"}, {"price": "0.04", "size": "500"}, {"price": "0.05", "size": "220"}, {"price": "0.06", "size": "33"}, {"price": "0.13", "size": "79"}, {"price": "0.16", "size": "19"}, {"price": "0.9", "size": "10"}], "asks": [{"price": "0.99", "size": "945"}, {"price": "0.98", "size": "250"}, {"price": "0.97", "size": "39.6"}], "event_type": "book", "last_trade_price": ""}, {"market": "0xca7fdbc966c93b21581e4d26c90324941dd909ce61fe8f3d92e24a7b472e9c6a", "asset_id": "88145200078422014825993912740266757546068080965299394495220545512155319679920", "timestamp": "1769383911964", "hash": "5683b6f66aa8d51c1403512feb2df3f61cd720ca", "bids": [{"price": "0.01", "size": "110"}, {"price": "0.04", "size": "637"}, {"price": "0.05", "size": "95"}, {"price": "0.06", "size": "33"}, {"price": "0.08", "size": "87"}, {"price": "0.09", "size": "79"}, {"price": "0.26", "size": "10"}], "asks": [{"price": "0.99", "size": "115"}, {"price": "0.98", "size": "300"}, {"price": "0.97", "size": "416"}, {"price": "0.95", "size": "132"}, {"price": "0.94", "size": "44.18"}], "event_type": "book", "last_trade_price": ""}, {"market": "0xd02a501c55dd22ccdcc891dd265d61941a4e2111a58ff787d23d6309c6569d87", "asset_id": "78643773714588533223760890004205573388129309575394780320742836277577106600699", "timestamp": "1769383916917", "hash": "08342349872982f43f491bfde7d7430b0027f1c4", "bids": [{"price": "0.01", "size": "110"}, {"price": "0.03", "size": "625"}, {"price": "0.04", "size": "87"}, {"price": "0.05", "size": "63"}, {"price": "0.06", "size": "112"}, {"price": "0.07", "size": "50.4"}, {"price": "0.19", "size": "10"}], "asks": [{"price": "0.99", "size": "115"}, {"price": "0.96", "size": "12"}, {"price": "0.95", "size": "520"}, {"price": "0.94", "size": "238.47"}, {"price": "0.92", "size": "113.75"}, {"price": "0.85", "size": "20"}], "event_type": "book", "last_trade_price": ""}, {"market": "0x86610317b5d30b06610ac0381d3b690a27266b922127a12af7394930342b9154", "asset_id": "50476718972891683363108800455296529078976867715057614720826036978521000434599", "timestamp": "1769383914328", "hash": "847aa134a7d5b4493ef4ebecb7df7f8699818a42", "bids": [{"price": "0.01", "size": "945"}, {"price": "0.02", "size": "250"}, {"price": "0.03", "size": "39.6"}], "asks": [{"price": "0.99", "size": "110"}, {"price": "0.98", "size": "25"}, {"price": "0.96", "size": "500"}, {"price": "0.95", "size": "220"}, {"price": "0.94", "size": "33"}, {"price": "0.87", "size": "79"}, {"price": "0.84", "size": "19"}, {"price": "0.1", "size": "10"}], "event_type": "book", "last_trade_price": ""}, {"market": "0xca7fdbc966c93b21581e4d26c90324941dd909ce61fe8f3d92e24a7b472e9c6a", "asset_id": "44312241026551200972313218625678999332995906116463145035133184484044600607326", "timestamp": "1769383911964", "hash": "36134efaab1adbb222180c366316b142c465ed27", "bids": [{"price": "0.01", "size": "115"}, {"price": "0.02", "size": "300"}, {"price": "0.03", "size": "416"}, {"price": "0.05", "size": "132"}, {"price": "0.06", "size": "44.18"}], "asks": [{"price": "0.99", "size": "110"}, {"price": "0.96", "size": "637"}, {"price": "0.95", "size": "95"}, {"price": "0.94", "size": "33"}, {"price": "0.92", "size": "87"}, {"price": "0.91", "size": "79"}, {"price": "0.74", "size": "10"}], "event_type": "book", "last_trade_price": ""}]}
