{"_local_timestamp": "2026-01-25T23:33:44.930631+00:00", "data": [{"market": "0x5743c133b78977728d7c6f64aee9c8dfc40c5ac42ef290524148ab128c0b9dba", "asset_id": "80380404194716733715638594824087743075730272455021722942925200835641571328278", "timestamp": "1769383928223", "hash": "6dfb17e6c4d2d62c5d7f88c9a29c77573a31500e", "bids": [{"price": "0.01", "size": "115"}, {"price": "0.02", "size": "525"}, {"price": "0.03", "size": "200"}, {"price": "0.04", "size": "100"}, {"price": "0.05", "size": "20"}, {"price": "0.06", "size": "54.87"}], "asks": [{"price": "0.99", "size": "110"}, {"price": "0.98", "size": "300"}, {"price": "0.97", "size": "400"}, {"price": "0.96", "size": "12"}, {"price": "0.95", "size": "229"}, {"price": "0.94", "size": "39.6"}, {"price": "0.83", "size": "10"}], "event_type": "book", "last_trade_price": ""}, {"market": "0x18cd6c6e777a06b2ca4398a41bdd697b3386a2bfb12701857d72cf5074fcad5a", "asset_id": "14024710680777522567795907948912741490678204356484440221366697424989189512155", "timestamp": "1769383925025", "hash": "df5061c261989725028e8002876ba5591b2c4eed", "bids": [{"price": "0.01", "size": "115"}, {"price": "0.02", "size": "300"}, {"price": "0.03", "size": "400"}, {"price": "0.05", "size": "137.79"}, {"price": "0.06", "size": "48.57"}], "asks": [{"price": "0.99", "size": "110"}, {"price": "0.98", "size": "500"}, {"price": "0.97", "size": "200"}, {"price": "0.96", "size": "212"}, {"price": "0.95", "size": "20"}, {"price": "0.94", "size": "39.6"}, {"price": "0.83", "size": "10"}], "event_type": "book", "last_trade_price": ""}, {"market": "0x5743c133b78977728d7c6f64aee9c8dfc40c5ac42ef290524148ab128c0b9dba", "asset_id": "54886372680616406373510394073623296319385814513404214965027490096642572109467", "timestamp": "1769383928223", "hash": "5debab36b18ab9b36c289aa37d5491000f1b6360", "bids": [{"price": "0.01", "size": "110"}, {"price": "0.02", "size": "300"}, {"price": "0.03", "size": "400"}, {"price": "0.04", "size": "12"}, {"price": "0.05", "size": "229"}, {"price": "0.06", "size": "39.6"}, {"price": "0.17", "size": "10"}], "asks": [{"price": "0.99", "size": "115"}, {"price": "0.98", "size": "525"}, {"price": "0.97", "size": "200"}, {"price": "0.96", "size": "100"}, {"price": "0.95", "size": "20"}, {"price": "0.94", "size": "54.87"}], "event_type": "book", "last_trade_price": ""}, {"market": "0x90c8a8463a2a2e3166257b2361e29199421028512231aee9602ca0c9cce27f16", "asset_id": "96071362741967433398138414321787205721982346059719916650968449499762048385158", "timestamp": "1769376293139", "hash": "10d2df5270aea8ab2cb2965d3749c2209456226e", "bids": [{"price": "0.01", "size": "110"}, {"price": "0.02", "size": "25"}, {"price": "0.05", "size": "20"}, {"price": "0.06", "size": "33"}, {"price": "0.09", "size": "79"}, {"price": "0.1", "size": "79"}, {"price": "0.9", "size": "10"}], "asks": [{"price": "0.99", "size": "245"}, {"price": "0.98", "size": "5.47"}], "event_type": "book", "last_trade_price": ""}, {"market": "0x90c8a8463a2a2e3166257b2361e29199421028512231aee9602ca0c9cce27f16", "asset_id": "56151679031892921957709474266038471712689369614500318358643332386632778767512", "timestamp": "1769376293139", "hash": "4e5155de3cbb20848f81e3930c855609d7076230", "bids": [{"price": "0.01", "size": "245"}, {"price": "0.02", "size": "5.47"}], "asks": [{"price": "0.99", "size": "110"}, {"price": "0.98", "size": "25"}, {"price": "0.95", "size": "20"}, {"price": "0.94", "size": "33"}, {"price": "0.91", "size": "79"}, {"price": "0.9", "size": "79"}, {"price": "0.1", "size": "10"}], "event_type": "book", "last_trade_price": ""}, {"market": "0x18cd6c6e777a06b2ca4398a41bdd697b3386a2bfb12701857d72cf5074fcad5a", "asset_id": "13946682282482148933861637735288949317513275969434532198010012191092925333520", "timestamp": "1769383925025", "hash": "9996dcffc724cbc860c19dfce6442d228ce204f2", "bids": [{"price": "0.01", "size": "110"}, {"price": "0.02", "size": "500"}, {"price": "0.03", "size": "200"}, {"price": "0.04", "size": "212"}, {"price": "0.05", "size": "20"}, {"price": "0.06", "size": "39.6"}, {"price": "0.17", "size": "10"}], "asks": [{"price": "0.99", "size": "115"}, {"price": "0.98", "size": "300"}, {"price": "0.97", "size": "400"}, {"price": "0.95", "size": "137.79"}, {"price": "0.94", "size": "48.57"}], "event_type": "book", "last_trade_price": ""}]}
