{"_local_timestamp": "2026-01-25T23:33:44.929863+00:00", "data": [{"market": "0x107310e3600adc147febd288ef3359e490e8180fdb7ad2c7a73a6434946ecd6e", "asset_id": "89061021962189780929097549191051881462229141652416728083261763668905215340936", "timestamp": "1769383930520", "hash": "26cc0c9759a04af3168a93d9765ec93f4860303a", "bids": [{"price": "0.01", "size": "115"}, {"price": "0.02", "size": "500"}, {"price": "0.03", "size": "200"}, {"price": "0.04", "size": "212"}, {"price": "0.05", "size": "20"}, {"price": "0.06", "size": "55.07"}], "asks": [{"price": "0.99", "size": "110"}, {"price": "0.97", "size": "625"}, {"price": "0.96", "size": "87"}, {"price": "0.95", "size": "20"}, {"price": "0.94", "size": "43"}, {"price": "0.93", "size": "90.1"}, {"price": "0.81", "size": "10"}], "event_type": "book", "last_trade_price": ""}, {"market": "0x107310e3600adc147febd288ef3359e490e8180fdb7ad2c7a73a6434946ecd6e", "asset_id": "115387927605563258197133191234272540819963963785545335441915342623821382726106", "timestamp": "1769383930520", "hash": "0f331069000972bda84e75a380d45b94de593674", "bids": [{"price": "0.01", "size": "110"}, {"price": "0.03", "size": "625"}, {"price": "0.04", "size": "87"}, {"price": "0.05", "size": "20"}, {"price": "0.06", "size": "43"}, {"price": "0.07", "size": "90.1"}, {"price": "0.19", "size": "10"}], "asks": [{"price": "0.99", "size": "115"}, {"price": "0.98", "size": "500"}, {"price": "0.97", "size": "200"}, {"price": "0.96", "size": "212"}, {"price": "0.95", "size": "20"}, {"price": "0.94", "size": "55.07"}], "event_type": "book", "last_trade_price": ""}, {"market": "0x299922fe50141fb9c95218b266397749f25aa1709858b932ae3d99e621fc1580", "asset_id": "52003261474416994532942161315232353267205627140877269917311688860745090721320", "timestamp": "1769383935348", "hash": "36dbbc83e65bd63ef96b10e0404e99b32b454b3d", "bids": [{"price": "0.01", "size": "110"}, {"price": "0.03", "size": "625"}, {"price": "0.04", "size": "87"}, {"price": "0.05", "size": "20"}, {"price": "0.06", "size": "218"}, {"price": "0.07", "size": "39"}, {"price": "0.19", "size": "10"}], "asks": [{"price": "0.99", "size": "115"}, {"price": "0.98", "size": "625"}, {"price": "0.97", "size": "75"}, {"price": "0.95", "size": "130"}, {"price": "0.94", "size": "52.47"}], "event_type": "book", "last_trade_price": ""}, {"market": "0x299922fe50141fb9c95218b266397749f25aa1709858b932ae3d99e621fc1580", "asset_id": "70603960544465508918667304075570535995917774322369356019594213415047551539968", "timestamp": "1769383935348", "hash": "941658462f761d71c0b9eade33921c1e1e42969b", "bids": [{"price": "0.01", "size": "115"}, {"price": "0.02", "size": "625"}, {"price": "0.03", "size": "75"}, {"price": "0.05", "size": "130"}, {"price": "0.06", "size": "52.47"}], "asks": [{"price": "0.99", "size": "110"}, {"price": "0.97", "size": "625"}, {"price": "0.96", "size": "87"}, {"price": "0.95", "size": "20"}, {"price": "0.94", "size": "218"}, {"price": "0.93", "size": "39"}, {"price": "0.81", "size": "10"}], "event_type": "book", "last_trade_price": ""}, {"market": "0x57568317b617997aea1b7fae146059410ea74c9b81540c7a031e247222aa3af3", "asset_id": "74711072719474164882816616962712177176723850660073954578480888803106678647864", "timestamp": "1769383932795", "hash": "520207e375cc1a886e6326f6ffd0fe2dceb8f522", "bids": [{"price": "0.01", "size": "110"}, {"price": "0.02", "size": "25"}, {"price": "0.04", "size": "625"}, {"price": "0.05", "size": "95"}, {"price": "0.06", "size": "33"}, {"price": "0.08", "size": "59"}, {"price": "0.09", "size": "158"}, {"price": "0.9", "size": "10"}], "asks": [{"price": "0.99", "size": "945"}, {"price": "0.98", "size": "250"}, {"price": "0.97", "size": "39.6"}], "event_type": "book", "last_trade_price": ""}, {"market": "0x57568317b617997aea1b7fae146059410ea74c9b81540c7a031e247222aa3af3", "asset_id": "92589118418375179869830161423273842489822955938486939184783383208558366826082", "timestamp": "1769383932795", "hash": "4bb8176fc59238748170234b90f34c794c9f5ef6", "bids": [{"price": "0.01", "size": "945"}, {"price": "0.02", "size": "250"}, {"price": "0.03", "size": "39.6"}], "asks": [{"price": "0.99", "size": "110"}, {"price": "0.98", "size": "25"}, {"price": "0.96", "size": "625"}, {"price": "0.95", "size": "95"}, {"price": "0.94", "size": "33"}, {"price": "0.92", "size": "59"}, {"price": "0.91", "size": "158"}, {"price": "0.1", "size": "10"}], "event_type": "book", "last_trade_price": ""}]}
