{"_local_timestamp": "2026-01-25T23:41:30.018071+00:00", "data": [{"market": "0xf7322b728e64eea0c72ae8aaec4e96c77f885644ae73b3272c6947d098bec902", "asset_id": "74395937739809378334892526798089508542147876838448842624609877195136810767756", "timestamp": "1769380392711", "hash": "9422c7a11e43f41d68ca21d6e31690a44f73f8f2", "bids": [{"price": "0.01", "size": "150"}, {"price": "0.03", "size": "40"}, {"price": "0.05", "size": "100"}, {"price": "0.06", "size": "38.47"}], "asks": [{"price": "0.99", "size": "150"}, {"price": "0.95", "size": "100"}, {"price": "0.94", "size": "33"}, {"price": "0.93", "size": "199"}, {"price": "0.9", "size": "10"}, {"price": "0.89", "size": "39"}], "event_type": "book", "last_trade_price": ""}, {"market": "0xf7322b728e64eea0c72ae8aaec4e96c77f885644ae73b3272c6947d098bec902", "asset_id": "1524941203815504816729672616317695809954637847061058519573019619549233985349", "timestamp": "1769380392711", "hash": "273bd958ab6b656d9c7b4a0bb1d04ba544d0f7c4", "bids": [{"price": "0.01", "size": "150"}, {"price": "0.05", "size": "100"}, {"price": "0.06", "size": "33"}, {"price": "0.07", "size": "199"}, {"price": "0.1", "size": "10"}, {"price": "0.11", "size": "39"}], "asks": [{"price": "0.99", "size": "150"}, {"price": "0.97", "size": "40"}, {"price": "0.95", "size": "100"}, {"price": "0.94", "size": "38.47"}], "event_type": "book", "last_trade_price": ""}, {"market": "0x91e80bbaf02515130328325eb66537890f32803e0985ea72130a9a24bb56b9cc", "asset_id": "53920045191899851744275650582151843519787814604135494486147660341086259004260", "timestamp": "1769380392710", "hash": "7ef13669dd9b804e181cd3b96ebe11c7513c66b0", "bids": [{"price": "0.01", "size": "150"}, {"price": "0.03", "size": "40"}, {"price": "0.05", "size": "100"}, {"price": "0.06", "size": "38.47"}], "asks": [{"price": "0.99", "size": "150"}, {"price": "0.95", "size": "100"}, {"price": "0.94", "size": "33"}, {"price": "0.93", "size": "199"}, {"price": "0.9", "size": "10"}, {"price": "0.89", "size": "39"}], "event_type": "book", "last_trade_price": ""}, {"market": "0x91e80bbaf02515130328325eb66537890f32803e0985ea72130a9a24bb56b9cc", "asset_id": "97567965449957591397257907935832482893218428779486399711419917842201831965700", "timestamp": "1769380392710", "hash": "1674810bf9782d844db2635c1da2bc43631f96e0", "bids": [{"price": "0.01", "size": "150"}, {"price": "0.05", "size": "100"}, {"price": "0.06", "size": "33"}, {"price": "0.07", "size": "199"}, {"price": "0.1", "size": "10"}, {"price": "0.11", "size": "39"}], "asks": [{"price": "0.99", "size": "150"}, {"price": "0.97", "size": "40"}, {"price": "0.95", "size": "100"}, {"price": "0.94", "size": "38.47"}], "event_type": "book", "last_trade_price": ""}, {"market": "0x7a67c924eb6cef086b65e83e20c9e9fa996811450e2e35fc2cc5c5e03f7b025f", "asset_id": "74079685094107334906895840529912398456733935004785912617847305684044671457186", "timestamp": "1769380322965", "hash": "3e2ed2aea7d97d29d355e63159246d7830cc963a", "bids": [{"price": "0.01", "size": "150"}, {"price": "0.02", "size": "75"}, {"price": "0.03", "size": "16"}, {"price": "0.04", "size": "25"}, {"price": "0.05", "size": "70"}, {"price": "0.06", "size": "38.47"}], "asks": [{"price": "0.99", "size": "150"}, {"price": "0.98", "size": "100"}, {"price": "0.97", "size": "66"}, {"price": "0.96", "size": "25"}, {"price": "0.95", "size": "52"}, {"price": "0.94", "size": "39"}, {"price": "0.91", "size": "49"}, {"price": "0.9", "size": "79"}], "event_type": "book", "last_trade_price": ""}, {"market": "0x7a67c924eb6cef086b65e83e20c9e9fa996811450e2e35fc2cc5c5e03f7b025f", "asset_id": "3390584319658552687022975233730142678039337585494890287143951066000275472817", "timestamp": "1769380322965", "hash": "391e5626362030607ab2bd551dbce775ca2a0fc6", "bids": [{"price": "0.01", "size": "150"}, {"price": "0.02", "size": "100"}, {"price": "0.03", "size": "66"}, {"price": "0.04", "size": "25"}, {"price": "0.05", "size": "52"}, {"price": "0.06", "size": "39"}, {"price": "0.09", "size": "49"}, {"price": "0.1", "size": "79"}], "asks": [{"price": "0.99", "size": "150"}, {"price": "0.98", "size": "75"}, {"price": "0.97", "size": "16"}, {"price": "0.96", "size": "25"}, {"price": "0.95", "size": "70"}, {"price": "0.94", "size": "38.47"}], "event_type": "book", "last_trade_price": ""}]}
