{"_local_timestamp": "2026-01-25T23:33:44.924990+00:00", "data": [{"market": "0xe089fc529b8d605641e20f20e322d15ebe2e327281993d430d9fc09f0e260923", "asset_id": "1528613790419227779036099640976136635591888675420533197819418896621778851300", "timestamp": "1769383919383", "hash": "d01c6e95d77ff256c04c2cfaff86bbc4f848fc07", "bids": [{"price": "0.01", "size": "115"}, {"price": "0.02", "size": "300"}, {"price": "0.03", "size": "400"}, {"price": "0.05", "size": "130"}, {"price": "0.06", "size": "38.47"}], "asks": [{"price": "0.99", "size": "110"}, {"price": "0.98", "size": "300"}, {"price": "0.97", "size": "400"}, {"price": "0.96", "size": "12"}, {"price": "0.95", "size": "226"}, {"price": "0.94", "size": "39.6"}, {"price": "0.83", "size": "10"}], "event_type": "book", "last_trade_price": ""}, {"market": "0xaa0ce535ec46a8d22391a7dac3f350aede4a967348a239c07a881e484619bd19", "asset_id": "2830236455588159333056973464055809629036163584822534493616500912936856716459", "timestamp": "1769376471469", "hash": "b86be28a119de9c191b169f1f365dad08ce6d8de", "bids": [{"price": "0.01", "size": "110"}, {"price": "0.02", "size": "25"}, {"price": "0.05", "size": "20"}, {"price": "0.06", "size": "33"}, {"price": "0.09", "size": "79"}, {"price": "0.1", "size": "79"}, {"price": "0.9", "size": "10"}], "asks": [{"price": "0.99", "size": "245"}, {"price": "0.98", "size": "5.47"}], "event_type": "book", "last_trade_price": ""}, {"market": "0xaa0ce535ec46a8d22391a7dac3f350aede4a967348a239c07a881e484619bd19", "asset_id": "29488402695746022208474510422947882115254510484303018824337797954339891445286", "timestamp": "1769376471469", "hash": "52e3b68f2acf6443e0bbc54229bddaaa62967913", "bids": [{"price": "0.01", "size": "245"}, {"price": "0.02", "size": "5.47"}], "asks": [{"price": "0.99", "size": "110"}, {"price": "0.98", "size": "25"}, {"price": "0.95", "size": "20"}, {"price": "0.94", "size": "33"}, {"price": "0.91", "size": "79"}, {"price": "0.9", "size": "79"}, {"price": "0.1", "size": "10"}], "event_type": "book", "last_trade_price": ""}, {"market": "0xe089fc529b8d605641e20f20e322d15ebe2e327281993d430d9fc09f0e260923", "asset_id": "33660125399740246727997764901021454495448934998007098348410436767632117936167", "timestamp": "1769383919383", "hash": "eac6857d471286c97da57af215e923ead86aa3d8", "bids": [{"price": "0.01", "size": "110"}, {"price": "0.02", "size": "300"}, {"price": "0.03", "size": "400"}, {"price": "0.04", "size": "12"}, {"price": "0.05", "size": "226"}, {"price": "0.06", "size": "39.6"}, {"price": "0.17", "size": "10"}], "asks": [{"price": "0.99", "size": "115"}, {"price": "0.98", "size": "300"}, {"price": "0.97", "size": "400"}, {"price": "0.95", "size": "130"}, {"price": "0.94", "size": "38.47"}], "event_type": "book", "last_trade_price": ""}, {"market": "0xad19ec45198108f979c5f4aceb6af49a5ae10b64cc8dd5933b45260c227312e1", "asset_id": "45747174721840948209639385670138730592838594080262303197451813565623629356362", "timestamp": "1769383922849", "hash": "8d2174d42198d95db4f6d9405832bdd8b881972f", "bids": [{"price": "0.01", "size": "110"}, {"price": "0.02", "size": "300"}, {"price": "0.03", "size": "400"}, {"price": "0.04", "size": "12"}, {"price": "0.05", "size": "226"}, {"price": "0.06", "size": "39.6"}, {"price": "0.17", "size": "10"}], "asks": [{"price": "0.99", "size": "115"}, {"price": "0.98", "size": "300"}, {"price": "0.97", "size": "400"}, {"price": "0.96", "size": "12"}, {"price": "0.95", "size": "126"}, {"price": "0.94", "size": "38.47"}], "event_type": "book", "last_trade_price": ""}, {"market": "0xad19ec45198108f979c5f4aceb6af49a5ae10b64cc8dd5933b45260c227312e1", "asset_id": "30683441163858096741410418551289312553644098797234172186087586531049027834609", "timestamp": "1769383922849", "hash": "d10c0fe483c3361fc25ea73956b2829dc837f301", "bids": [{"price": "0.01", "size": "115"}, {"price": "0.02", "size": "300"}, {"price": "0.03", "size": "400"}, {"price": "0.04", "size": "12"}, {"price": "0.05", "size": "126"}, {"price": "0.06", "size": "38.47"}], "asks": [{"price": "0.99", "size": "110"}, {"price": "0.98", "size": "300"}, {"price": "0.97", "size": "400"}, {"price": "0.96", "size": "12"}, {"price": "0.95", "size": "226"}, {"price": "0.94", "size": "39.6"}, {"price": "0.83", "size": "10"}], "event_type": "book", "last_trade_price": ""}]}
