{"_local_timestamp": "2026-01-25T23:34:08.815412+00:00", "data": [{"market": "0x23d750646e131603788b50b5b26844c65193d34e5180b87bd85d2bb9058b59b2", "asset_id": "32531472086428659687448248080996356312034768044972666444498205308602903530843", "timestamp": "1769381899975", "hash": "26a48df7c84902e5bbae2f79e71ba27fb9ca2db6", "bids": [{"price": "0.01", "size": "166.61"}, {"price": "0.02", "size": "150"}, {"price": "0.03", "size": "27.79"}, {"price": "0.08", "size": "162.5"}, {"price": "0.09", "size": "136.11"}, {"price": "0.16", "size": "125"}], "asks": [{"price": "0.99", "size": "166.61"}, {"price": "0.98", "size": "150"}, {"price": "0.97", "size": "27.79"}, {"price": "0.96", "size": "5.47"}, {"price": "0.92", "size": "162.5"}, {"price": "0.91", "size": "139.11"}, {"price": "0.84", "size": "125"}], "event_type": "book", "last_trade_price": ""}, {"market": "0xbdab203fdd5439afeb93778338f49bd9c709f2642b832dc351d6687a6aa977bd", "asset_id": "105730288293327175816074568836005768806517232966576722860293211893633319778749", "timestamp": "1769381899981", "hash": "308a70bbac3878031dd6d8e49fbfee915d4666c3", "bids": [{"price": "0.01", "size": "316.61"}, {"price": "0.02", "size": "150"}, {"price": "0.03", "size": "11.65"}, {"price": "0.07", "size": "185.71"}, {"price": "0.08", "size": "74.8"}, {"price": "0.09", "size": "71"}, {"price": "0.16", "size": "125"}], "asks": [{"price": "0.99", "size": "316.61"}, {"price": "0.98", "size": "150"}, {"price": "0.97", "size": "11.65"}, {"price": "0.95", "size": "10"}, {"price": "0.94", "size": "33"}, {"price": "0.93", "size": "12.39"}, {"price": "0.92", "size": "162.5"}, {"price": "0.91", "size": "139.11"}, {"price": "0.84", "size": "125"}], "event_type": "book", "last_trade_price": ""}, {"market": "0x23d750646e131603788b50b5b26844c65193d34e5180b87bd85d2bb9058b59b2", "asset_id": "92926826278576243987637098716422505820803898425612141890863607454690915368365", "timestamp": "1769381899975", "hash": "1d12708086dac2b47b7e4f8b42c1bd788416a13c", "bids": [{"price": "0.01", "size": "166.61"}, {"price": "0.02", "size": "150"}, {"price": "0.03", "size": "27.79"}, {"price": "0.04", "size": "5.47"}, {"price": "0.08", "size": "162.5"}, {"price": "0.09", "size": "139.11"}, {"price": "0.16", "size": "125"}], "asks": [{"price": "0.99", "size": "166.61"}, {"price": "0.98", "size": "150"}, {"price": "0.97", "size": "27.79"}, {"price": "0.92", "size": "162.5"}, {"price": "0.91", "size": "136.11"}, {"price": "0.84", "size": "125"}], "event_type": "book", "last_trade_price": ""}, {"market": "0x9d36286e0b0cf99a38a08522474e2abdfcf83ed235f07c9cdcc472e32b68e84a", "asset_id": "105569903309279919703775968603621020048832935701972207494798043631503982305183", "timestamp": "1769382485551", "hash": "f52354809dfd5aa2dd327f26a389a51bd2343b27", "bids": [{"price": "0.01", "size": "550"}, {"price": "0.02", "size": "400"}], "asks": [{"price": "0.99", "size": "589.66"}, {"price": "0.98", "size": "160.56"}, {"price": "0.97", "size": "94.07"}, {"price": "0.96", "size": "5.47"}], "event_type": "book", "last_trade_price": ""}, {"market": "0x8cdf0438711dd3fd75e786e185d221c02ce1f2f16c50599773c4f454887f7f1a", "asset_id": "67105709554972029788333628242296094221059570322201133317702856470172129225330", "timestamp": "1769382534199", "hash": "0e6259af9a9b186f699466b3ec663c9f0f9527ad", "bids": [{"price": "0.01", "size": "568.34"}, {"price": "0.02", "size": "160.56"}, {"price": "0.03", "size": "91.58"}, {"price": "0.05", "size": "11.22"}], "asks": [{"price": "0.99", "size": "550"}, {"price": "0.98", "size": "385"}], "event_type": "book", "last_trade_price": ""}, {"market": "0x8cdf0438711dd3fd75e786e185d221c02ce1f2f16c50599773c4f454887f7f1a", "asset_id": "75064962328448832822769148962235039890508723769530690107322884936481182175633", "timestamp": "1769382534199", "hash": "2bec873b8d92abf5c35c9c5e650d549523a491ed", "bids": [{"price": "0.01", "size": "550"}, {"price": "0.02", "size": "385"}], "asks": [{"price": "0.99", "size": "568.34"}, {"price": "0.98", "size": "160.56"}, {"price": "0.97", "size": "91.58"}, {"price": "0.95", "size": "11.22"}], "event_type": "book", "last_trade_price": ""}, {"market": "0x9d36286e0b0cf99a38a08522474e2abdfcf83ed235f07c9cdcc472e32b68e84a", "asset_id": "84205360141188808940863486360183415825080587128321090899913296372760379511726", "timestamp": "1769382485551", "hash": "adcb14e486a23776cf2b106572f298c4755c1665", "bids": [{"price": "0.01", "size": "589.66"}, {"price": "0.02", "size": "160.56"}, {"price": "0.03", "size": "94.07"}, {"price": "0.04", "size": "5.47"}], "asks": [{"price": "0.99", "size": "550"}, {"price": "0.98", "size": "400"}], "event_type": "book", "last_trade_price": ""}, {"market": "0xbdab203fdd5439afeb93778338f49bd9c709f2642b832dc351d6687a6aa977bd", "asset_id": "85757183817849774241361690718085788306383761679274671659855811344904715160297", "timestamp": "1769381899981", "hash": "dd461c5699360c87814855994294e828862c6f7a", "bids": [{"price": "0.01", "size": "316.61"}, {"price": "0.02", "size": "150"}, {"price": "0.03", "size": "11.65"}, {"price": "0.05", "size": "10"}, {"price": "0.06", "size": "33"}, {"price": "0.07", "size": "12.39"}, {"price": "0.08", "size": "162.5"}, {"price": "0.09", "size": "139.11"}, {"price": "0.16", "size": "125"}], "asks": [{"price": "0.99", "size": "316.61"}, {"price": "0.98", "size": "150"}, {"price": "0.97", "size": "11.65"}, {"price": "0.93", "size": "185.71"}, {"price": "0.92", "size": "74.8"}, {"price": "0.91", "size": "71"}, {"price": "0.84", "size": "125"}], "event_type": "book", "last_trade_price": ""}, {"market": "0xd2f0d2e6e46e4558f1b91f95d0715599e4d475f6c21722be6c1df43f87973042", "asset_id": "96065018207087786249246536074552291013602275134885896649792003157745276699978", "timestamp": "1769382484883", "hash": "9e900866621dd42f5bb5a30832181909ac2bfbdf", "bids": [{"price": "0.01", "size": "550"}, {"price": "0.02", "size": "385"}], "asks": [{"price": "0.99", "size": "569.87"}, {"price": "0.98", "size": "156.69"}, {"price": "0.97", "size": "84.18"}, {"price": "0.95", "size": "15.11"}], "event_type": "book", "last_trade_price": ""}, {"market": "0xd2f0d2e6e46e4558f1b91f95d0715599e4d475f6c21722be6c1df43f87973042", "asset_id": "52165908614572245806716766373462656423276166725915897956867951355721273528554", "timestamp": "1769382484883", "hash": "528e359e27232632253acfb9fcf16c41c2a8175b", "bids": [{"price": "0.01", "size": "569.87"}, {"price": "0.02", "size": "156.69"}, {"price": "0.03", "size": "84.18"}, {"price": "0.05", "size": "15.11"}], "asks": [{"price": "0.99", "size": "550"}, {"price": "0.98", "size": "385"}], "event_type": "book", "last_trade_price": ""}]}
