{"_local_timestamp": "2026-01-25T23:41:15.231047+00:00", "data": [{"market": "0xbdab203fdd5439afeb93778338f49bd9c709f2642b832dc351d6687a6aa977bd", "asset_id": "85757183817849774241361690718085788306383761679274671659855811344904715160297", "timestamp": "1769381899981", "hash": "dd461c5699360c87814855994294e828862c6f7a", "bids": [{"price": "0.01", "size": "316.61"}, {"price": "0.02", "size": "150"}, {"price": "0.03", "size": "11.65"}, {"price": "0.05", "size": "10"}, {"price": "0.06", "size": "33"}, {"price": "0.07", "size": "12.39"}, {"price": "0.08", "size": "162.5"}, {"price": "0.09", "size": "139.11"}, {"price": "0.16", "size": "125"}], "asks": [{"price": "0.99", "size": "316.61"}, {"price": "0.98", "size": "150"}, {"price": "0.97", "size": "11.65"}, {"price": "0.93", "size": "185.71"}, {"price": "0.92", "size": "74.8"}, {"price": "0.91", "size": "71"}, {"price": "0.84", "size": "125"}], "event_type": "book", "last_trade_price": ""}, {"market": "0xbdab203fdd5439afeb93778338f49bd9c709f2642b832dc351d6687a6aa977bd", "asset_id": "105730288293327175816074568836005768806517232966576722860293211893633319778749", "timestamp": "1769381899981", "hash": "308a70bbac3878031dd6d8e49fbfee915d4666c3", "bids": [{"price": "0.01", "size": "316.61"}, {"price": "0.02", "size": "150"}, {"price": "0.03", "size": "11.65"}, {"price": "0.07", "size": "185.71"}, {"price": "0.08", "size": "74.8"}, {"price": "0.09", "size": "71"}, {"price": "0.16", "size": "125"}], "asks": [{"price": "0.99", "size": "316.61"}, {"price": "0.98", "size": "150"}, {"price": "0.97", "size": "11.65"}, {"price": "0.95", "size": "10"}, {"price": "0.94", "size": "33"}, {"price": "0.93", "size": "12.39"}, {"price": "0.92", "size": "162.5"}, {"price": "0.91", "size": "139.11"}, {"price": "0.84", "size": "125"}], "event_type": "book", "last_trade_price": ""}, {"market": "0x8cdf0438711dd3fd75e786e185d221c02ce1f2f16c50599773c4f454887f7f1a", "asset_id": "75064962328448832822769148962235039890508723769530690107322884936481182175633", "timestamp": "1769384287710", "hash": "d41824859c9d2504b54ce1e88c0d742431ea655c", "bids": [{"price": "0.01", "size": "550"}, {"price": "0.02", "size": "385"}], "asks": [{"price": "0.99", "size": "568.34"}, {"price": "0.98", "size": "160.56"}, {"price": "0.97", "size": "86.42"}, {"price": "0.96", "size": "16.53"}], "event_type": "book", "last_trade_price": ""}, {"market": "0xd2f0d2e6e46e4558f1b91f95d0715599e4d475f6c21722be6c1df43f87973042", "asset_id": "96065018207087786249246536074552291013602275134885896649792003157745276699978", "timestamp": "1769384287708", "hash": "0b6bf4b7c7d3857587f431d4ba702848231ca2ab", "bids": [{"price": "0.01", "size": "550"}, {"price": "0.02", "size": "385"}], "asks": [{"price": "0.99", "size": "569.87"}, {"price": "0.98", "size": "156.69"}, {"price": "0.97", "size": "84.18"}, {"price": "0.96", "size": "17.52"}], "event_type": "book", "last_trade_price": ""}, {"market": "0x9d36286e0b0cf99a38a08522474e2abdfcf83ed235f07c9cdcc472e32b68e84a", "asset_id": "105569903309279919703775968603621020048832935701972207494798043631503982305183", "timestamp": "1769384443105", "hash": "f2b7ebf8470407fa6e2ce55c7f9c13107b62404a", "bids": [{"price": "0.01", "size": "550"}, {"price": "0.02", "size": "400"}], "asks": [{"price": "0.99", "size": "572.03"}, {"price": "0.98", "size": "160.56"}, {"price": "0.97", "size": "87.63"}, {"price": "0.96", "size": "14.7"}], "event_type": "book", "last_trade_price": ""}, {"market": "0x23d750646e131603788b50b5b26844c65193d34e5180b87bd85d2bb9058b59b2", "asset_id": "32531472086428659687448248080996356312034768044972666444498205308602903530843", "timestamp": "1769384307363", "hash": "f77e881a870ba5145a68c90fdefe8bd748a5cb0c", "bids": [{"price": "0.01", "size": "166.61"}, {"price": "0.02", "size": "150"}, {"price": "0.03", "size": "27.79"}, {"price": "0.08", "size": "162.5"}, {"price": "0.09", "size": "136.11"}, {"price": "0.16", "size": "125"}], "asks": [{"price": "0.99", "size": "166.61"}, {"price": "0.98", "size": "150"}, {"price": "0.97", "size": "27.79"}, {"price": "0.96", "size": "5.47"}, {"price": "0.92", "size": "162.5"}, {"price": "0.91", "size": "139.11"}, {"price": "0.84", "size": "125"}], "event_type": "book", "last_trade_price": ""}, {"market": "0x9d36286e0b0cf99a38a08522474e2abdfcf83ed235f07c9cdcc472e32b68e84a", "asset_id": "84205360141188808940863486360183415825080587128321090899913296372760379511726", "timestamp": "1769384443105", "hash": "6a6eb0f9338c18ef6003db3d9f707b259ddad32a", "bids": [{"price": "0.01", "size": "572.03"}, {"price": "0.02", "size": "160.56"}, {"price": "0.03", "size": "87.63"}, {"price": "0.04", "size": "14.7"}], "asks": [{"price": "0.99", "size": "550"}, {"price": "0.98", "size": "400"}], "event_type": "book", "last_trade_price": ""}, {"market": "0x8cdf0438711dd3fd75e786e185d221c02ce1f2f16c50599773c4f454887f7f1a", "asset_id": "67105709554972029788333628242296094221059570322201133317702856470172129225330", "timestamp": "1769384287710", "hash": "a411960557bf821ffd05b5b43ba049ebc3be6b9e", "bids": [{"price": "0.01", "size": "568.34"}, {"price": "0.02", "size": "160.56"}, {"price": "0.03", "size": "86.42"}, {"price": "0.04", "size": "16.53"}], "asks": [{"price": "0.99", "size": "550"}, {"price": "0.98", "size": "385"}], "event_type": "book", "last_trade_price": ""}, {"market": "0xd2f0d2e6e46e4558f1b91f95d0715599e4d475f6c21722be6c1df43f87973042", "asset_id": "52165908614572245806716766373462656423276166725915897956867951355721273528554", "timestamp": "1769384287708", "hash": "170f2a8f7f854b8e9b5606d278701e5126cb163f", "bids": [{"price": "0.01", "size": "569.87"}, {"price": "0.02", "size": "156.69"}, {"price": "0.03", "size": "84.18"}, {"price": "0.04", "size": "17.52"}], "asks": [{"price": "0.99", "size": "550"}, {"price": "0.98", "size": "385"}], "event_type": "book", "last_trade_price": ""}, {"market": "0x23d750646e131603788b50b5b26844c65193d34e5180b87bd85d2bb9058b59b2", "asset_id": "92926826278576243987637098716422505820803898425612141890863607454690915368365", "timestamp": "1769384307363", "hash": "f18d1150db79dfb3c7a62f47f9f0d772f1b13ad6", "bids": [{"price": "0.01", "size": "166.61"}, {"price": "0.02", "size": "150"}, {"price": "0.03", "size": "27.79"}, {"price": "0.04", "size": "5.47"}, {"price": "0.08", "size": "162.5"}, {"price": "0.09", "size": "139.11"}, {"price": "0.16", "size": "125"}], "asks": [{"price": "0.99", "size": "166.61"}, {"price": "0.98", "size": "150"}, {"price": "0.97", "size": "27.79"}, {"price": "0.92", "size": "162.5"}, {"price": "0.91", "size": "136.11"}, {"price": "0.84", "size": "125"}], "event_type": "book", "last_trade_price": ""}]}
