{"_local_timestamp": "2026-01-25T23:40:53.995234+00:00", "data": [{"market": "0xf88b52971c693e0592d9b4f313360855d9ade3ad98cbf517a4e67f040d37bfcc", "asset_id": "96452413317099002036102131911864393971575692251778401276348062073422842276406", "timestamp": "1769383635504", "hash": "f0cc91e4a42904959fdba723bf241e7f4a9769db", "bids": [], "asks": [{"price": "0.99", "size": "100"}, {"price": "0.94", "size": "11.56"}, {"price": "0.93", "size": "5"}], "event_type": "book", "last_trade_price": "0.030"}, {"market": "0x37b1bfd2d26294c50596ce054531c00504e357d6120ca7b2311ceb6dbfe2bb72", "asset_id": "12846946901876830657625415382737890577301339439852941338057782131534557702954", "timestamp": "1769380555002", "hash": "6ac9067282e51d960526f311994f7f1047cdf380", "bids": [{"price": "0.06", "size": "6.09"}], "asks": [{"price": "0.99", "size": "5.47"}], "event_type": "book", "last_trade_price": ""}, {"market": "0xd78c34c37a88a4341ecbecafd2b5966c871c6c2d3b313c425fd229c999db265b", "asset_id": "76926508281204717156768271405773052152390001159296014505491642840149224859683", "timestamp": "1769380555005", "hash": "5442d186bc12d1ec7a46906ec0f1b0ab601f971b", "bids": [{"price": "0.06", "size": "15.36"}], "asks": [], "event_type": "book", "last_trade_price": ""}, {"market": "0x02e9fa86b322973121f61e3d21301d14bed20a58a3b4fca5fef68c93e79d9805", "asset_id": "94462509201256438581427965869494873737368385290720965624679817733394696863359", "timestamp": "1769382544005", "hash": "fb9fbaae7d081727eda0e5bafa32d4913e19b87d", "bids": [{"price": "0.06", "size": "15.36"}], "asks": [], "event_type": "book", "last_trade_price": ""}, {"market": "0x9f40dae2f9d98509995aee07e6af34b01bbce3bf2a45f0ca90b286755b4df672", "asset_id": "3116046955041405092209701498694380261911410226955782472062882330363783540573", "timestamp": "1769380555002", "hash": "b84ae6783d20cef0911cc293de6bc0ca0a39b324", "bids": [], "asks": [{"price": "0.94", "size": "18.57"}], "event_type": "book", "last_trade_price": ""}, {"market": "0xf88b52971c693e0592d9b4f313360855d9ade3ad98cbf517a4e67f040d37bfcc", "asset_id": "52593535764731653451126211555198317720460422000045288338967719522328204685259", "timestamp": "1769383635504", "hash": "d03844f089060d91cee0a9e9fa26d80bb2b8a453", "bids": [{"price": "0.01", "size": "100"}, {"price": "0.06", "size": "11.56"}, {"price": "0.07", "size": "5"}], "asks": [], "event_type": "book", "last_trade_price": "0.030"}, {"market": "0xd78c34c37a88a4341ecbecafd2b5966c871c6c2d3b313c425fd229c999db265b", "asset_id": "59310684212829388567015812834621534356313717206184715368200278108500314905889", "timestamp": "1769380555005", "hash": "c3af68d5c623a2e756e2fdf1c2ffad5f4f805342", "bids": [], "asks": [{"price": "0.94", "size": "15.36"}], "event_type": "book", "last_trade_price": ""}, {"market": "0x37b1bfd2d26294c50596ce054531c00504e357d6120ca7b2311ceb6dbfe2bb72", "asset_id": "107781757855903636443315978005227611659695245949129213736931349807668052515683", "timestamp": "1769380555002", "hash": "8ebf38c87a3d534738dc54b6ccb00b207fcafa34", "bids": [{"price": "0.01", "size": "5.47"}], "asks": [{"price": "0.94", "size": "6.09"}], "event_type": "book", "last_trade_price": ""}, {"market": "0x02e9fa86b322973121f61e3d21301d14bed20a58a3b4fca5fef68c93e79d9805", "asset_id": "105855810615397955062775380406973802351265036374580560622364092839565965427857", "timestamp": "1769382544005", "hash": "f9d9406a7553d6d30964bb85c25173d669dd1806", "bids": [], "asks": [{"price": "0.94", "size": "15.36"}], "event_type": "book", "last_trade_price": ""}, {"market": "0x9f40dae2f9d98509995aee07e6af34b01bbce3bf2a45f0ca90b286755b4df672", "asset_id": "107306100756346671264392979573995456969162925315745799323095250243702342696043", "timestamp": "1769380555002", "hash": "b2e1cd188b399f4d9cb198c469fea80c91eef807", "bids": [{"price": "0.06", "size": "18.57"}], "asks": [], "event_type": "book", "last_trade_price": ""}]}
