{"_local_timestamp": "2026-01-25T23:34:06.480867+00:00", "data": [{"market": "0x62607b3dce57fdccdaaa267fc80fea46ae9573ffcd8603a1c21f1aa68d54b9a9", "asset_id": "54043947568824932528657579948812465628564968822908479874533969479806636494818", "timestamp": "1769382708578", "hash": "4ee6d1475b3c2750a2b12e0b126630ae9684a042", "bids": [{"price": "0.01", "size": "1066.17"}, {"price": "0.02", "size": "700"}, {"price": "0.03", "size": "13.05"}, {"price": "0.05", "size": "540"}, {"price": "0.06", "size": "66"}, {"price": "0.07", "size": "7.75"}, {"price": "0.08", "size": "300"}, {"price": "0.16", "size": "5.64"}, {"price": "0.2", "size": "300"}, {"price": "0.23", "size": "200"}, {"price": "0.25", "size": "125"}, {"price": "0.26", "size": "62"}, {"price": "0.27", "size": "75"}, {"price": "0.29", "size": "37.93"}, {"price": "0.35", "size": "37.14"}, {"price": "0.41", "size": "10"}, {"price": "0.42", "size": "150"}], "asks": [{"price": "0.99", "size": "255.9"}, {"price": "0.98", "size": "12.73"}, {"price": "0.95", "size": "30"}, {"price": "0.94", "size": "11.35"}, {"price": "0.92", "size": "350"}, {"price": "0.91", "size": "200"}, {"price": "0.9", "size": "365"}, {"price": "0.89", "size": "75"}, {"price": "0.88", "size": "37"}, {"price": "0.84", "size": "6.25"}, {"price": "0.83", "size": "150"}], "event_type": "book", "last_trade_price": ""}, {"market": "0xd92978847ac2514f41344b513c83660bf50208700d2f81405fe9e03281ed089c", "asset_id": "70194233093226759175004271021584738317876282648232587692196945153369617128473", "timestamp": "1769382803579", "hash": "065d644cdc169cd96cde9e0d04902665f3922bec", "bids": [{"price": "0.01", "size": "261.35"}, {"price": "0.02", "size": "155.47"}, {"price": "0.03", "size": "13.36"}, {"price": "0.05", "size": "40"}, {"price": "0.06", "size": "66"}, {"price": "0.07", "size": "8.24"}, {"price": "0.09", "size": "300"}, {"price": "0.1", "size": "200"}, {"price": "0.11", "size": "125"}, {"price": "0.12", "size": "75"}, {"price": "0.13", "size": "84.61"}, {"price": "0.14", "size": "5.7"}, {"price": "0.15", "size": "86.66"}, {"price": "0.19", "size": "79"}, {"price": "0.2", "size": "158"}, {"price": "0.29", "size": "10"}], "asks": [{"price": "0.99", "size": "662.54"}, {"price": "0.98", "size": "686.64"}, {"price": "0.97", "size": "200"}, {"price": "0.96", "size": "32.7"}, {"price": "0.95", "size": "145"}, {"price": "0.94", "size": "52.87"}], "event_type": "book", "last_trade_price": ""}, {"market": "0xd92978847ac2514f41344b513c83660bf50208700d2f81405fe9e03281ed089c", "asset_id": "74065423530576351338644132676447026376992060692170662506529719894924890485295", "timestamp": "1769382803579", "hash": "395adeee4366320830ec9fbab6d4d2784a963592", "bids": [{"price": "0.01", "size": "662.54"}, {"price": "0.02", "size": "686.64"}, {"price": "0.03", "size": "200"}, {"price": "0.04", "size": "32.7"}, {"price": "0.05", "size": "145"}, {"price": "0.06", "size": "52.87"}], "asks": [{"price": "0.99", "size": "261.35"}, {"price": "0.98", "size": "155.47"}, {"price": "0.97", "size": "13.36"}, {"price": "0.95", "size": "40"}, {"price": "0.94", "size": "66"}, {"price": "0.93", "size": "8.24"}, {"price": "0.91", "size": "300"}, {"price": "0.9", "size": "200"}, {"price": "0.89", "size": "125"}, {"price": "0.88", "size": "75"}, {"price": "0.87", "size": "84.61"}, {"price": "0.86", "size": "5.7"}, {"price": "0.85", "size": "86.66"}, {"price": "0.81", "size": "79"}, {"price": "0.8", "size": "158"}, {"price": "0.71", "size": "10"}], "event_type": "book", "last_trade_price": ""}, {"market": "0x43427ec7891c87faa8b2f9de4f177dd833a87c3c69261451cd52707bd5194396", "asset_id": "109072332240712440529613078298279255000028953046606452313811474485478015844898", "timestamp": "1769382803579", "hash": "1d7e44d2c89e5d9e257cc9259a3b594e077dacb6", "bids": [{"price": "0.01", "size": "269.97"}, {"price": "0.02", "size": "150"}, {"price": "0.03", "size": "12.58"}, {"price": "0.05", "size": "40"}, {"price": "0.06", "size": "66"}, {"price": "0.07", "size": "7.76"}, {"price": "0.09", "size": "300"}, {"price": "0.11", "size": "200"}, {"price": "0.12", "size": "200"}, {"price": "0.13", "size": "84.61"}, {"price": "0.14", "size": "6.28"}, {"price": "0.17", "size": "52"}, {"price": "0.19", "size": "68.42"}, {"price": "0.2", "size": "158"}, {"price": "0.32", "size": "10"}], "asks": [{"price": "0.99", "size": "662.54"}, {"price": "0.98", "size": "686.64"}, {"price": "0.97", "size": "200"}, {"price": "0.96", "size": "32.7"}, {"price": "0.95", "size": "145"}, {"price": "0.94", "size": "47.52"}], "event_type": "book", "last_trade_price": ""}, {"market": "0x43427ec7891c87faa8b2f9de4f177dd833a87c3c69261451cd52707bd5194396", "asset_id": "16702795520885900085671475501195344595581003768374070214925685597051357031733", "timestamp": "1769382803579", "hash": "3460e89a9bbdc36c81ca84bfe72301d7c9e669f8", "bids": [{"price": "0.01", "size": "662.54"}, {"price": "0.02", "size": "686.64"}, {"price": "0.03", "size": "200"}, {"price": "0.04", "size": "32.7"}, {"price": "0.05", "size": "145"}, {"price": "0.06", "size": "47.52"}], "asks": [{"price": "0.99", "size": "269.97"}, {"price": "0.98", "size": "150"}, {"price": "0.97", "size": "12.58"}, {"price": "0.95", "size": "40"}, {"price": "0.94", "size": "66"}, {"price": "0.93", "size": "7.76"}, {"price": "0.91", "size": "300"}, {"price": "0.89", "size": "200"}, {"price": "0.88", "size": "200"}, {"price": "0.87", "size": "84.61"}, {"price": "0.86", "size": "6.28"}, {"price": "0.83", "size": "52"}, {"price": "0.81", "size": "68.42"}, {"price": "0.8", "size": "158"}, {"price": "0.68", "size": "10"}], "event_type": "book", "last_trade_price": ""}, {"market": "0x62607b3dce57fdccdaaa267fc80fea46ae9573ffcd8603a1c21f1aa68d54b9a9", "asset_id": "22523900568827620857974054133400073166045292182760693034045572574843568126763", "timestamp": "1769382708578", "hash": "fba0edf522b8e0c677c5ce27cc6b135d6c44a23e", "bids": [{"price": "0.01", "size": "255.9"}, {"price": "0.02", "size": "12.73"}, {"price": "0.05", "size": "30"}, {"price": "0.06", "size": "11.35"}, {"price": "0.08", "size": "350"}, {"price": "0.09", "size": "200"}, {"price": "0.1", "size": "365"}, {"price": "0.11", "size": "75"}, {"price": "0.12", "size": "37"}, {"price": "0.16", "size": "6.25"}, {"price": "0.17", "size": "150"}], "asks": [{"price": "0.99", "size": "1066.17"}, {"price": "0.98", "size": "700"}, {"price": "0.97", "size": "13.05"}, {"price": "0.95", "size": "540"}, {"price": "0.94", "size": "66"}, {"price": "0.93", "size": "7.75"}, {"price": "0.92", "size": "300"}, {"price": "0.84", "size": "5.64"}, {"price": "0.8", "size": "300"}, {"price": "0.77", "size": "200"}, {"price": "0.75", "size": "125"}, {"price": "0.74", "size": "62"}, {"price": "0.73", "size": "75"}, {"price": "0.71", "size": "37.93"}, {"price": "0.65", "size": "37.14"}, {"price": "0.59", "size": "10"}, {"price": "0.58", "size": "150"}], "event_type": "book", "last_trade_price": ""}]}
{"_local_timestamp": "2026-01-25T23:34:46.131859+00:00", "data": {"market": "0x62607b3dce57fdccdaaa267fc80fea46ae9573ffcd8603a1c21f1aa68d54b9a9", "price_changes": [{"asset_id": "54043947568824932528657579948812465628564968822908479874533969479806636494818", "price": "0.07", "size": "0", "side": "BUY", "hash": "dd63ad359f00e6aa5f0178699036218daab49f50", "best_bid": "0.42", "best_ask": "0.83"}, {"asset_id": "22523900568827620857974054133400073166045292182760693034045572574843568126763", "price": "0.93", "size": "0", "side": "SELL", "hash": "94b2b895ed6feb26a88169fbaeb19453728faf63", "best_bid": "0.17", "best_ask": "0.58"}], "timestamp": "1769384086056", "event_type": "price_change"}}
{"_local_timestamp": "2026-01-25T23:34:46.132764+00:00", "data": {"market": "0x62607b3dce57fdccdaaa267fc80fea46ae9573ffcd8603a1c21f1aa68d54b9a9", "price_changes": [{"asset_id": "54043947568824932528657579948812465628564968822908479874533969479806636494818", "price": "0.16", "size": "0", "side": "BUY", "hash": "dd63ad359f00e6aa5f0178699036218daab49f50", "best_bid": "0.42", "best_ask": "0.83"}, {"asset_id": "22523900568827620857974054133400073166045292182760693034045572574843568126763", "price": "0.84", "size": "0", "side": "SELL", "hash": "94b2b895ed6feb26a88169fbaeb19453728faf63", "best_bid": "0.17", "best_ask": "0.58"}], "timestamp": "1769384086056", "event_type": "price_change"}}
{"_local_timestamp": "2026-01-25T23:34:48.816586+00:00", "data": {"market": "0x62607b3dce57fdccdaaa267fc80fea46ae9573ffcd8603a1c21f1aa68d54b9a9", "price_changes": [{"asset_id": "54043947568824932528657579948812465628564968822908479874533969479806636494818", "price": "0.09", "size": "16.07", "side": "BUY", "hash": "43069a7652fbeffaac824733f8941687ead75fe1", "best_bid": "0.42", "best_ask": "0.83"}, {"asset_id": "22523900568827620857974054133400073166045292182760693034045572574843568126763", "price": "0.91", "size": "16.07", "side": "SELL", "hash": "e5b37179d5f23241c1c0b702834043e07a199662", "best_bid": "0.17", "best_ask": "0.58"}], "timestamp": "1769384088748", "event_type": "price_change"}}
