{"_local_timestamp": "2026-01-25T23:33:45.213643+00:00", "data": [{"market": "0x12fabf3bb6f7354ebd2164376083e981b194f95899e047af6738ab07a0ae797e", "asset_id": "24045130420488544764649325533181789316177621021920260605381180642477256058912", "timestamp": "1769383628073", "hash": "866c36612a7d33597c662d1610fe6c1b5f33d55f", "bids": [], "asks": [{"price": "0.99", "size": "63.27"}, {"price": "0.95", "size": "20"}, {"price": "0.94", "size": "39.6"}, {"price": "0.92", "size": "17.09"}, {"price": "0.91", "size": "25"}, {"price": "0.68", "size": "8.23"}, {"price": "0.67", "size": "5.47"}], "event_type": "book", "last_trade_price": "0.010"}, {"market": "0x5cc230b8feac7604ad8b79375549bfb45b20c294846f65d2610853b933f1d909", "asset_id": "98395249292505548909115326151603239609848900975303106118198619883211540675102", "timestamp": "1769383951966", "hash": "d059c974491c3d8f647b349c594a45d962bb94d5", "bids": [{"price": "0.01", "size": "81.99"}, {"price": "0.04", "size": "18.35"}, {"price": "0.05", "size": "20"}, {"price": "0.06", "size": "33"}, {"price": "0.07", "size": "25.37"}], "asks": [{"price": "0.95", "size": "20"}, {"price": "0.94", "size": "45.3"}, {"price": "0.93", "size": "29.56"}], "event_type": "book", "last_trade_price": ""}, {"market": "0x10394135af83a2ff29ffc7daac5970a802c9245e0968e1f15120820f98cd4a66", "asset_id": "41019952027346383679502632537274021963949257104094071690819542648132930968556", "timestamp": "1769383952596", "hash": "0515673b1126554b088c08d4b44ae444bc742903", "bids": [], "asks": [{"price": "0.99", "size": "140.66"}, {"price": "0.95", "size": "60"}, {"price": "0.94", "size": "33"}, {"price": "0.93", "size": "40.93"}, {"price": "0.92", "size": "5.47"}], "event_type": "book", "last_trade_price": "0.060"}, {"market": "0x12fabf3bb6f7354ebd2164376083e981b194f95899e047af6738ab07a0ae797e", "asset_id": "105918838513119744841448959552215645530171327282280614087934856594300799509089", "timestamp": "1769383628073", "hash": "dc8416d24e16a163be21a5a5695717be0f5fb367", "bids": [{"price": "0.01", "size": "63.27"}, {"price": "0.05", "size": "20"}, {"price": "0.06", "size": "39.6"}, {"price": "0.08", "size": "17.09"}, {"price": "0.09", "size": "25"}, {"price": "0.32", "size": "8.23"}, {"price": "0.33", "size": "5.47"}], "asks": [], "event_type": "book", "last_trade_price": "0.010"}, {"market": "0x5cc230b8feac7604ad8b79375549bfb45b20c294846f65d2610853b933f1d909", "asset_id": "99517970051503422091182336475579664100843456399136066256257553016218438624586", "timestamp": "1769383951966", "hash": "44e12a15341298553ad11dcb09a80037330088b5", "bids": [{"price": "0.05", "size": "20"}, {"price": "0.06", "size": "45.3"}, {"price": "0.07", "size": "29.56"}], "asks": [{"price": "0.99", "size": "81.99"}, {"price": "0.96", "size": "18.35"}, {"price": "0.95", "size": "20"}, {"price": "0.94", "size": "33"}, {"price": "0.93", "size": "25.37"}], "event_type": "book", "last_trade_price": ""}, {"market": "0x10394135af83a2ff29ffc7daac5970a802c9245e0968e1f15120820f98cd4a66", "asset_id": "53113516937492226237393767578220323194302452741306738618678479136673283239092", "timestamp": "1769383952596", "hash": "40190613985c385e065a47cd1b7e46fada88ad6c", "bids": [{"price": "0.01", "size": "140.66"}, {"price": "0.05", "size": "60"}, {"price": "0.06", "size": "33"}, {"price": "0.07", "size": "40.93"}, {"price": "0.08", "size": "5.47"}], "asks": [], "event_type": "book", "last_trade_price": "0.060"}]}
