{"_local_timestamp": "2026-01-25T23:34:03.963298+00:00", "data": [{"market": "0x1fbbe64f312c6b77b882be4701b122c66e36245c79565b6fac7a675c6e2d58c1", "asset_id": "79231516569015341385284101184494051643180299085166901082003060981787679200829", "timestamp": "1769382487345", "hash": "36d7ce1494d195babd754f6ea4e0f4615f8819f6", "bids": [{"price": "0.01", "size": "564.79"}, {"price": "0.02", "size": "159.39"}, {"price": "0.03", "size": "205.62"}, {"price": "0.05", "size": "11.78"}], "asks": [{"price": "0.99", "size": "550"}, {"price": "0.98", "size": "375"}], "event_type": "book", "last_trade_price": ""}, {"market": "0x60136f5bd02973509fc74d01eecd5f15d3ee45c6f2f1b4f5eb516aeeb1652fb7", "asset_id": "37675511110618495538808191872278484407549183915821956465210422577473953885756", "timestamp": "1769382804698", "hash": "8ca59ac66ce8fd4fef0e6d71bd3395eb65f63f66", "bids": [{"price": "0.01", "size": "568.86"}, {"price": "0.02", "size": "158.94"}, {"price": "0.03", "size": "203.07"}, {"price": "0.05", "size": "6.01"}, {"price": "0.06", "size": "5.47"}], "asks": [{"price": "0.99", "size": "550"}, {"price": "0.98", "size": "375"}], "event_type": "book", "last_trade_price": ""}, {"market": "0x016d9dc000b274ef2b030c4de4557763a36d740f6120158d58bb0188f450eeaf", "asset_id": "104420711436327972803285394750981589887151346417672500290799281317130821160439", "timestamp": "1769382792405", "hash": "23e3296918773c972a9a0bc9202acf960f7cd7e3", "bids": [{"price": "0.01", "size": "663.45"}, {"price": "0.02", "size": "212.49"}, {"price": "0.03", "size": "66"}, {"price": "0.04", "size": "30.65"}, {"price": "0.05", "size": "40"}, {"price": "0.06", "size": "26.49"}, {"price": "0.07", "size": "291.18"}, {"price": "0.08", "size": "12.5"}], "asks": [{"price": "0.99", "size": "763.45"}, {"price": "0.98", "size": "306.4"}, {"price": "0.97", "size": "73.92"}, {"price": "0.96", "size": "33"}, {"price": "0.95", "size": "9.99"}, {"price": "0.93", "size": "285.71"}, {"price": "0.92", "size": "10.6"}], "event_type": "book", "last_trade_price": ""}, {"market": "0x016d9dc000b274ef2b030c4de4557763a36d740f6120158d58bb0188f450eeaf", "asset_id": "24481358126957902736538440282977227971673633288271253296981997113186285881165", "timestamp": "1769382792405", "hash": "009c17d7e7d0e8c0df575be77c3cdc72dddfb2dd", "bids": [{"price": "0.01", "size": "763.45"}, {"price": "0.02", "size": "306.4"}, {"price": "0.03", "size": "73.92"}, {"price": "0.04", "size": "33"}, {"price": "0.05", "size": "9.99"}, {"price": "0.07", "size": "285.71"}, {"price": "0.08", "size": "10.6"}], "asks": [{"price": "0.99", "size": "663.45"}, {"price": "0.98", "size": "212.49"}, {"price": "0.97", "size": "66"}, {"price": "0.96", "size": "30.65"}, {"price": "0.95", "size": "40"}, {"price": "0.94", "size": "26.49"}, {"price": "0.93", "size": "291.18"}, {"price": "0.92", "size": "12.5"}], "event_type": "book", "last_trade_price": ""}, {"market": "0x36d626cdece3761f98374c21deed3e2683dbb4e23f22b178923d3b874816bb29", "asset_id": "50555705685200254105238848198844073197907724175207433868036191648027607334331", "timestamp": "1769382493504", "hash": "aaa84493e585d993b5f476630d8c22ab73ddce9f", "bids": [{"price": "0.01", "size": "564.79"}, {"price": "0.02", "size": "157.03"}, {"price": "0.03", "size": "8.7"}, {"price": "0.04", "size": "95"}, {"price": "0.05", "size": "9"}, {"price": "0.06", "size": "5.47"}], "asks": [{"price": "0.99", "size": "550"}, {"price": "0.98", "size": "375"}], "event_type": "book", "last_trade_price": ""}, {"market": "0x76117cc672555979f8c11558b6d2aa6df8f18499bf3798516d5f057b0a5a9fdf", "asset_id": "78568402366052646963306061259384120520961438637259328786037813495878903247327", "timestamp": "1769382484902", "hash": "b2574076af0d3ad39ea8c6b9541d7d46a9baa7e2", "bids": [{"price": "0.01", "size": "550"}, {"price": "0.02", "size": "375"}], "asks": [{"price": "0.99", "size": "569.87"}, {"price": "0.98", "size": "156.69"}, {"price": "0.97", "size": "198.68"}, {"price": "0.95", "size": "11.81"}], "event_type": "book", "last_trade_price": ""}, {"market": "0x1fbbe64f312c6b77b882be4701b122c66e36245c79565b6fac7a675c6e2d58c1", "asset_id": "76004140849157025039455867916883731567083382030464255477898519915675221573615", "timestamp": "1769382487345", "hash": "b88b6d129addf5a414b2e584c3dca6e1b41b92ee", "bids": [{"price": "0.01", "size": "550"}, {"price": "0.02", "size": "375"}], "asks": [{"price": "0.99", "size": "564.79"}, {"price": "0.98", "size": "159.39"}, {"price": "0.97", "size": "205.62"}, {"price": "0.95", "size": "11.78"}], "event_type": "book", "last_trade_price": ""}, {"market": "0x60136f5bd02973509fc74d01eecd5f15d3ee45c6f2f1b4f5eb516aeeb1652fb7", "asset_id": "71838391515472952595686607543679287864537898683858996186341775122361241526701", "timestamp": "1769382804698", "hash": "629365cfa8bbe11afbb52366ef4ed3fca4bf5cfb", "bids": [{"price": "0.01", "size": "550"}, {"price": "0.02", "size": "375"}], "asks": [{"price": "0.99", "size": "568.86"}, {"price": "0.98", "size": "158.94"}, {"price": "0.97", "size": "203.07"}, {"price": "0.95", "size": "6.01"}, {"price": "0.94", "size": "5.47"}], "event_type": "book", "last_trade_price": ""}, {"market": "0x76117cc672555979f8c11558b6d2aa6df8f18499bf3798516d5f057b0a5a9fdf", "asset_id": "87650948437936821398554322204495580578624373592807047985971145822280007876510", "timestamp": "1769382484902", "hash": "424607b7da653c4a96ad47455f8e3d8399f4c86a", "bids": [{"price": "0.01", "size": "569.87"}, {"price": "0.02", "size": "156.69"}, {"price": "0.03", "size": "198.68"}, {"price": "0.05", "size": "11.81"}], "asks": [{"price": "0.99", "size": "550"}, {"price": "0.98", "size": "375"}], "event_type": "book", "last_trade_price": ""}, {"market": "0x36d626cdece3761f98374c21deed3e2683dbb4e23f22b178923d3b874816bb29", "asset_id": "82722910261818700304239957601128381379019372445080734471979149263185935422456", "timestamp": "1769382493504", "hash": "a1e00b144e1acb0dcbef2500b8071a0aa66718b8", "bids": [{"price": "0.01", "size": "550"}, {"price": "0.02", "size": "375"}], "asks": [{"price": "0.99", "size": "564.79"}, {"price": "0.98", "size": "157.03"}, {"price": "0.97", "size": "8.7"}, {"price": "0.96", "size": "95"}, {"price": "0.95", "size": "9"}, {"price": "0.94", "size": "5.47"}], "event_type": "book", "last_trade_price": ""}]}
