{"_local_timestamp": "2026-01-25T23:34:08.363626+00:00", "data": [{"market": "0x7fabfa58d41cba5f7dbd11530f603d31140600aa01553ec423191aef29a32774", "asset_id": "46039979474076690284444806495015437552385787800706577865234250243888771228844", "timestamp": "1769382484881", "hash": "25ecf964304255617ce91a0884b4200df37e6041", "bids": [{"price": "0.01", "size": "550"}, {"price": "0.02", "size": "301"}], "asks": [{"price": "0.99", "size": "569.87"}, {"price": "0.98", "size": "156.69"}, {"price": "0.97", "size": "158.18"}, {"price": "0.95", "size": "15.11"}], "event_type": "book", "last_trade_price": ""}, {"market": "0xd8183d2135c83ab8393bcff89270115da7b1b1c8f5af27795f77bdd4888d3065", "asset_id": "93793535654144697363081952465954166516731559150448845792282232785351784067791", "timestamp": "1769382540675", "hash": "04e93fc9599c67454c63dd33e848faf5d8447cda", "bids": [{"price": "0.01", "size": "362.39"}, {"price": "0.02", "size": "430.61"}, {"price": "0.03", "size": "10.88"}, {"price": "0.06", "size": "12.76"}, {"price": "0.08", "size": "19"}, {"price": "0.09", "size": "233.32"}], "asks": [{"price": "0.99", "size": "166.61"}, {"price": "0.98", "size": "150"}, {"price": "0.97", "size": "11.65"}, {"price": "0.95", "size": "260"}, {"price": "0.94", "size": "91.66"}, {"price": "0.93", "size": "6.92"}, {"price": "0.92", "size": "125"}, {"price": "0.84", "size": "125"}], "event_type": "book", "last_trade_price": ""}, {"market": "0x220846b797ec2636ef4bbe3953df8e5bab3f784a4de228e0ba9cb51ce1aa6328", "asset_id": "56863805020190064973566916825017516952626480688569698679840125124940197904656", "timestamp": "1769383079938", "hash": "b17ea60270b76f7b2eb6b61182b6bf1da7be449b", "bids": [{"price": "0.01", "size": "351.55"}, {"price": "0.02", "size": "150"}, {"price": "0.03", "size": "16.15"}, {"price": "0.04", "size": "5.47"}, {"price": "0.08", "size": "162.5"}, {"price": "0.09", "size": "61.11"}, {"price": "0.11", "size": "85"}, {"price": "0.16", "size": "125"}], "asks": [{"price": "0.99", "size": "316.63"}, {"price": "0.98", "size": "150"}, {"price": "0.97", "size": "7.34"}, {"price": "0.96", "size": "325"}, {"price": "0.95", "size": "110"}, {"price": "0.94", "size": "10.22"}, {"price": "0.9", "size": "107"}, {"price": "0.84", "size": "125"}], "event_type": "book", "last_trade_price": ""}, {"market": "0x220846b797ec2636ef4bbe3953df8e5bab3f784a4de228e0ba9cb51ce1aa6328", "asset_id": "24924696689925730278089405887359917917989133755424969079951834931402861685646", "timestamp": "1769383079938", "hash": "cf5f74c82cbe9aafcf73ff07f8a99f649f6ac3a5", "bids": [{"price": "0.01", "size": "316.63"}, {"price": "0.02", "size": "150"}, {"price": "0.03", "size": "7.34"}, {"price": "0.04", "size": "325"}, {"price": "0.05", "size": "110"}, {"price": "0.06", "size": "10.22"}, {"price": "0.1", "size": "107"}, {"price": "0.16", "size": "125"}], "asks": [{"price": "0.99", "size": "351.55"}, {"price": "0.98", "size": "150"}, {"price": "0.97", "size": "16.15"}, {"price": "0.96", "size": "5.47"}, {"price": "0.92", "size": "162.5"}, {"price": "0.91", "size": "61.11"}, {"price": "0.89", "size": "85"}, {"price": "0.84", "size": "125"}], "event_type": "book", "last_trade_price": ""}, {"market": "0xe6bf26a44d67fd696fdcf4ae72fc1a39a30a859cde6630315a77468f5b706e53", "asset_id": "105015859264495149925594176964140888048721470016010595867832407439148576246567", "timestamp": "1769382483683", "hash": "503184f4505846a7c6a15ee5de8fc61cd0c7db3e", "bids": [{"price": "0.01", "size": "550"}, {"price": "0.02", "size": "301"}], "asks": [{"price": "0.99", "size": "569.87"}, {"price": "0.98", "size": "156.69"}, {"price": "0.97", "size": "163.68"}, {"price": "0.95", "size": "11.81"}], "event_type": "book", "last_trade_price": ""}, {"market": "0xe6bf26a44d67fd696fdcf4ae72fc1a39a30a859cde6630315a77468f5b706e53", "asset_id": "45030999521223456610036684535148169661654125238724504209261935542349427063782", "timestamp": "1769382483683", "hash": "1a91f1ebeab47156084ca69edbdcbfb11ed48533", "bids": [{"price": "0.01", "size": "569.87"}, {"price": "0.02", "size": "156.69"}, {"price": "0.03", "size": "163.68"}, {"price": "0.05", "size": "11.81"}], "asks": [{"price": "0.99", "size": "550"}, {"price": "0.98", "size": "301"}], "event_type": "book", "last_trade_price": ""}, {"market": "0x7fabfa58d41cba5f7dbd11530f603d31140600aa01553ec423191aef29a32774", "asset_id": "49853876090561130393872533089404304345655825464566922534753073434269267740526", "timestamp": "1769382484881", "hash": "fecbdf249e71b9de4132721bc56bdb2445d8eb18", "bids": [{"price": "0.01", "size": "569.87"}, {"price": "0.02", "size": "156.69"}, {"price": "0.03", "size": "158.18"}, {"price": "0.05", "size": "15.11"}], "asks": [{"price": "0.99", "size": "550"}, {"price": "0.98", "size": "301"}], "event_type": "book", "last_trade_price": ""}, {"market": "0x949c668c45b0302109ded591187beaa1dd5f2e846abebb9c3ccdaeb14c0f166b", "asset_id": "54743044844736011109721307970971473323276053050700364770473206761551380590612", "timestamp": "1769382493505", "hash": "6caa231c288e377441a65afb35a27f5d094aa5f3", "bids": [{"price": "0.01", "size": "568.59"}, {"price": "0.02", "size": "156.69"}, {"price": "0.03", "size": "164.1"}, {"price": "0.05", "size": "6.34"}, {"price": "0.06", "size": "5.47"}], "asks": [{"price": "0.99", "size": "550"}, {"price": "0.98", "size": "301"}], "event_type": "book", "last_trade_price": ""}, {"market": "0x949c668c45b0302109ded591187beaa1dd5f2e846abebb9c3ccdaeb14c0f166b", "asset_id": "78065418927810735089392021333141523507949492289694746415260778092740511475384", "timestamp": "1769382493505", "hash": "8206ddad4fbb84b105411bc7a7a553b166897e3b", "bids": [{"price": "0.01", "size": "550"}, {"price": "0.02", "size": "301"}], "asks": [{"price": "0.99", "size": "568.59"}, {"price": "0.98", "size": "156.69"}, {"price": "0.97", "size": "164.1"}, {"price": "0.95", "size": "6.34"}, {"price": "0.94", "size": "5.47"}], "event_type": "book", "last_trade_price": ""}, {"market": "0xd8183d2135c83ab8393bcff89270115da7b1b1c8f5af27795f77bdd4888d3065", "asset_id": "30430646453181441673852380308446799071500713273407289093805517441305542339188", "timestamp": "1769382540675", "hash": "15025ddac37251490f2ef99697545c79d98c8d17", "bids": [{"price": "0.01", "size": "166.61"}, {"price": "0.02", "size": "150"}, {"price": "0.03", "size": "11.65"}, {"price": "0.05", "size": "260"}, {"price": "0.06", "size": "91.66"}, {"price": "0.07", "size": "6.92"}, {"price": "0.08", "size": "125"}, {"price": "0.16", "size": "125"}], "asks": [{"price": "0.99", "size": "362.39"}, {"price": "0.98", "size": "430.61"}, {"price": "0.97", "size": "10.88"}, {"price": "0.94", "size": "12.76"}, {"price": "0.92", "size": "19"}, {"price": "0.91", "size": "233.32"}], "event_type": "book", "last_trade_price": ""}]}
