{"_local_timestamp": "2026-01-25T23:40:30.015076+00:00", "data": [{"market": "0x139ba0e7f931f09466c0fb27fc8ddb5e77ce9d1e2bdc953a5f22765bf779452f", "asset_id": "17398942423057686582491252867921221591924525918102079345877032638913486446065", "timestamp": "1769384403845", "hash": "a27fc06f224c4ad139b46e3886d1f4c723e3776d", "bids": [{"price": "0.01", "size": "7509.76"}, {"price": "0.02", "size": "2800"}, {"price": "0.03", "size": "8"}, {"price": "0.05", "size": "330"}, {"price": "0.08", "size": "450"}, {"price": "0.09", "size": "4232"}, {"price": "0.1", "size": "6.62"}, {"price": "0.13", "size": "261.53"}, {"price": "0.14", "size": "84"}, {"price": "0.15", "size": "550"}, {"price": "0.17", "size": "188.23"}, {"price": "0.19", "size": "1292"}, {"price": "0.21", "size": "383.33"}, {"price": "0.23", "size": "55"}, {"price": "0.24", "size": "1748"}, {"price": "0.25", "size": "108.9"}, {"price": "0.29", "size": "182.75"}, {"price": "0.3", "size": "46"}, {"price": "0.34", "size": "183.82"}, {"price": "0.35", "size": "5"}, {"price": "0.7", "size": "5"}, {"price": "0.73", "size": "22.8"}, {"price": "0.74", "size": "14.86"}, {"price": "0.76", "size": "5"}, {"price": "0.77", "size": "7.5"}, {"price": "0.79", "size": "5"}, {"price": "0.8", "size": "143.7"}, {"price": "0.81", "size": "502.13"}, {"price": "0.82", "size": "240.09"}], "asks": [{"price": "0.99", "size": "50"}, {"price": "0.98", "size": "9.46"}, {"price": "0.97", "size": "250"}, {"price": "0.96", "size": "10.34"}, {"price": "0.94", "size": "6"}, {"price": "0.93", "size": "5.66"}, {"price": "0.92", "size": "799.71"}, {"price": "0.91", "size": "927.01"}, {"price": "0.9", "size": "240"}, {"price": "0.89", "size": "364"}, {"price": "0.88", "size": "200"}, {"price": "0.87", "size": "154"}, {"price": "0.86", "size": "563.99"}, {"price": "0.85", "size": "1247"}, {"price": "0.84", "size": "396.82"}], "event_type": "book", "last_trade_price": "0.160"}, {"market": "0x68e2344a2ce725ca99f3b93df06f27a71f3a893a38e8a6a78f8d85bd2698eb20", "asset_id": "44488146241641686838477630423381146915926290111161217223359635890474557300976", "timestamp": "1769384404296", "hash": "41b83286ed53de269f9380b134364152e139e1bc", "bids": [{"price": "0.01", "size": "55.57"}, {"price": "0.02", "size": "9.95"}, {"price": "0.03", "size": "433.33"}, {"price": "0.04", "size": "306.59"}, {"price": "0.05", "size": "240"}, {"price": "0.06", "size": "100"}, {"price": "0.07", "size": "251.87"}, {"price": "0.1", "size": "101"}, {"price": "0.11", "size": "9.09"}], "asks": [{"price": "0.99", "size": "7609.74"}, {"price": "0.98", "size": "2800"}, {"price": "0.97", "size": "10.18"}, {"price": "0.96", "size": "12"}, {"price": "0.95", "size": "320"}, {"price": "0.92", "size": "1350"}, {"price": "0.9", "size": "101"}, {"price": "0.89", "size": "5.42"}, {"price": "0.88", "size": "283.33"}, {"price": "0.87", "size": "550"}, {"price": "0.84", "size": "200"}, {"price": "0.83", "size": "1190"}, {"price": "0.82", "size": "2532"}, {"price": "0.81", "size": "147.36"}, {"price": "0.8", "size": "5"}, {"price": "0.77", "size": "113.04"}, {"price": "0.76", "size": "300"}, {"price": "0.75", "size": "5"}, {"price": "0.73", "size": "188.88"}, {"price": "0.7", "size": "5"}, {"price": "0.69", "size": "64.51"}, {"price": "0.68", "size": "69"}, {"price": "0.66", "size": "125"}, {"price": "0.65", "size": "5"}, {"price": "0.42", "size": "22.41"}, {"price": "0.41", "size": "28.64"}, {"price": "0.27", "size": "200"}, {"price": "0.26", "size": "178.89"}], "event_type": "book", "last_trade_price": ""}, {"market": "0x68e2344a2ce725ca99f3b93df06f27a71f3a893a38e8a6a78f8d85bd2698eb20", "asset_id": "55066760863682681011750966950739411296364830422172387835703592639644113734177", "timestamp": "1769384404296", "hash": "66c25b69236dbaae2c2a2b101260280b2fc54dde", "bids": [{"price": "0.01", "size": "7609.74"}, {"price": "0.02", "size": "2800"}, {"price": "0.03", "size": "10.18"}, {"price": "0.04", "size": "12"}, {"price": "0.05", "size": "320"}, {"price": "0.08", "size": "1350"}, {"price": "0.1", "size": "101"}, {"price": "0.11", "size": "5.42"}, {"price": "0.12", "size": "283.33"}, {"price": "0.13", "size": "550"}, {"price": "0.16", "size": "200"}, {"price": "0.17", "size": "1190"}, {"price": "0.18", "size": "2532"}, {"price": "0.19", "size": "147.36"}, {"price": "0.2", "size": "5"}, {"price": "0.23", "size": "113.04"}, {"price": "0.24", "size": "300"}, {"price": "0.25", "size": "5"}, {"price": "0.27", "size": "188.88"}, {"price": "0.3", "size": "5"}, {"price": "0.31", "size": "64.51"}, {"price": "0.32", "size": "69"}, {"price": "0.34", "size": "125"}, {"price": "0.35", "size": "5"}, {"price": "0.58", "size": "22.41"}, {"price": "0.59", "size": "28.64"}, {"price": "0.73", "size": "200"}, {"price": "0.74", "size": "178.89"}], "asks": [{"price": "0.99", "size": "55.57"}, {"price": "0.98", "size": "9.95"}, {"price": "0.97", "size": "433.33"}, {"price": "0.96", "size": "306.59"}, {"price": "0.95", "size": "240"}, {"price": "0.94", "size": "100"}, {"price": "0.93", "size": "251.87"}, {"price": "0.9", "size": "101"}, {"price": "0.89", "size": "9.09"}], "event_type": "book", "last_trade_price": ""}, {"market": "0x139ba0e7f931f09466c0fb27fc8ddb5e77ce9d1e2bdc953a5f22765bf779452f", "asset_id": "43377185540092441472523885859099478235201860627294255832516299903130560463298", "timestamp": "1769384403845", "hash": "0cc51fc6ecfe995a24d5aea5966489e5a92d97b3", "bids": [{"price": "0.01", "size": "50"}, {"price": "0.02", "size": "9.46"}, {"price": "0.03", "size": "250"}, {"price": "0.04", "size": "10.34"}, {"price": "0.06", "size": "6"}, {"price": "0.07", "size": "5.66"}, {"price": "0.08", "size": "799.71"}, {"price": "0.09", "size": "927.01"}, {"price": "0.1", "size": "240"}, {"price": "0.11", "size": "364"}, {"price": "0.12", "size": "200"}, {"price": "0.13", "size": "154"}, {"price": "0.14", "size": "563.99"}, {"price": "0.15", "size": "1247"}, {"price": "0.16", "size": "396.82"}], "asks": [{"price": "0.99", "size": "7509.76"}, {"price": "0.98", "size": "2800"}, {"price": "0.97", "size": "8"}, {"price": "0.95", "size": "330"}, {"price": "0.92", "size": "450"}, {"price": "0.91", "size": "4232"}, {"price": "0.9", "size": "6.62"}, {"price": "0.87", "size": "261.53"}, {"price": "0.86", "size": "84"}, {"price": "0.85", "size": "550"}, {"price": "0.83", "size": "188.23"}, {"price": "0.81", "size": "1292"}, {"price": "0.79", "size": "383.33"}, {"price": "0.77", "size": "55"}, {"price": "0.76", "size": "1748"}, {"price": "0.75", "size": "108.9"}, {"price": "0.71", "size": "182.75"}, {"price": "0.7", "size": "46"}, {"price": "0.66", "size": "183.82"}, {"price": "0.65", "size": "5"}, {"price": "0.3", "size": "5"}, {"price": "0.27", "size": "22.8"}, {"price": "0.26", "size": "14.86"}, {"price": "0.24", "size": "5"}, {"price": "0.23", "size": "7.5"}, {"price": "0.21", "size": "5"}, {"price": "0.2", "size": "143.7"}, {"price": "0.19", "size": "502.13"}, {"price": "0.18", "size": "240.09"}], "event_type": "book", "last_trade_price": "0.160"}]}
{"_local_timestamp": "2026-01-25T23:40:40.468081+00:00", "data": {"market": "0x139ba0e7f931f09466c0fb27fc8ddb5e77ce9d1e2bdc953a5f22765bf779452f", "price_changes": [{"asset_id": "17398942423057686582491252867921221591924525918102079345877032638913486446065", "price": "0.21", "size": "333.33", "side": "BUY", "hash": "ead9a7e5fef6d772369841b5b83d5bc1a14271d8", "best_bid": "0.82", "best_ask": "0.84"}, {"asset_id": "43377185540092441472523885859099478235201860627294255832516299903130560463298", "price": "0.79", "size": "333.33", "side": "SELL", "hash": "b186116dd08288d05cc25c66da924ff5b8235fe0", "best_bid": "0.16", "best_ask": "0.18"}], "timestamp": "1769384440258", "event_type": "price_change"}}
{"_local_timestamp": "2026-01-25T23:40:40.485091+00:00", "data": {"market": "0x68e2344a2ce725ca99f3b93df06f27a71f3a893a38e8a6a78f8d85bd2698eb20", "price_changes": [{"asset_id": "55066760863682681011750966950739411296364830422172387835703592639644113734177", "price": "0.17", "size": "1090", "side": "BUY", "hash": "9cb3b59c4640d468f2f499576f10ee769f9e80f4", "best_bid": "0.74", "best_ask": "0.89"}, {"asset_id": "44488146241641686838477630423381146915926290111161217223359635890474557300976", "price": "0.83", "size": "1090", "side": "SELL", "hash": "b1c49a0521424c533a55b942e88db162b045152d", "best_bid": "0.11", "best_ask": "0.26"}], "timestamp": "1769384440264", "event_type": "price_change"}}
{"_local_timestamp": "2026-01-25T23:40:40.748246+00:00", "data": {"market": "0x68e2344a2ce725ca99f3b93df06f27a71f3a893a38e8a6a78f8d85bd2698eb20", "price_changes": [{"asset_id": "55066760863682681011750966950739411296364830422172387835703592639644113734177", "price": "0.18", "size": "2632", "side": "BUY", "hash": "4ac338d02d31c3555484321b49f4b1899e86815b", "best_bid": "0.74", "best_ask": "0.89"}, {"asset_id": "44488146241641686838477630423381146915926290111161217223359635890474557300976", "price": "0.82", "size": "2632", "side": "SELL", "hash": "57b5665d39b2f01cabdd19606532c4b0c1b63b01", "best_bid": "0.11", "best_ask": "0.26"}], "timestamp": "1769384440580", "event_type": "price_change"}}
{"_local_timestamp": "2026-01-25T23:40:40.763849+00:00", "data": {"market": "0x139ba0e7f931f09466c0fb27fc8ddb5e77ce9d1e2bdc953a5f22765bf779452f", "price_changes": [{"asset_id": "17398942423057686582491252867921221591924525918102079345877032638913486446065", "price": "0.22", "size": "50", "side": "BUY", "hash": "56c235255263d1feee60e5ea0ec00b4ec6925ed2", "best_bid": "0.82", "best_ask": "0.84"}, {"asset_id": "43377185540092441472523885859099478235201860627294255832516299903130560463298", "price": "0.78", "size": "50", "side": "SELL", "hash": "68754269d690c27c94de3201b896ca774879edf6", "best_bid": "0.16", "best_ask": "0.18"}], "timestamp": "1769384440592", "event_type": "price_change"}}
{"_local_timestamp": "2026-01-25T23:40:56.192070+00:00", "data": {"market": "0x139ba0e7f931f09466c0fb27fc8ddb5e77ce9d1e2bdc953a5f22765bf779452f", "price_changes": [{"asset_id": "43377185540092441472523885859099478235201860627294255832516299903130560463298", "price": "0.26", "size": "48.58", "side": "SELL", "hash": "66b9192993835a04f02ce0e89f286cb9e6e39771", "best_bid": "0.16", "best_ask": "0.18"}, {"asset_id": "17398942423057686582491252867921221591924525918102079345877032638913486446065", "price": "0.74", "size": "48.58", "side": "BUY", "hash": "f440fd68f9a3dd68472d4ddef766a07a9372b3e5", "best_bid": "0.82", "best_ask": "0.84"}], "timestamp": "1769384456117", "event_type": "price_change"}}
{"_local_timestamp": "2026-01-25T23:41:01.489583+00:00", "data": {"market": "0x139ba0e7f931f09466c0fb27fc8ddb5e77ce9d1e2bdc953a5f22765bf779452f", "price_changes": [{"asset_id": "43377185540092441472523885859099478235201860627294255832516299903130560463298", "price": "0.18", "size": "205.02", "side": "SELL", "hash": "0dceacc09d7e74f05d7eb95564f739d954bbfa76", "best_bid": "0.16", "best_ask": "0.18"}, {"asset_id": "17398942423057686582491252867921221591924525918102079345877032638913486446065", "price": "0.82", "size": "205.02", "side": "BUY", "hash": "77538f360fb7b569d61b310314aeefe5d4ee3021", "best_bid": "0.82", "best_ask": "0.84"}], "timestamp": "1769384461422", "event_type": "price_change"}}
{"_local_timestamp": "2026-01-25T23:41:04.817134+00:00", "data": {"market": "0x68e2344a2ce725ca99f3b93df06f27a71f3a893a38e8a6a78f8d85bd2698eb20", "price_changes": [{"asset_id": "44488146241641686838477630423381146915926290111161217223359635890474557300976", "price": "0.1", "size": "0", "side": "BUY", "hash": "210fc446df776c930d54b4ba85c804337e5f16e5", "best_bid": "0.11", "best_ask": "0.26"}, {"asset_id": "55066760863682681011750966950739411296364830422172387835703592639644113734177", "price": "0.9", "size": "0", "side": "SELL", "hash": "4e9802858457165b803618212aa17f9bd63a1c9e", "best_bid": "0.74", "best_ask": "0.89"}], "timestamp": "1769384464746", "event_type": "price_change"}}
{"_local_timestamp": "2026-01-25T23:41:09.612801+00:00", "data": {"market": "0x139ba0e7f931f09466c0fb27fc8ddb5e77ce9d1e2bdc953a5f22765bf779452f", "price_changes": [{"asset_id": "17398942423057686582491252867921221591924525918102079345877032638913486446065", "price": "0.21", "size": "233.33", "side": "BUY", "hash": "8441f981a41ee7ee9012877e693507aa7772fb42", "best_bid": "0.82", "best_ask": "0.84"}, {"asset_id": "43377185540092441472523885859099478235201860627294255832516299903130560463298", "price": "0.79", "size": "233.33", "side": "SELL", "hash": "fd3c89d47fbaaa664e0ad5d8d11760bdb41644ac", "best_bid": "0.16", "best_ask": "0.18"}], "timestamp": "1769384469533", "event_type": "price_change"}}
{"_local_timestamp": "2026-01-25T23:41:09.904797+00:00", "data": {"market": "0x139ba0e7f931f09466c0fb27fc8ddb5e77ce9d1e2bdc953a5f22765bf779452f", "price_changes": [{"asset_id": "17398942423057686582491252867921221591924525918102079345877032638913486446065", "price": "0.24", "size": "1848", "side": "BUY", "hash": "255d1a7b7e17567197362c930ec977532c880040", "best_bid": "0.82", "best_ask": "0.84"}, {"asset_id": "43377185540092441472523885859099478235201860627294255832516299903130560463298", "price": "0.76", "size": "1848", "side": "SELL", "hash": "9fbd8432bfe37d2d5d702cfbd9fc8dc1d0b3ef27", "best_bid": "0.16", "best_ask": "0.18"}], "timestamp": "1769384469805", "event_type": "price_change"}}
{"_local_timestamp": "2026-01-25T23:41:14.640552+00:00", "data": {"market": "0x68e2344a2ce725ca99f3b93df06f27a71f3a893a38e8a6a78f8d85bd2698eb20", "price_changes": [{"asset_id": "55066760863682681011750966950739411296364830422172387835703592639644113734177", "price": "0.18", "size": "300", "side": "BUY", "hash": "8de36a8e81a66385df6c30b10e3161700d2210e7", "best_bid": "0.74", "best_ask": "0.89"}, {"asset_id": "44488146241641686838477630423381146915926290111161217223359635890474557300976", "price": "0.82", "size": "300", "side": "SELL", "hash": "bea9c57662230eebf11c9bf48de1d384c6c63050", "best_bid": "0.11", "best_ask": "0.26"}], "timestamp": "1769384474533", "event_type": "price_change"}}
{"_local_timestamp": "2026-01-25T23:41:14.667277+00:00", "data": {"market": "0x139ba0e7f931f09466c0fb27fc8ddb5e77ce9d1e2bdc953a5f22765bf779452f", "price_changes": [{"asset_id": "17398942423057686582491252867921221591924525918102079345877032638913486446065", "price": "0.24", "size": "100", "side": "BUY", "hash": "aef7868ade35eb29278a5a4a620457ce26d85440", "best_bid": "0.82", "best_ask": "0.84"}, {"asset_id": "43377185540092441472523885859099478235201860627294255832516299903130560463298", "price": "0.76", "size": "100", "side": "SELL", "hash": "a784a0940d8e24157813f43f933def23f30b150e", "best_bid": "0.16", "best_ask": "0.18"}], "timestamp": "1769384474535", "event_type": "price_change"}}
{"_local_timestamp": "2026-01-25T23:41:15.131063+00:00", "data": {"market": "0x139ba0e7f931f09466c0fb27fc8ddb5e77ce9d1e2bdc953a5f22765bf779452f", "price_changes": [{"asset_id": "43377185540092441472523885859099478235201860627294255832516299903130560463298", "price": "0.18", "size": "225.1", "side": "SELL", "hash": "55802f465516fb0c001862cc6f88c30e0e84e260", "best_bid": "0.16", "best_ask": "0.18"}, {"asset_id": "17398942423057686582491252867921221591924525918102079345877032638913486446065", "price": "0.82", "size": "225.1", "side": "BUY", "hash": "96f17bd70248d9e7851ea989cf243834075fdf6b", "best_bid": "0.82", "best_ask": "0.84"}], "timestamp": "1769384475064", "event_type": "price_change"}}
{"_local_timestamp": "2026-01-25T23:41:15.147444+00:00", "data": {"market": "0x139ba0e7f931f09466c0fb27fc8ddb5e77ce9d1e2bdc953a5f22765bf779452f", "price_changes": [{"asset_id": "43377185540092441472523885859099478235201860627294255832516299903130560463298", "price": "0.18", "size": "240.09", "side": "SELL", "hash": "54ac548e8cdbab90f202c1afbc8ac30e08d3946e", "best_bid": "0.16", "best_ask": "0.18"}, {"asset_id": "17398942423057686582491252867921221591924525918102079345877032638913486446065", "price": "0.82", "size": "240.09", "side": "BUY", "hash": "aee54eb8c6aa5b08e168440bc6cfc6fb599f5ca8", "best_bid": "0.82", "best_ask": "0.84"}], "timestamp": "1769384475078", "event_type": "price_change"}}
{"_local_timestamp": "2026-01-25T23:41:15.975063+00:00", "data": {"market": "0x68e2344a2ce725ca99f3b93df06f27a71f3a893a38e8a6a78f8d85bd2698eb20", "price_changes": [{"asset_id": "44488146241641686838477630423381146915926290111161217223359635890474557300976", "price": "0.1", "size": "101", "side": "BUY", "hash": "f0880218a488253542c22dfa0c7911622c8adaf6", "best_bid": "0.11", "best_ask": "0.26"}, {"asset_id": "55066760863682681011750966950739411296364830422172387835703592639644113734177", "price": "0.9", "size": "101", "side": "SELL", "hash": "5fe0f9d303f369449f56c2a0d7a0d5b39e7d1889", "best_bid": "0.74", "best_ask": "0.89"}], "timestamp": "1769384475905", "event_type": "price_change"}}
{"_local_timestamp": "2026-01-25T23:41:26.136452+00:00", "data": {"market": "0x139ba0e7f931f09466c0fb27fc8ddb5e77ce9d1e2bdc953a5f22765bf779452f", "price_changes": [{"asset_id": "43377185540092441472523885859099478235201860627294255832516299903130560463298", "price": "0.26", "size": "14.86", "side": "SELL", "hash": "7003e68c5817fd4f3c4420cae9cacdb4122c0d75", "best_bid": "0.16", "best_ask": "0.18"}, {"asset_id": "17398942423057686582491252867921221591924525918102079345877032638913486446065", "price": "0.74", "size": "14.86", "side": "BUY", "hash": "b90e491977d9a8b8255391e9725962989cca1f32", "best_bid": "0.82", "best_ask": "0.84"}], "timestamp": "1769384486058", "event_type": "price_change"}}
{"_local_timestamp": "2026-01-25T23:41:45.846264+00:00", "data": {"market": "0x68e2344a2ce725ca99f3b93df06f27a71f3a893a38e8a6a78f8d85bd2698eb20", "price_changes": [{"asset_id": "55066760863682681011750966950739411296364830422172387835703592639644113734177", "price": "0.19", "size": "2357.36", "side": "BUY", "hash": "54c97ecec47402514d53cb6232ba71d07039f173", "best_bid": "0.74", "best_ask": "0.89"}, {"asset_id": "44488146241641686838477630423381146915926290111161217223359635890474557300976", "price": "0.81", "size": "2357.36", "side": "SELL", "hash": "17dbf8756ad0a7787525da7b5f43495facda1dbd", "best_bid": "0.11", "best_ask": "0.26"}], "timestamp": "1769384505779", "event_type": "price_change"}}
{"_local_timestamp": "2026-01-25T23:41:49.446837+00:00", "data": {"market": "0x68e2344a2ce725ca99f3b93df06f27a71f3a893a38e8a6a78f8d85bd2698eb20", "price_changes": [{"asset_id": "55066760863682681011750966950739411296364830422172387835703592639644113734177", "price": "0.18", "size": "150", "side": "BUY", "hash": "62d38bd9f733ccec4715efde2e603f2a92812d0c", "best_bid": "0.74", "best_ask": "0.89"}, {"asset_id": "44488146241641686838477630423381146915926290111161217223359635890474557300976", "price": "0.82", "size": "150", "side": "SELL", "hash": "4964ae552566b0c358c2ea23a7f7b9c0d62f877d", "best_bid": "0.11", "best_ask": "0.26"}], "timestamp": "1769384509381", "event_type": "price_change"}}
{"_local_timestamp": "2026-01-25T23:41:49.447883+00:00", "data": {"market": "0x139ba0e7f931f09466c0fb27fc8ddb5e77ce9d1e2bdc953a5f22765bf779452f", "price_changes": [{"asset_id": "17398942423057686582491252867921221591924525918102079345877032638913486446065", "price": "0.24", "size": "0", "side": "BUY", "hash": "da3aaecb52be932b4fc3a915f50b31c24691c1f5", "best_bid": "0.82", "best_ask": "0.84"}, {"asset_id": "43377185540092441472523885859099478235201860627294255832516299903130560463298", "price": "0.76", "size": "0", "side": "SELL", "hash": "ba86fd5678b1454c554103cf42492149ff771559", "best_bid": "0.16", "best_ask": "0.18"}], "timestamp": "1769384509381", "event_type": "price_change"}}
{"_local_timestamp": "2026-01-25T23:41:49.766377+00:00", "data": {"market": "0x68e2344a2ce725ca99f3b93df06f27a71f3a893a38e8a6a78f8d85bd2698eb20", "price_changes": [{"asset_id": "55066760863682681011750966950739411296364830422172387835703592639644113734177", "price": "0.17", "size": "1240", "side": "BUY", "hash": "51ad54053273cbfe8be56d98664c7880fcf764d0", "best_bid": "0.74", "best_ask": "0.89"}, {"asset_id": "44488146241641686838477630423381146915926290111161217223359635890474557300976", "price": "0.83", "size": "1240", "side": "SELL", "hash": "6c98b7369ecf5d9632cc65ec7e18141d88dc6d2c", "best_bid": "0.11", "best_ask": "0.26"}], "timestamp": "1769384509662", "event_type": "price_change"}}
{"_local_timestamp": "2026-01-25T23:41:49.774415+00:00", "data": {"market": "0x139ba0e7f931f09466c0fb27fc8ddb5e77ce9d1e2bdc953a5f22765bf779452f", "price_changes": [{"asset_id": "17398942423057686582491252867921221591924525918102079345877032638913486446065", "price": "0.21", "size": "333.33", "side": "BUY", "hash": "41361cee375d8dca0049a2090445b786702aa3d7", "best_bid": "0.82", "best_ask": "0.84"}, {"asset_id": "43377185540092441472523885859099478235201860627294255832516299903130560463298", "price": "0.79", "size": "333.33", "side": "SELL", "hash": "b35aa2281db10b2f86b615ea7ec8c637282ce388", "best_bid": "0.16", "best_ask": "0.18"}], "timestamp": "1769384509660", "event_type": "price_change"}}
{"_local_timestamp": "2026-01-25T23:41:50.994689+00:00", "data": {"market": "0x139ba0e7f931f09466c0fb27fc8ddb5e77ce9d1e2bdc953a5f22765bf779452f", "price_changes": [{"asset_id": "17398942423057686582491252867921221591924525918102079345877032638913486446065", "price": "0.21", "size": "233.33", "side": "BUY", "hash": "c29bb33820d782c61d5c7f35014e657732ddf460", "best_bid": "0.82", "best_ask": "0.84"}, {"asset_id": "43377185540092441472523885859099478235201860627294255832516299903130560463298", "price": "0.79", "size": "233.33", "side": "SELL", "hash": "73fc83810f17d816b2571607aaa8aba0681a6c1f", "best_bid": "0.16", "best_ask": "0.18"}], "timestamp": "1769384510781", "event_type": "price_change"}}
{"_local_timestamp": "2026-01-25T23:41:51.003838+00:00", "data": {"market": "0x68e2344a2ce725ca99f3b93df06f27a71f3a893a38e8a6a78f8d85bd2698eb20", "price_changes": [{"asset_id": "55066760863682681011750966950739411296364830422172387835703592639644113734177", "price": "0.24", "size": "200", "side": "BUY", "hash": "5a5696ed6abf079f935aa10d6e4ed7752ef222dc", "best_bid": "0.74", "best_ask": "0.89"}, {"asset_id": "44488146241641686838477630423381146915926290111161217223359635890474557300976", "price": "0.76", "size": "200", "side": "SELL", "hash": "db431b0972ad327b46218b3e8f534ea9d8e70b1f", "best_bid": "0.11", "best_ask": "0.26"}], "timestamp": "1769384510781", "event_type": "price_change"}}
{"_local_timestamp": "2026-01-25T23:41:51.004595+00:00", "data": {"market": "0x68e2344a2ce725ca99f3b93df06f27a71f3a893a38e8a6a78f8d85bd2698eb20", "price_changes": [{"asset_id": "55066760863682681011750966950739411296364830422172387835703592639644113734177", "price": "0.17", "size": "1090", "side": "BUY", "hash": "5a5696ed6abf079f935aa10d6e4ed7752ef222dc", "best_bid": "0.74", "best_ask": "0.89"}, {"asset_id": "44488146241641686838477630423381146915926290111161217223359635890474557300976", "price": "0.83", "size": "1090", "side": "SELL", "hash": "db431b0972ad327b46218b3e8f534ea9d8e70b1f", "best_bid": "0.11", "best_ask": "0.26"}], "timestamp": "1769384510781", "event_type": "price_change"}}
{"_local_timestamp": "2026-01-25T23:41:52.823335+00:00", "data": {"market": "0x139ba0e7f931f09466c0fb27fc8ddb5e77ce9d1e2bdc953a5f22765bf779452f", "price_changes": [{"asset_id": "17398942423057686582491252867921221591924525918102079345877032638913486446065", "price": "0.29", "size": "282.75", "side": "BUY", "hash": "f27f05ca0311a522ad13ed061ece5dd75e3792d9", "best_bid": "0.82", "best_ask": "0.84"}, {"asset_id": "43377185540092441472523885859099478235201860627294255832516299903130560463298", "price": "0.71", "size": "282.75", "side": "SELL", "hash": "ebfddcf6b41e24ebe8c82ee9c4fb19c11a489fa1", "best_bid": "0.16", "best_ask": "0.18"}], "timestamp": "1769384511801", "event_type": "price_change"}}
{"_local_timestamp": "2026-01-25T23:41:52.831597+00:00", "data": {"market": "0x68e2344a2ce725ca99f3b93df06f27a71f3a893a38e8a6a78f8d85bd2698eb20", "price_changes": [{"asset_id": "55066760863682681011750966950739411296364830422172387835703592639644113734177", "price": "0.18", "size": "300", "side": "BUY", "hash": "3dd024ed0dac2cb8e879b1ee3cea89bf48897469", "best_bid": "0.74", "best_ask": "0.89"}, {"asset_id": "44488146241641686838477630423381146915926290111161217223359635890474557300976", "price": "0.82", "size": "300", "side": "SELL", "hash": "ed0d0d445a2d73cb438064bfd6e14dfc80b8d3ab", "best_bid": "0.11", "best_ask": "0.26"}], "timestamp": "1769384511811", "event_type": "price_change"}}
{"_local_timestamp": "2026-01-25T23:41:52.999993+00:00", "data": {"market": "0x68e2344a2ce725ca99f3b93df06f27a71f3a893a38e8a6a78f8d85bd2698eb20", "price_changes": [{"asset_id": "55066760863682681011750966950739411296364830422172387835703592639644113734177", "price": "0.27", "size": "288.88", "side": "BUY", "hash": "8c9eeb2c3f378f1109a3ad0b3f4c80dfac48ee96", "best_bid": "0.74", "best_ask": "0.89"}, {"asset_id": "44488146241641686838477630423381146915926290111161217223359635890474557300976", "price": "0.73", "size": "288.88", "side": "SELL", "hash": "4c189483ed4648512f3ac2b89bfe9c0e07b49980", "best_bid": "0.11", "best_ask": "0.26"}], "timestamp": "1769384512664", "event_type": "price_change"}}
{"_local_timestamp": "2026-01-25T23:41:54.672837+00:00", "data": {"market": "0x139ba0e7f931f09466c0fb27fc8ddb5e77ce9d1e2bdc953a5f22765bf779452f", "price_changes": [{"asset_id": "43377185540092441472523885859099478235201860627294255832516299903130560463298", "price": "0.26", "size": "48.58", "side": "SELL", "hash": "c668ca921eda2248a1f457c33a001d2e8c10dd64", "best_bid": "0.16", "best_ask": "0.18"}, {"asset_id": "17398942423057686582491252867921221591924525918102079345877032638913486446065", "price": "0.74", "size": "48.58", "side": "BUY", "hash": "fd4aa52328b189400031e001f3c8693a1a4df650", "best_bid": "0.82", "best_ask": "0.84"}], "timestamp": "1769384514602", "event_type": "price_change"}}
{"_local_timestamp": "2026-01-25T23:41:57.723407+00:00", "data": {"market": "0x139ba0e7f931f09466c0fb27fc8ddb5e77ce9d1e2bdc953a5f22765bf779452f", "price_changes": [{"asset_id": "17398942423057686582491252867921221591924525918102079345877032638913486446065", "price": "0.25", "size": "1788.9", "side": "BUY", "hash": "64f2a15e6f37d39c62c79b244b9f25a6cb3ee2ae", "best_bid": "0.82", "best_ask": "0.84"}, {"asset_id": "43377185540092441472523885859099478235201860627294255832516299903130560463298", "price": "0.75", "size": "1788.9", "side": "SELL", "hash": "1e67cf867cad0f0584469dae2aa9f254c4992c3f", "best_bid": "0.16", "best_ask": "0.18"}], "timestamp": "1769384517654", "event_type": "price_change"}}
{"_local_timestamp": "2026-01-25T23:42:22.331904+00:00", "data": {"market": "0x68e2344a2ce725ca99f3b93df06f27a71f3a893a38e8a6a78f8d85bd2698eb20", "price_changes": [{"asset_id": "55066760863682681011750966950739411296364830422172387835703592639644113734177", "price": "0.18", "size": "250", "side": "BUY", "hash": "5be9e869b77eb44fa6b00984f413508f83596db3", "best_bid": "0.74", "best_ask": "0.89"}, {"asset_id": "44488146241641686838477630423381146915926290111161217223359635890474557300976", "price": "0.82", "size": "250", "side": "SELL", "hash": "f8ba4ff4d1478ef758dff2eba9bc25b388bc803a", "best_bid": "0.11", "best_ask": "0.26"}], "timestamp": "1769384542226", "event_type": "price_change"}}
{"_local_timestamp": "2026-01-25T23:42:22.638591+00:00", "data": {"market": "0x68e2344a2ce725ca99f3b93df06f27a71f3a893a38e8a6a78f8d85bd2698eb20", "price_changes": [{"asset_id": "55066760863682681011750966950739411296364830422172387835703592639644113734177", "price": "0.19", "size": "2407.36", "side": "BUY", "hash": "d84da3ca076807bf98b7eb56754880c4af4c2b6e", "best_bid": "0.74", "best_ask": "0.89"}, {"asset_id": "44488146241641686838477630423381146915926290111161217223359635890474557300976", "price": "0.81", "size": "2407.36", "side": "SELL", "hash": "216342a634723702729cf46e4ec03e14a8e278ce", "best_bid": "0.11", "best_ask": "0.26"}], "timestamp": "1769384542531", "event_type": "price_change"}}
{"_local_timestamp": "2026-01-25T23:42:24.634821+00:00", "data": {"market": "0x139ba0e7f931f09466c0fb27fc8ddb5e77ce9d1e2bdc953a5f22765bf779452f", "price_changes": [{"asset_id": "17398942423057686582491252867921221591924525918102079345877032638913486446065", "price": "0.22", "size": "0", "side": "BUY", "hash": "f99d00d5c6213456a95db9bace398cdfdb6ebd7f", "best_bid": "0.82", "best_ask": "0.84"}, {"asset_id": "43377185540092441472523885859099478235201860627294255832516299903130560463298", "price": "0.78", "size": "0", "side": "SELL", "hash": "ad7528ab1e1a3d954f60d597adb65c49ea7302c9", "best_bid": "0.16", "best_ask": "0.18"}], "timestamp": "1769384544481", "event_type": "price_change"}}
{"_local_timestamp": "2026-01-25T23:42:25.028909+00:00", "data": {"market": "0x68e2344a2ce725ca99f3b93df06f27a71f3a893a38e8a6a78f8d85bd2698eb20", "price_changes": [{"asset_id": "55066760863682681011750966950739411296364830422172387835703592639644113734177", "price": "0.24", "size": "100", "side": "BUY", "hash": "84b1211209c676277c681d5ad9b5ad974a4446cf", "best_bid": "0.74", "best_ask": "0.89"}, {"asset_id": "44488146241641686838477630423381146915926290111161217223359635890474557300976", "price": "0.76", "size": "100", "side": "SELL", "hash": "75e00655b2b447cc23a9986c71790c972edccb5f", "best_bid": "0.11", "best_ask": "0.26"}], "timestamp": "1769384544898", "event_type": "price_change"}}
{"_local_timestamp": "2026-01-25T23:42:25.029896+00:00", "data": {"market": "0x68e2344a2ce725ca99f3b93df06f27a71f3a893a38e8a6a78f8d85bd2698eb20", "price_changes": [{"asset_id": "55066760863682681011750966950739411296364830422172387835703592639644113734177", "price": "0.17", "size": "940", "side": "BUY", "hash": "84b1211209c676277c681d5ad9b5ad974a4446cf", "best_bid": "0.74", "best_ask": "0.89"}, {"asset_id": "44488146241641686838477630423381146915926290111161217223359635890474557300976", "price": "0.83", "size": "940", "side": "SELL", "hash": "75e00655b2b447cc23a9986c71790c972edccb5f", "best_bid": "0.11", "best_ask": "0.26"}], "timestamp": "1769384544898", "event_type": "price_change"}}
{"_local_timestamp": "2026-01-25T23:42:25.196552+00:00", "data": {"market": "0x139ba0e7f931f09466c0fb27fc8ddb5e77ce9d1e2bdc953a5f22765bf779452f", "price_changes": [{"asset_id": "17398942423057686582491252867921221591924525918102079345877032638913486446065", "price": "0.24", "size": "50", "side": "BUY", "hash": "87d7e4e93aef6e20665f0bf1d0fe8706496346c9", "best_bid": "0.82", "best_ask": "0.84"}, {"asset_id": "43377185540092441472523885859099478235201860627294255832516299903130560463298", "price": "0.76", "size": "50", "side": "SELL", "hash": "b0d682f0d311e73db29a7ec20ddd6cad12983cde", "best_bid": "0.16", "best_ask": "0.18"}], "timestamp": "1769384545078", "event_type": "price_change"}}
{"_local_timestamp": "2026-01-25T23:42:25.263853+00:00", "data": {"market": "0x68e2344a2ce725ca99f3b93df06f27a71f3a893a38e8a6a78f8d85bd2698eb20", "price_changes": [{"asset_id": "55066760863682681011750966950739411296364830422172387835703592639644113734177", "price": "0.23", "size": "213.04", "side": "BUY", "hash": "44bb2651a911b298262bb4bceeaa15bca960e972", "best_bid": "0.74", "best_ask": "0.89"}, {"asset_id": "44488146241641686838477630423381146915926290111161217223359635890474557300976", "price": "0.77", "size": "213.04", "side": "SELL", "hash": "9e4a0cc632a8694ffea12ec02ac01ca99f2f954f", "best_bid": "0.11", "best_ask": "0.26"}], "timestamp": "1769384545151", "event_type": "price_change"}}
{"_local_timestamp": "2026-01-25T23:42:25.297174+00:00", "data": {"market": "0x68e2344a2ce725ca99f3b93df06f27a71f3a893a38e8a6a78f8d85bd2698eb20", "price_changes": [{"asset_id": "55066760863682681011750966950739411296364830422172387835703592639644113734177", "price": "0.19", "size": "2557.36", "side": "BUY", "hash": "37b1e56713bd03b2ee072fdccd290303ec559b20", "best_bid": "0.74", "best_ask": "0.89"}, {"asset_id": "44488146241641686838477630423381146915926290111161217223359635890474557300976", "price": "0.81", "size": "2557.36", "side": "SELL", "hash": "529d42116c4149947d370aa555ec704894a8ee37", "best_bid": "0.11", "best_ask": "0.26"}], "timestamp": "1769384545154", "event_type": "price_change"}}
{"_local_timestamp": "2026-01-25T23:42:45.387228+00:00", "data": {"market": "0x139ba0e7f931f09466c0fb27fc8ddb5e77ce9d1e2bdc953a5f22765bf779452f", "price_changes": [{"asset_id": "17398942423057686582491252867921221591924525918102079345877032638913486446065", "price": "0.23", "size": "5", "side": "BUY", "hash": "d76812a52b820fe1ef9addf666bbd517dca4e727", "best_bid": "0.82", "best_ask": "0.84"}, {"asset_id": "43377185540092441472523885859099478235201860627294255832516299903130560463298", "price": "0.77", "size": "5", "side": "SELL", "hash": "ef4e47d8ece30374a0663cefa8129d7fa095eb53", "best_bid": "0.16", "best_ask": "0.18"}], "timestamp": "1769384565214", "event_type": "price_change"}}
{"_local_timestamp": "2026-01-25T23:42:45.760085+00:00", "data": {"market": "0x139ba0e7f931f09466c0fb27fc8ddb5e77ce9d1e2bdc953a5f22765bf779452f", "price_changes": [{"asset_id": "17398942423057686582491252867921221591924525918102079345877032638913486446065", "price": "0.24", "size": "100", "side": "BUY", "hash": "38088bd0d8c139e8445a42dc5f558a6efb04ddc2", "best_bid": "0.82", "best_ask": "0.84"}, {"asset_id": "43377185540092441472523885859099478235201860627294255832516299903130560463298", "price": "0.76", "size": "100", "side": "SELL", "hash": "55d172437f23b1fb395d7147aed66eb45a12cd68", "best_bid": "0.16", "best_ask": "0.18"}], "timestamp": "1769384565595", "event_type": "price_change"}}
{"_local_timestamp": "2026-01-25T23:42:47.172011+00:00", "data": {"market": "0x139ba0e7f931f09466c0fb27fc8ddb5e77ce9d1e2bdc953a5f22765bf779452f", "price_changes": [{"asset_id": "17398942423057686582491252867921221591924525918102079345877032638913486446065", "price": "0.25", "size": "108.9", "side": "BUY", "hash": "f43a6d2c58b71717a3bb5fa28073bd8c549a967a", "best_bid": "0.82", "best_ask": "0.84"}, {"asset_id": "43377185540092441472523885859099478235201860627294255832516299903130560463298", "price": "0.75", "size": "108.9", "side": "SELL", "hash": "e3febaceee3ff12e6e1d570a45ea784cb1705fe9", "best_bid": "0.16", "best_ask": "0.18"}], "timestamp": "1769384566992", "event_type": "price_change"}}
{"_local_timestamp": "2026-01-25T23:42:58.812755+00:00", "data": {"market": "0x139ba0e7f931f09466c0fb27fc8ddb5e77ce9d1e2bdc953a5f22765bf779452f", "price_changes": [{"asset_id": "17398942423057686582491252867921221591924525918102079345877032638913486446065", "price": "0.21", "size": "133.33", "side": "BUY", "hash": "fa0b616182ef82513af22cc190ec797b7f79c4e5", "best_bid": "0.82", "best_ask": "0.84"}, {"asset_id": "43377185540092441472523885859099478235201860627294255832516299903130560463298", "price": "0.79", "size": "133.33", "side": "SELL", "hash": "0856989ee0e1239988371f47407235b9c2153c9c", "best_bid": "0.16", "best_ask": "0.18"}], "timestamp": "1769384578710", "event_type": "price_change"}}
{"_local_timestamp": "2026-01-25T23:42:59.119289+00:00", "data": {"market": "0x139ba0e7f931f09466c0fb27fc8ddb5e77ce9d1e2bdc953a5f22765bf779452f", "price_changes": [{"asset_id": "17398942423057686582491252867921221591924525918102079345877032638913486446065", "price": "0.25", "size": "208.9", "side": "BUY", "hash": "7d972c2e7e6913c14b93a5a4bda4758bb3f093b3", "best_bid": "0.82", "best_ask": "0.84"}, {"asset_id": "43377185540092441472523885859099478235201860627294255832516299903130560463298", "price": "0.75", "size": "208.9", "side": "SELL", "hash": "6a15d2796866fab7aec36a78a5dbebd03e74232d", "best_bid": "0.16", "best_ask": "0.18"}], "timestamp": "1769384578987", "event_type": "price_change"}}
{"_local_timestamp": "2026-01-25T23:43:38.576471+00:00", "data": {"market": "0x139ba0e7f931f09466c0fb27fc8ddb5e77ce9d1e2bdc953a5f22765bf779452f", "price_changes": [{"asset_id": "17398942423057686582491252867921221591924525918102079345877032638913486446065", "price": "0.25", "size": "108.9", "side": "BUY", "hash": "104019d6ac43578113b9ca21355656245d26a591", "best_bid": "0.82", "best_ask": "0.84"}, {"asset_id": "43377185540092441472523885859099478235201860627294255832516299903130560463298", "price": "0.75", "size": "108.9", "side": "SELL", "hash": "ed3c411af5eeb76035712edf96872b8a008a405a", "best_bid": "0.16", "best_ask": "0.18"}], "timestamp": "1769384618450", "event_type": "price_change"}}
{"_local_timestamp": "2026-01-25T23:43:38.874586+00:00", "data": {"market": "0x139ba0e7f931f09466c0fb27fc8ddb5e77ce9d1e2bdc953a5f22765bf779452f", "price_changes": [{"asset_id": "17398942423057686582491252867921221591924525918102079345877032638913486446065", "price": "0.21", "size": "233.33", "side": "BUY", "hash": "d25fda4bb8b788ec52e626b383a0b51cf0f6de73", "best_bid": "0.82", "best_ask": "0.84"}, {"asset_id": "43377185540092441472523885859099478235201860627294255832516299903130560463298", "price": "0.79", "size": "233.33", "side": "SELL", "hash": "87c99f6b41159bc672659d053b0f7340a05bb16d", "best_bid": "0.16", "best_ask": "0.18"}], "timestamp": "1769384618725", "event_type": "price_change"}}
{"_local_timestamp": "2026-01-25T23:43:46.201700+00:00", "data": {"market": "0x139ba0e7f931f09466c0fb27fc8ddb5e77ce9d1e2bdc953a5f22765bf779452f", "price_changes": [{"asset_id": "17398942423057686582491252867921221591924525918102079345877032638913486446065", "price": "0.22", "size": "1908", "side": "BUY", "hash": "afb105bbe8672ab21f562ce0e5bfcd9dff3296a9", "best_bid": "0.82", "best_ask": "0.84"}, {"asset_id": "43377185540092441472523885859099478235201860627294255832516299903130560463298", "price": "0.78", "size": "1908", "side": "SELL", "hash": "cd986e02f3e3932db4c19329d4c1940cf8e5e6e2", "best_bid": "0.16", "best_ask": "0.18"}], "timestamp": "1769384626093", "event_type": "price_change"}}
{"_local_timestamp": "2026-01-25T23:44:08.530002+00:00", "data": {"market": "0x139ba0e7f931f09466c0fb27fc8ddb5e77ce9d1e2bdc953a5f22765bf779452f", "price_changes": [{"asset_id": "17398942423057686582491252867921221591924525918102079345877032638913486446065", "price": "0.24", "size": "50", "side": "BUY", "hash": "4fcd87a4da0717fdc0ff804f0221b72ecf7125da", "best_bid": "0.82", "best_ask": "0.84"}, {"asset_id": "43377185540092441472523885859099478235201860627294255832516299903130560463298", "price": "0.76", "size": "50", "side": "SELL", "hash": "a829044a955c66bc778cd07b9c44a434564b3b79", "best_bid": "0.16", "best_ask": "0.18"}], "timestamp": "1769384648342", "event_type": "price_change"}}
{"_local_timestamp": "2026-01-25T23:44:08.530732+00:00", "data": {"market": "0x68e2344a2ce725ca99f3b93df06f27a71f3a893a38e8a6a78f8d85bd2698eb20", "price_changes": [{"asset_id": "55066760863682681011750966950739411296364830422172387835703592639644113734177", "price": "0.18", "size": "150", "side": "BUY", "hash": "a0236faf1d2634bfe1eb132975637992b65a2700", "best_bid": "0.74", "best_ask": "0.89"}, {"asset_id": "44488146241641686838477630423381146915926290111161217223359635890474557300976", "price": "0.82", "size": "150", "side": "SELL", "hash": "e78a66f5cabccf0c2ea829987b1e5cea30f10794", "best_bid": "0.11", "best_ask": "0.26"}], "timestamp": "1769384648343", "event_type": "price_change"}}
{"_local_timestamp": "2026-01-25T23:44:08.536385+00:00", "data": {"market": "0x68e2344a2ce725ca99f3b93df06f27a71f3a893a38e8a6a78f8d85bd2698eb20", "price_changes": [{"asset_id": "55066760863682681011750966950739411296364830422172387835703592639644113734177", "price": "0.24", "size": "50", "side": "BUY", "hash": "da81399ae7e5af47ff07ffbf02db7970f219795a", "best_bid": "0.74", "best_ask": "0.89"}, {"asset_id": "44488146241641686838477630423381146915926290111161217223359635890474557300976", "price": "0.76", "size": "50", "side": "SELL", "hash": "60d1f7854a77e56f553de27a23f37755bd8672da", "best_bid": "0.11", "best_ask": "0.26"}], "timestamp": "1769384648347", "event_type": "price_change"}}
{"_local_timestamp": "2026-01-25T23:44:09.034314+00:00", "data": {"market": "0x68e2344a2ce725ca99f3b93df06f27a71f3a893a38e8a6a78f8d85bd2698eb20", "price_changes": [{"asset_id": "55066760863682681011750966950739411296364830422172387835703592639644113734177", "price": "0.19", "size": "2657.36", "side": "BUY", "hash": "2efef506549db54a3dd0ac5737e95cfd0efd3262", "best_bid": "0.74", "best_ask": "0.89"}, {"asset_id": "44488146241641686838477630423381146915926290111161217223359635890474557300976", "price": "0.81", "size": "2657.36", "side": "SELL", "hash": "1fdf1e98e2712b6ff89c24aa036d7e321bd13c59", "best_bid": "0.11", "best_ask": "0.26"}], "timestamp": "1769384648733", "event_type": "price_change"}}
{"_local_timestamp": "2026-01-25T23:44:09.041723+00:00", "data": {"market": "0x139ba0e7f931f09466c0fb27fc8ddb5e77ce9d1e2bdc953a5f22765bf779452f", "price_changes": [{"asset_id": "17398942423057686582491252867921221591924525918102079345877032638913486446065", "price": "0.25", "size": "158.9", "side": "BUY", "hash": "360f58db5e34fd0a528b20a001eaa82cf6c18e84", "best_bid": "0.82", "best_ask": "0.84"}, {"asset_id": "43377185540092441472523885859099478235201860627294255832516299903130560463298", "price": "0.75", "size": "158.9", "side": "SELL", "hash": "399359480b884752fcd218d58d35baf438ef0644", "best_bid": "0.16", "best_ask": "0.18"}], "timestamp": "1769384648732", "event_type": "price_change"}}
{"_local_timestamp": "2026-01-25T23:44:09.146517+00:00", "data": {"market": "0x68e2344a2ce725ca99f3b93df06f27a71f3a893a38e8a6a78f8d85bd2698eb20", "price_changes": [{"asset_id": "55066760863682681011750966950739411296364830422172387835703592639644113734177", "price": "0.27", "size": "338.88", "side": "BUY", "hash": "4771d7d1bf8928e02c1da5720d2a604485070c8c", "best_bid": "0.74", "best_ask": "0.89"}, {"asset_id": "44488146241641686838477630423381146915926290111161217223359635890474557300976", "price": "0.73", "size": "338.88", "side": "SELL", "hash": "300d6ed9cc49ea9d228606a24cf134a5032f1f12", "best_bid": "0.11", "best_ask": "0.26"}], "timestamp": "1769384648823", "event_type": "price_change"}}
{"_local_timestamp": "2026-01-25T23:44:20.950754+00:00", "data": {"market": "0x139ba0e7f931f09466c0fb27fc8ddb5e77ce9d1e2bdc953a5f22765bf779452f", "price_changes": [{"asset_id": "17398942423057686582491252867921221591924525918102079345877032638913486446065", "price": "0.29", "size": "182.75", "side": "BUY", "hash": "fae304a825aef76594d9ca35cf320848af4faca3", "best_bid": "0.82", "best_ask": "0.84"}, {"asset_id": "43377185540092441472523885859099478235201860627294255832516299903130560463298", "price": "0.71", "size": "182.75", "side": "SELL", "hash": "99b430baab9c5128cae7d611f1827c0393dec91d", "best_bid": "0.16", "best_ask": "0.18"}], "timestamp": "1769384660502", "event_type": "price_change"}}
{"_local_timestamp": "2026-01-25T23:44:20.985462+00:00", "data": {"market": "0x68e2344a2ce725ca99f3b93df06f27a71f3a893a38e8a6a78f8d85bd2698eb20", "price_changes": [{"asset_id": "55066760863682681011750966950739411296364830422172387835703592639644113734177", "price": "0.18", "size": "0", "side": "BUY", "hash": "6cb5a217803a246402f13c23d69e53083043dbbf", "best_bid": "0.74", "best_ask": "0.89"}, {"asset_id": "44488146241641686838477630423381146915926290111161217223359635890474557300976", "price": "0.82", "size": "0", "side": "SELL", "hash": "b09f70fa42400e1b6a980d8f10a1c810946cdf8a", "best_bid": "0.11", "best_ask": "0.26"}], "timestamp": "1769384660503", "event_type": "price_change"}}
{"_local_timestamp": "2026-01-25T23:44:21.580150+00:00", "data": {"market": "0x139ba0e7f931f09466c0fb27fc8ddb5e77ce9d1e2bdc953a5f22765bf779452f", "price_changes": [{"asset_id": "17398942423057686582491252867921221591924525918102079345877032638913486446065", "price": "0.25", "size": "258.9", "side": "BUY", "hash": "32130870dc3021db4db55a2300653161cd18a943", "best_bid": "0.82", "best_ask": "0.84"}, {"asset_id": "43377185540092441472523885859099478235201860627294255832516299903130560463298", "price": "0.75", "size": "258.9", "side": "SELL", "hash": "9bc524f8b6dc361bafec0993d89313eb1e7b5d9b", "best_bid": "0.16", "best_ask": "0.18"}], "timestamp": "1769384660898", "event_type": "price_change"}}
{"_local_timestamp": "2026-01-25T23:44:21.595126+00:00", "data": {"market": "0x68e2344a2ce725ca99f3b93df06f27a71f3a893a38e8a6a78f8d85bd2698eb20", "price_changes": [{"asset_id": "55066760863682681011750966950739411296364830422172387835703592639644113734177", "price": "0.19", "size": "2807.36", "side": "BUY", "hash": "6bb0e5bb3dd07ea697fb5a6382d355fa98c2016c", "best_bid": "0.74", "best_ask": "0.89"}, {"asset_id": "44488146241641686838477630423381146915926290111161217223359635890474557300976", "price": "0.81", "size": "2807.36", "side": "SELL", "hash": "6b616cdbe38ac8ef6c65250695c0abb0bc1f9a84", "best_bid": "0.11", "best_ask": "0.26"}], "timestamp": "1769384660898", "event_type": "price_change"}}
{"_local_timestamp": "2026-01-25T23:44:29.356976+00:00", "data": {"market": "0x68e2344a2ce725ca99f3b93df06f27a71f3a893a38e8a6a78f8d85bd2698eb20", "price_changes": [{"asset_id": "55066760863682681011750966950739411296364830422172387835703592639644113734177", "price": "0.1", "size": "0", "side": "BUY", "hash": "f7a2be7377cf30ed07b5da44fd091d2d08873e4a", "best_bid": "0.74", "best_ask": "0.89"}, {"asset_id": "44488146241641686838477630423381146915926290111161217223359635890474557300976", "price": "0.9", "size": "0", "side": "SELL", "hash": "5a38b0b6a6ab31570de1778d69fc7bd30a6d4219", "best_bid": "0.11", "best_ask": "0.26"}], "timestamp": "1769384669087", "event_type": "price_change"}}
{"_local_timestamp": "2026-01-25T23:44:32.625035+00:00", "data": {"market": "0x139ba0e7f931f09466c0fb27fc8ddb5e77ce9d1e2bdc953a5f22765bf779452f", "price_changes": [{"asset_id": "17398942423057686582491252867921221591924525918102079345877032638913486446065", "price": "0.22", "size": "0", "side": "BUY", "hash": "8e7ed5288de50aad3e93caadfd65121f2d4aef62", "best_bid": "0.82", "best_ask": "0.84"}, {"asset_id": "43377185540092441472523885859099478235201860627294255832516299903130560463298", "price": "0.78", "size": "0", "side": "SELL", "hash": "f8a33c59a6df6a27cf21318f7a37c1e1d05da84d", "best_bid": "0.16", "best_ask": "0.18"}], "timestamp": "1769384672296", "event_type": "price_change"}}
{"_local_timestamp": "2026-01-25T23:44:32.669920+00:00", "data": {"market": "0x68e2344a2ce725ca99f3b93df06f27a71f3a893a38e8a6a78f8d85bd2698eb20", "price_changes": [{"asset_id": "55066760863682681011750966950739411296364830422172387835703592639644113734177", "price": "0.19", "size": "597.36", "side": "BUY", "hash": "e7825fcd45bac493fe7737e7a8f592b36ba1da1c", "best_bid": "0.74", "best_ask": "0.89"}, {"asset_id": "44488146241641686838477630423381146915926290111161217223359635890474557300976", "price": "0.81", "size": "597.36", "side": "SELL", "hash": "d1532f44a6e32bca371f7a5e8b6ba7bbe985ce61", "best_bid": "0.11", "best_ask": "0.26"}], "timestamp": "1769384672294", "event_type": "price_change"}}
{"_local_timestamp": "2026-01-25T23:44:40.345577+00:00", "data": {"market": "0x68e2344a2ce725ca99f3b93df06f27a71f3a893a38e8a6a78f8d85bd2698eb20", "price_changes": [{"asset_id": "55066760863682681011750966950739411296364830422172387835703592639644113734177", "price": "0.1", "size": "101", "side": "BUY", "hash": "ff9c41a08b48cbda3895e8983637573fed38c661", "best_bid": "0.74", "best_ask": "0.89"}, {"asset_id": "44488146241641686838477630423381146915926290111161217223359635890474557300976", "price": "0.9", "size": "101", "side": "SELL", "hash": "f2051b89eaeb6fd61ba07a475bb143be5af30643", "best_bid": "0.11", "best_ask": "0.26"}], "timestamp": "1769384680077", "event_type": "price_change"}}
{"_local_timestamp": "2026-01-25T23:44:52.556892+00:00", "data": {"market": "0x139ba0e7f931f09466c0fb27fc8ddb5e77ce9d1e2bdc953a5f22765bf779452f", "price_changes": [{"asset_id": "43377185540092441472523885859099478235201860627294255832516299903130560463298", "price": "0.18", "size": "205.02", "side": "SELL", "hash": "40f77d6a691bf49343f65e2e66adfd519b9696fc", "best_bid": "0.16", "best_ask": "0.18"}, {"asset_id": "17398942423057686582491252867921221591924525918102079345877032638913486446065", "price": "0.82", "size": "205.02", "side": "BUY", "hash": "8f3ff56981b7e3adbcafbd24ac1c9d93b784d682", "best_bid": "0.82", "best_ask": "0.84"}], "timestamp": "1769384692453", "event_type": "price_change"}}
{"_local_timestamp": "2026-01-25T23:44:57.535487+00:00", "data": {"market": "0x139ba0e7f931f09466c0fb27fc8ddb5e77ce9d1e2bdc953a5f22765bf779452f", "price_changes": [{"asset_id": "17398942423057686582491252867921221591924525918102079345877032638913486446065", "price": "0.21", "size": "133.33", "side": "BUY", "hash": "ca27be57b792d489132611c47c9d9f5474f5b3e0", "best_bid": "0.82", "best_ask": "0.84"}, {"asset_id": "43377185540092441472523885859099478235201860627294255832516299903130560463298", "price": "0.79", "size": "133.33", "side": "SELL", "hash": "1486bfb07354a2956128a63a79311a84f1387734", "best_bid": "0.16", "best_ask": "0.18"}], "timestamp": "1769384697451", "event_type": "price_change"}}
{"_local_timestamp": "2026-01-25T23:44:57.796352+00:00", "data": {"market": "0x139ba0e7f931f09466c0fb27fc8ddb5e77ce9d1e2bdc953a5f22765bf779452f", "price_changes": [{"asset_id": "17398942423057686582491252867921221591924525918102079345877032638913486446065", "price": "0.22", "size": "100", "side": "BUY", "hash": "dcfc68fa1221bceba4593f55cf57c08393fb192c", "best_bid": "0.82", "best_ask": "0.84"}, {"asset_id": "43377185540092441472523885859099478235201860627294255832516299903130560463298", "price": "0.78", "size": "100", "side": "SELL", "hash": "be6770d80c7a84c8fdc0d2b1f61b65ce2de64846", "best_bid": "0.16", "best_ask": "0.18"}], "timestamp": "1769384697724", "event_type": "price_change"}}
{"_local_timestamp": "2026-01-25T23:44:57.808501+00:00", "data": {"market": "0x139ba0e7f931f09466c0fb27fc8ddb5e77ce9d1e2bdc953a5f22765bf779452f", "price_changes": [{"asset_id": "17398942423057686582491252867921221591924525918102079345877032638913486446065", "price": "0.24", "size": "0", "side": "BUY", "hash": "2d8767d3842408d4f0e48b08e727fd82567581ea", "best_bid": "0.82", "best_ask": "0.84"}, {"asset_id": "43377185540092441472523885859099478235201860627294255832516299903130560463298", "price": "0.76", "size": "0", "side": "SELL", "hash": "047bc3ac7cca70621ea4f72aca91bf6f64857c9a", "best_bid": "0.16", "best_ask": "0.18"}], "timestamp": "1769384697725", "event_type": "price_change"}}
{"_local_timestamp": "2026-01-25T23:44:57.809217+00:00", "data": {"market": "0x68e2344a2ce725ca99f3b93df06f27a71f3a893a38e8a6a78f8d85bd2698eb20", "price_changes": [{"asset_id": "55066760863682681011750966950739411296364830422172387835703592639644113734177", "price": "0.24", "size": "0", "side": "BUY", "hash": "c74470a2d614a68a23d5b3d25ee5033fdde8125e", "best_bid": "0.74", "best_ask": "0.89"}, {"asset_id": "44488146241641686838477630423381146915926290111161217223359635890474557300976", "price": "0.76", "size": "0", "side": "SELL", "hash": "a354437a8bd5c4cfc18cf380e36ba5f4cb222b77", "best_bid": "0.11", "best_ask": "0.26"}], "timestamp": "1769384697725", "event_type": "price_change"}}
{"_local_timestamp": "2026-01-25T23:44:58.307968+00:00", "data": {"market": "0x139ba0e7f931f09466c0fb27fc8ddb5e77ce9d1e2bdc953a5f22765bf779452f", "price_changes": [{"asset_id": "17398942423057686582491252867921221591924525918102079345877032638913486446065", "price": "0.25", "size": "308.9", "side": "BUY", "hash": "05475ab0d85a901ebe26460cf6469e89923f4d44", "best_bid": "0.82", "best_ask": "0.84"}, {"asset_id": "43377185540092441472523885859099478235201860627294255832516299903130560463298", "price": "0.75", "size": "308.9", "side": "SELL", "hash": "e842e9dfb4a560a3725afee526e06d3202bf62db", "best_bid": "0.16", "best_ask": "0.18"}], "timestamp": "1769384698215", "event_type": "price_change"}}
{"_local_timestamp": "2026-01-25T23:44:58.311509+00:00", "data": {"market": "0x68e2344a2ce725ca99f3b93df06f27a71f3a893a38e8a6a78f8d85bd2698eb20", "price_changes": [{"asset_id": "55066760863682681011750966950739411296364830422172387835703592639644113734177", "price": "0.23", "size": "263.04", "side": "BUY", "hash": "b8a9906907a29707c02b1287f002e5bd66acaf47", "best_bid": "0.74", "best_ask": "0.89"}, {"asset_id": "44488146241641686838477630423381146915926290111161217223359635890474557300976", "price": "0.77", "size": "263.04", "side": "SELL", "hash": "1fd171f8c3dd79dab14dd8817eccf41610597ee4", "best_bid": "0.11", "best_ask": "0.26"}], "timestamp": "1769384698215", "event_type": "price_change"}}
{"_local_timestamp": "2026-01-25T23:45:04.038374+00:00", "data": {"market": "0x139ba0e7f931f09466c0fb27fc8ddb5e77ce9d1e2bdc953a5f22765bf779452f", "price_changes": [{"asset_id": "17398942423057686582491252867921221591924525918102079345877032638913486446065", "price": "0.26", "size": "1614", "side": "BUY", "hash": "5d671b2372dd1d46f605d2f06358966a7f4730a4", "best_bid": "0.82", "best_ask": "0.84"}, {"asset_id": "43377185540092441472523885859099478235201860627294255832516299903130560463298", "price": "0.74", "size": "1614", "side": "SELL", "hash": "deb338f7692760bae0e443639605bb3e1a4e0409", "best_bid": "0.16", "best_ask": "0.18"}], "timestamp": "1769384703976", "event_type": "price_change"}}
{"_local_timestamp": "2026-01-25T23:45:07.332556+00:00", "data": {"market": "0x139ba0e7f931f09466c0fb27fc8ddb5e77ce9d1e2bdc953a5f22765bf779452f", "price_changes": [{"asset_id": "43377185540092441472523885859099478235201860627294255832516299903130560463298", "price": "0.18", "size": "220.01", "side": "SELL", "hash": "594e37ab8b22b6c37e60d0f54ada21b182b73998", "best_bid": "0.16", "best_ask": "0.18"}, {"asset_id": "17398942423057686582491252867921221591924525918102079345877032638913486446065", "price": "0.82", "size": "220.01", "side": "BUY", "hash": "0e17f74b803b1c61751d5606a42e8425354933af", "best_bid": "0.82", "best_ask": "0.84"}], "timestamp": "1769384707261", "event_type": "price_change"}}
{"_local_timestamp": "2026-01-25T23:45:07.352083+00:00", "data": {"market": "0x139ba0e7f931f09466c0fb27fc8ddb5e77ce9d1e2bdc953a5f22765bf779452f", "price_changes": [{"asset_id": "43377185540092441472523885859099478235201860627294255832516299903130560463298", "price": "0.18", "size": "240.09", "side": "SELL", "hash": "84c05de24a0d89ac7ea6a037a4687daad3c6e2c8", "best_bid": "0.16", "best_ask": "0.18"}, {"asset_id": "17398942423057686582491252867921221591924525918102079345877032638913486446065", "price": "0.82", "size": "240.09", "side": "BUY", "hash": "a53e0b7a8d1fb626d4620420e89ff08bb6e7fa33", "best_bid": "0.82", "best_ask": "0.84"}], "timestamp": "1769384707279", "event_type": "price_change"}}
{"_local_timestamp": "2026-01-25T23:45:23.839718+00:00", "data": {"market": "0x68e2344a2ce725ca99f3b93df06f27a71f3a893a38e8a6a78f8d85bd2698eb20", "price_changes": [{"asset_id": "55066760863682681011750966950739411296364830422172387835703592639644113734177", "price": "0.19", "size": "547.36", "side": "BUY", "hash": "3bd8e7cdaf1fbf95ac5d1d88a1b726b365fa5dd0", "best_bid": "0.74", "best_ask": "0.89"}, {"asset_id": "44488146241641686838477630423381146915926290111161217223359635890474557300976", "price": "0.81", "size": "547.36", "side": "SELL", "hash": "56a92b99b85be5fd13d961091c1afdab935da5d4", "best_bid": "0.11", "best_ask": "0.26"}], "timestamp": "1769384723756", "event_type": "price_change"}}
{"_local_timestamp": "2026-01-25T23:45:24.110774+00:00", "data": {"market": "0x68e2344a2ce725ca99f3b93df06f27a71f3a893a38e8a6a78f8d85bd2698eb20", "price_changes": [{"asset_id": "55066760863682681011750966950739411296364830422172387835703592639644113734177", "price": "0.17", "size": "990", "side": "BUY", "hash": "db1fae1f70ed77c0aa3e9309c951270348de947e", "best_bid": "0.74", "best_ask": "0.89"}, {"asset_id": "44488146241641686838477630423381146915926290111161217223359635890474557300976", "price": "0.83", "size": "990", "side": "SELL", "hash": "35ac604aa30a68af8c0c40bad72c1cd5c48e8178", "best_bid": "0.11", "best_ask": "0.26"}], "timestamp": "1769384724046", "event_type": "price_change"}}
{"_local_timestamp": "2026-01-25T23:45:27.990121+00:00", "data": {"market": "0x68e2344a2ce725ca99f3b93df06f27a71f3a893a38e8a6a78f8d85bd2698eb20", "price_changes": [{"asset_id": "55066760863682681011750966950739411296364830422172387835703592639644113734177", "price": "0.24", "size": "1748", "side": "BUY", "hash": "cfc32ddf75dd3b9b48b2e9bbe510826997ed1515", "best_bid": "0.74", "best_ask": "0.89"}, {"asset_id": "44488146241641686838477630423381146915926290111161217223359635890474557300976", "price": "0.76", "size": "1748", "side": "SELL", "hash": "d220a57d129fdb02665e868f0bc5f96b5ce88324", "best_bid": "0.11", "best_ask": "0.26"}], "timestamp": "1769384727922", "event_type": "price_change"}}
{"_local_timestamp": "2026-01-25T23:45:38.788350+00:00", "data": {"market": "0x139ba0e7f931f09466c0fb27fc8ddb5e77ce9d1e2bdc953a5f22765bf779452f", "price_changes": [{"asset_id": "17398942423057686582491252867921221591924525918102079345877032638913486446065", "price": "0.22", "size": "0", "side": "BUY", "hash": "ddaa33dc32e301fa40015d978f7837c377280dc0", "best_bid": "0.82", "best_ask": "0.84"}, {"asset_id": "43377185540092441472523885859099478235201860627294255832516299903130560463298", "price": "0.78", "size": "0", "side": "SELL", "hash": "3508a51997bbbe092d693861822479a8b9c3859d", "best_bid": "0.16", "best_ask": "0.18"}], "timestamp": "1769384738723", "event_type": "price_change"}}
{"_local_timestamp": "2026-01-25T23:45:38.789165+00:00", "data": {"market": "0x68e2344a2ce725ca99f3b93df06f27a71f3a893a38e8a6a78f8d85bd2698eb20", "price_changes": [{"asset_id": "55066760863682681011750966950739411296364830422172387835703592639644113734177", "price": "0.19", "size": "397.36", "side": "BUY", "hash": "c30e0e4113a2e2b90fda397a4d5698bffc937902", "best_bid": "0.74", "best_ask": "0.89"}, {"asset_id": "44488146241641686838477630423381146915926290111161217223359635890474557300976", "price": "0.81", "size": "397.36", "side": "SELL", "hash": "35e6d19835e5bc87a26151b0e53bfec3e7a0d002", "best_bid": "0.11", "best_ask": "0.26"}], "timestamp": "1769384738723", "event_type": "price_change"}}
{"_local_timestamp": "2026-01-25T23:45:39.213157+00:00", "data": {"market": "0x139ba0e7f931f09466c0fb27fc8ddb5e77ce9d1e2bdc953a5f22765bf779452f", "price_changes": [{"asset_id": "17398942423057686582491252867921221591924525918102079345877032638913486446065", "price": "0.25", "size": "408.9", "side": "BUY", "hash": "29212404f5405dfbf87bc3e50e2cb6beae012753", "best_bid": "0.82", "best_ask": "0.84"}, {"asset_id": "43377185540092441472523885859099478235201860627294255832516299903130560463298", "price": "0.75", "size": "408.9", "side": "SELL", "hash": "90df67162172ff11ff323323a3773539eab9fb70", "best_bid": "0.16", "best_ask": "0.18"}], "timestamp": "1769384739085", "event_type": "price_change"}}
{"_local_timestamp": "2026-01-25T23:45:39.226545+00:00", "data": {"market": "0x68e2344a2ce725ca99f3b93df06f27a71f3a893a38e8a6a78f8d85bd2698eb20", "price_changes": [{"asset_id": "55066760863682681011750966950739411296364830422172387835703592639644113734177", "price": "0.17", "size": "1140", "side": "BUY", "hash": "785650dffc7834dbb2f590e560e160c6e2ba3dab", "best_bid": "0.74", "best_ask": "0.89"}, {"asset_id": "44488146241641686838477630423381146915926290111161217223359635890474557300976", "price": "0.83", "size": "1140", "side": "SELL", "hash": "2b868d88c72df802d8b21b2aa2c92db8f15afa9c", "best_bid": "0.11", "best_ask": "0.26"}], "timestamp": "1769384739087", "event_type": "price_change"}}
{"_local_timestamp": "2026-01-25T23:45:41.265629+00:00", "data": {"market": "0x139ba0e7f931f09466c0fb27fc8ddb5e77ce9d1e2bdc953a5f22765bf779452f", "price_changes": [{"asset_id": "17398942423057686582491252867921221591924525918102079345877032638913486446065", "price": "0.8", "size": "43.7", "side": "BUY", "hash": "59d37dd5dbd222cf5e99d374bf31cb9ade0d98bd", "best_bid": "0.82", "best_ask": "0.84"}, {"asset_id": "43377185540092441472523885859099478235201860627294255832516299903130560463298", "price": "0.2", "size": "43.7", "side": "SELL", "hash": "193f35326bd082bf692f7ebe3cec353a8f4423e3", "best_bid": "0.16", "best_ask": "0.18"}], "timestamp": "1769384741189", "event_type": "price_change"}}
{"_local_timestamp": "2026-01-25T23:45:41.295291+00:00", "data": {"market": "0x139ba0e7f931f09466c0fb27fc8ddb5e77ce9d1e2bdc953a5f22765bf779452f", "price_changes": [{"asset_id": "43377185540092441472523885859099478235201860627294255832516299903130560463298", "price": "0.14", "size": "463.99", "side": "BUY", "hash": "f9d5f73d1de93651cf499b15d6dd1e7a97643eb9", "best_bid": "0.16", "best_ask": "0.18"}, {"asset_id": "17398942423057686582491252867921221591924525918102079345877032638913486446065", "price": "0.86", "size": "463.99", "side": "SELL", "hash": "9c3748dbd9c0760c20004ab4c118622c8668e172", "best_bid": "0.82", "best_ask": "0.84"}], "timestamp": "1769384741190", "event_type": "price_change"}}
{"_local_timestamp": "2026-01-25T23:45:50.566105+00:00", "data": {"market": "0x139ba0e7f931f09466c0fb27fc8ddb5e77ce9d1e2bdc953a5f22765bf779452f", "price_changes": [{"asset_id": "17398942423057686582491252867921221591924525918102079345877032638913486446065", "price": "0.8", "size": "143.7", "side": "BUY", "hash": "c80d8124a51f87d9fdd2ca2b5e50bb154ebb75f7", "best_bid": "0.82", "best_ask": "0.84"}, {"asset_id": "43377185540092441472523885859099478235201860627294255832516299903130560463298", "price": "0.2", "size": "143.7", "side": "SELL", "hash": "3021caa3871f77b27245aabe479002ebe51cfc18", "best_bid": "0.16", "best_ask": "0.18"}], "timestamp": "1769384750497", "event_type": "price_change"}}
{"_local_timestamp": "2026-01-25T23:45:53.078626+00:00", "data": {"market": "0x139ba0e7f931f09466c0fb27fc8ddb5e77ce9d1e2bdc953a5f22765bf779452f", "price_changes": [{"asset_id": "17398942423057686582491252867921221591924525918102079345877032638913486446065", "price": "0.25", "size": "358.9", "side": "BUY", "hash": "23c8c60434b0e7bf5132efe2e8189c7cbdda422f", "best_bid": "0.82", "best_ask": "0.84"}, {"asset_id": "43377185540092441472523885859099478235201860627294255832516299903130560463298", "price": "0.75", "size": "358.9", "side": "SELL", "hash": "78041125820c585577decbc96099fb8221ee939a", "best_bid": "0.16", "best_ask": "0.18"}], "timestamp": "1769384752996", "event_type": "price_change"}}
{"_local_timestamp": "2026-01-25T23:45:53.642742+00:00", "data": {"market": "0x139ba0e7f931f09466c0fb27fc8ddb5e77ce9d1e2bdc953a5f22765bf779452f", "price_changes": [{"asset_id": "17398942423057686582491252867921221591924525918102079345877032638913486446065", "price": "0.22", "size": "50", "side": "BUY", "hash": "056a70ae579148a12cd2f9db131c492b1b57a4ca", "best_bid": "0.82", "best_ask": "0.84"}, {"asset_id": "43377185540092441472523885859099478235201860627294255832516299903130560463298", "price": "0.78", "size": "50", "side": "SELL", "hash": "659ed7203290eccebee6f0e958a7be978783a165", "best_bid": "0.16", "best_ask": "0.18"}], "timestamp": "1769384753510", "event_type": "price_change"}}
{"_local_timestamp": "2026-01-25T23:45:55.550544+00:00", "data": {"market": "0x139ba0e7f931f09466c0fb27fc8ddb5e77ce9d1e2bdc953a5f22765bf779452f", "price_changes": [{"asset_id": "43377185540092441472523885859099478235201860627294255832516299903130560463298", "price": "0.26", "size": "14.86", "side": "SELL", "hash": "fae3f1599453483a0627389b812e8a76e7095475", "best_bid": "0.16", "best_ask": "0.18"}, {"asset_id": "17398942423057686582491252867921221591924525918102079345877032638913486446065", "price": "0.74", "size": "14.86", "side": "BUY", "hash": "6bd47688b089d028a216bb24dacbf27a2f1c8052", "best_bid": "0.82", "best_ask": "0.84"}], "timestamp": "1769384755487", "event_type": "price_change"}}
{"_local_timestamp": "2026-01-25T23:45:57.817398+00:00", "data": {"market": "0x139ba0e7f931f09466c0fb27fc8ddb5e77ce9d1e2bdc953a5f22765bf779452f", "price_changes": [{"asset_id": "43377185540092441472523885859099478235201860627294255832516299903130560463298", "price": "0.14", "size": "563.99", "side": "BUY", "hash": "9fc48c842df2aea06b07cde82abdaefc3b8489e3", "best_bid": "0.16", "best_ask": "0.18"}, {"asset_id": "17398942423057686582491252867921221591924525918102079345877032638913486446065", "price": "0.86", "size": "563.99", "side": "SELL", "hash": "58e68513e9a40536d89b6b00c8321ef5cb210dcf", "best_bid": "0.82", "best_ask": "0.84"}], "timestamp": "1769384757747", "event_type": "price_change"}}
{"_local_timestamp": "2026-01-25T23:45:59.301665+00:00", "data": {"market": "0x139ba0e7f931f09466c0fb27fc8ddb5e77ce9d1e2bdc953a5f22765bf779452f", "price_changes": [{"asset_id": "43377185540092441472523885859099478235201860627294255832516299903130560463298", "price": "0.25", "size": "22.29", "side": "SELL", "hash": "b10122c1c7c0396039dae7ca51ddd79c92ef8e7d", "best_bid": "0.16", "best_ask": "0.18"}, {"asset_id": "17398942423057686582491252867921221591924525918102079345877032638913486446065", "price": "0.75", "size": "22.29", "side": "BUY", "hash": "3921296ed543206d49a21e395f4d39b5add2bc57", "best_bid": "0.82", "best_ask": "0.84"}], "timestamp": "1769384759234", "event_type": "price_change"}}
{"_local_timestamp": "2026-01-25T23:46:04.100176+00:00", "data": {"market": "0x139ba0e7f931f09466c0fb27fc8ddb5e77ce9d1e2bdc953a5f22765bf779452f", "price_changes": [{"asset_id": "43377185540092441472523885859099478235201860627294255832516299903130560463298", "price": "0.26", "size": "27.25", "side": "SELL", "hash": "3eafff7f1a142e33311c00cbe4400afad0bd862a", "best_bid": "0.16", "best_ask": "0.18"}, {"asset_id": "17398942423057686582491252867921221591924525918102079345877032638913486446065", "price": "0.74", "size": "27.25", "side": "BUY", "hash": "41e19a0d8aa485c432cbc30f05378d9f7fc331d4", "best_bid": "0.82", "best_ask": "0.84"}], "timestamp": "1769384764026", "event_type": "price_change"}}
{"_local_timestamp": "2026-01-25T23:46:17.330350+00:00", "data": {"market": "0x68e2344a2ce725ca99f3b93df06f27a71f3a893a38e8a6a78f8d85bd2698eb20", "price_changes": [{"asset_id": "55066760863682681011750966950739411296364830422172387835703592639644113734177", "price": "0.23", "size": "163.04", "side": "BUY", "hash": "4acb20e069a4cefbd109866dd05fd06ea895b705", "best_bid": "0.74", "best_ask": "0.89"}, {"asset_id": "44488146241641686838477630423381146915926290111161217223359635890474557300976", "price": "0.77", "size": "163.04", "side": "SELL", "hash": "2f7a6f52a85d27dfca9ab32cab5766aa02db79da", "best_bid": "0.11", "best_ask": "0.26"}], "timestamp": "1769384777251", "event_type": "price_change"}}
{"_local_timestamp": "2026-01-25T23:46:17.331113+00:00", "data": {"market": "0x139ba0e7f931f09466c0fb27fc8ddb5e77ce9d1e2bdc953a5f22765bf779452f", "price_changes": [{"asset_id": "17398942423057686582491252867921221591924525918102079345877032638913486446065", "price": "0.29", "size": "132.75", "side": "BUY", "hash": "c3a0cb949da924849df3f6a0e0959d4d71512ed7", "best_bid": "0.82", "best_ask": "0.84"}, {"asset_id": "43377185540092441472523885859099478235201860627294255832516299903130560463298", "price": "0.71", "size": "132.75", "side": "SELL", "hash": "c79dad974621f6e0885b6951578e017bf06df9fc", "best_bid": "0.16", "best_ask": "0.18"}], "timestamp": "1769384777251", "event_type": "price_change"}}
{"_local_timestamp": "2026-01-25T23:46:17.723667+00:00", "data": {"market": "0x139ba0e7f931f09466c0fb27fc8ddb5e77ce9d1e2bdc953a5f22765bf779452f", "price_changes": [{"asset_id": "17398942423057686582491252867921221591924525918102079345877032638913486446065", "price": "0.26", "size": "1664", "side": "BUY", "hash": "cae3f03e7e646c1ab3af684318dbd433ee5ca64e", "best_bid": "0.82", "best_ask": "0.84"}, {"asset_id": "43377185540092441472523885859099478235201860627294255832516299903130560463298", "price": "0.74", "size": "1664", "side": "SELL", "hash": "14a3ca4a037dbbb0508cb92d69bc15575e3c0771", "best_bid": "0.16", "best_ask": "0.18"}], "timestamp": "1769384777645", "event_type": "price_change"}}
{"_local_timestamp": "2026-01-25T23:46:17.724685+00:00", "data": {"market": "0x68e2344a2ce725ca99f3b93df06f27a71f3a893a38e8a6a78f8d85bd2698eb20", "price_changes": [{"asset_id": "55066760863682681011750966950739411296364830422172387835703592639644113734177", "price": "0.24", "size": "1848", "side": "BUY", "hash": "3507e8e536bd513ab76183726acf6703cf9238bf", "best_bid": "0.74", "best_ask": "0.89"}, {"asset_id": "44488146241641686838477630423381146915926290111161217223359635890474557300976", "price": "0.76", "size": "1848", "side": "SELL", "hash": "7bb99ab757e46a6776b97357b7c20e68a40e1549", "best_bid": "0.11", "best_ask": "0.26"}], "timestamp": "1769384777643", "event_type": "price_change"}}
