{"_local_timestamp": "2026-01-25T23:34:17.998774+00:00", "data": [{"market": "0x345e60c49e549a6d84ad172ef92bd129f96df8c82ca330b7570d421da72a09eb", "asset_id": "95643236634324917713359547943692186743652486473412941803593792039597775896228", "timestamp": "1769382483672", "hash": "b7b4af0c4a7efe3da9750ff7e4d8e50c6a95be56", "bids": [{"price": "0.01", "size": "614.79"}, {"price": "0.02", "size": "163.72"}, {"price": "0.03", "size": "91"}, {"price": "0.04", "size": "6.21"}, {"price": "0.05", "size": "90"}, {"price": "0.06", "size": "38.48"}], "asks": [{"price": "0.99", "size": "614.79"}, {"price": "0.98", "size": "157.03"}, {"price": "0.97", "size": "12.74"}, {"price": "0.95", "size": "125"}, {"price": "0.94", "size": "43.95"}], "event_type": "book", "last_trade_price": ""}, {"market": "0x789eee21f55549a70e569280312a34db0b1ef781a6fd8ac470cae734ca16879f", "asset_id": "55458905284840994859079191513258458500071503449908408492007953603077199596096", "timestamp": "1769382821976", "hash": "033893f9f6cb1ec69b8ff45e4fb0c4ffb85b9cba", "bids": [{"price": "0.01", "size": "450"}, {"price": "0.02", "size": "375"}, {"price": "0.03", "size": "5.47"}], "asks": [{"price": "0.99", "size": "450"}, {"price": "0.98", "size": "292"}], "event_type": "book", "last_trade_price": ""}, {"market": "0x345e60c49e549a6d84ad172ef92bd129f96df8c82ca330b7570d421da72a09eb", "asset_id": "26262589885042927124046910689508374540065503555471349619200229141237789085935", "timestamp": "1769382483672", "hash": "1032c47e8386447be98f2213d7d999deab44d0e7", "bids": [{"price": "0.01", "size": "614.79"}, {"price": "0.02", "size": "157.03"}, {"price": "0.03", "size": "12.74"}, {"price": "0.05", "size": "125"}, {"price": "0.06", "size": "43.95"}], "asks": [{"price": "0.99", "size": "614.79"}, {"price": "0.98", "size": "163.72"}, {"price": "0.97", "size": "91"}, {"price": "0.96", "size": "6.21"}, {"price": "0.95", "size": "90"}, {"price": "0.94", "size": "38.48"}], "event_type": "book", "last_trade_price": ""}, {"market": "0xb1a836ab8d2934f75f8a1a883353cf879a12426f01bf7c4a1cc1be13d5449652", "asset_id": "90407325838718963554380858874654235393543975301087877238819614293447475510884", "timestamp": "1769383818917", "hash": "d4f6c4dad0da2db29ed5e7651bfc551ae2c9aed5", "bids": [{"price": "0.01", "size": "455.17"}, {"price": "0.02", "size": "859.15"}, {"price": "0.05", "size": "500"}, {"price": "0.06", "size": "12.75"}, {"price": "0.14", "size": "219"}, {"price": "0.56", "size": "100"}], "asks": [{"price": "0.99", "size": "460.37"}, {"price": "0.98", "size": "850"}, {"price": "0.97", "size": "5.09"}, {"price": "0.93", "size": "10.62"}, {"price": "0.91", "size": "575"}, {"price": "0.66", "size": "100"}], "event_type": "book", "last_trade_price": ""}, {"market": "0x67ee85efa1930482e5235038e621dffc6c7bbc355d6722ebda2aa71a9fa5884d", "asset_id": "76150679159738878680994536330216549927456132531546392483428971184982769058968", "timestamp": "1769382821399", "hash": "b1f0bdf083316e286d3c8c59dc56d52a0290ccaf", "bids": [{"price": "0.01", "size": "459.73"}, {"price": "0.02", "size": "850"}, {"price": "0.03", "size": "7.23"}, {"price": "0.04", "size": "15"}, {"price": "0.07", "size": "9.79"}, {"price": "0.29", "size": "100"}], "asks": [{"price": "0.99", "size": "455.09"}, {"price": "0.98", "size": "859"}, {"price": "0.95", "size": "500"}, {"price": "0.94", "size": "12.81"}, {"price": "0.86", "size": "219"}, {"price": "0.39", "size": "100"}], "event_type": "book", "last_trade_price": ""}, {"market": "0x789eee21f55549a70e569280312a34db0b1ef781a6fd8ac470cae734ca16879f", "asset_id": "44861576200171936775916590885174561850728133502889180505431806233622968576349", "timestamp": "1769382821976", "hash": "e184aad0041cd62bb33b6d2f9bcb36a65881b238", "bids": [{"price": "0.01", "size": "450"}, {"price": "0.02", "size": "292"}], "asks": [{"price": "0.99", "size": "450"}, {"price": "0.98", "size": "375"}, {"price": "0.97", "size": "5.47"}], "event_type": "book", "last_trade_price": ""}, {"market": "0x67ee85efa1930482e5235038e621dffc6c7bbc355d6722ebda2aa71a9fa5884d", "asset_id": "64526493635051432942189625470652305117164153565786081946019295080433232212557", "timestamp": "1769382821399", "hash": "a218982c8b0ebf2fa27a1ce49a3a2838a84349db", "bids": [{"price": "0.01", "size": "455.09"}, {"price": "0.02", "size": "859"}, {"price": "0.05", "size": "500"}, {"price": "0.06", "size": "12.81"}, {"price": "0.14", "size": "219"}, {"price": "0.61", "size": "100"}], "asks": [{"price": "0.99", "size": "459.73"}, {"price": "0.98", "size": "850"}, {"price": "0.97", "size": "7.23"}, {"price": "0.96", "size": "15"}, {"price": "0.93", "size": "9.79"}, {"price": "0.71", "size": "100"}], "event_type": "book", "last_trade_price": ""}, {"market": "0xb1a836ab8d2934f75f8a1a883353cf879a12426f01bf7c4a1cc1be13d5449652", "asset_id": "97141978501816865335432976171176758043094292470978315342865683022778590934485", "timestamp": "1769383818917", "hash": "974951f2c1ba06b6ed573a3924ea774eaba7971b", "bids": [{"price": "0.01", "size": "460.37"}, {"price": "0.02", "size": "850"}, {"price": "0.03", "size": "5.09"}, {"price": "0.07", "size": "10.62"}, {"price": "0.09", "size": "575"}, {"price": "0.34", "size": "100"}], "asks": [{"price": "0.99", "size": "455.17"}, {"price": "0.98", "size": "859.15"}, {"price": "0.95", "size": "500"}, {"price": "0.94", "size": "12.75"}, {"price": "0.86", "size": "219"}, {"price": "0.44", "size": "100"}], "event_type": "book", "last_trade_price": ""}, {"market": "0x5334c0beaf5f91c4d0356efce067999371404842340079485f0c164e03bb11d6", "asset_id": "64416731053084844950418364759907068480311957264046230874667531480707270685442", "timestamp": "1769382484887", "hash": "f6f82625ace692a63ae2a03b4ec69615fc3593bc", "bids": [{"price": "0.01", "size": "450"}, {"price": "0.02", "size": "375"}, {"price": "0.03", "size": "5.47"}], "asks": [{"price": "0.99", "size": "450"}, {"price": "0.98", "size": "292"}], "event_type": "book", "last_trade_price": ""}, {"market": "0x5334c0beaf5f91c4d0356efce067999371404842340079485f0c164e03bb11d6", "asset_id": "57093957137829928767419828567763363041278788322727178153363870990680964482013", "timestamp": "1769382484887", "hash": "472fdb60bee43a7d63181920138accfb4ae4104d", "bids": [{"price": "0.01", "size": "450"}, {"price": "0.02", "size": "292"}], "asks": [{"price": "0.99", "size": "450"}, {"price": "0.98", "size": "375"}, {"price": "0.97", "size": "5.47"}], "event_type": "book", "last_trade_price": ""}]}
