{"_local_timestamp": "2026-01-25T23:41:29.458454+00:00", "data": [{"market": "0x9fdd09008bf4d83c01517f2e0ea22a3e05ae8df084a31ba6cd1bd83aa27e9187", "asset_id": "30837449921964628962997111069869952218936560743192798567667536775679758123896", "timestamp": "1769384424947", "hash": "fa50647e5a13535ce599b96c19a685377e5ad79e", "bids": [{"price": "0.01", "size": "1055.03"}, {"price": "0.02", "size": "708.9"}, {"price": "0.05", "size": "500"}, {"price": "0.06", "size": "12.85"}, {"price": "0.13", "size": "248"}, {"price": "0.68", "size": "100"}], "asks": [{"price": "0.99", "size": "450"}, {"price": "0.98", "size": "710.43"}, {"price": "0.95", "size": "815.82"}, {"price": "0.78", "size": "100"}], "event_type": "book", "last_trade_price": ""}, {"market": "0x4ee35de48e54442ba91e8e72b11193147977507bad734eaf269204605c535f24", "asset_id": "104403367882886753006689253752881595229824897599491629860594813296870489676669", "timestamp": "1769382483677", "hash": "338dc14f39f4eb7840d263cab6001bf1930f7c90", "bids": [{"price": "0.01", "size": "614.79"}, {"price": "0.02", "size": "26.16"}, {"price": "0.04", "size": "49"}, {"price": "0.05", "size": "152"}, {"price": "0.06", "size": "10.95"}], "asks": [{"price": "0.99", "size": "618.81"}, {"price": "0.98", "size": "25.57"}, {"price": "0.97", "size": "16"}, {"price": "0.96", "size": "109"}, {"price": "0.95", "size": "106.01"}], "event_type": "book", "last_trade_price": ""}, {"market": "0xb7f0c38f93b46f205d38697a4fe53b04ff0f2da3f8ac2db507c53223b928eb08", "asset_id": "14424461575830432231694275206587532155485903798938231569515883903182959242465", "timestamp": "1769383966915", "hash": "4181e10fcef3ac6752eba727939ef7aacb1af7a3", "bids": [{"price": "0.01", "size": "285.01"}, {"price": "0.02", "size": "32.49"}], "asks": [{"price": "0.99", "size": "471.23"}, {"price": "0.98", "size": "241.17"}, {"price": "0.97", "size": "10.93"}, {"price": "0.96", "size": "13.88"}], "event_type": "book", "last_trade_price": ""}, {"market": "0xb7f0c38f93b46f205d38697a4fe53b04ff0f2da3f8ac2db507c53223b928eb08", "asset_id": "71725079627221595414763337886225648197551866185534271552535319404943708065295", "timestamp": "1769383966915", "hash": "bcf0d28336b841970a4fb49023ea758753343b55", "bids": [{"price": "0.01", "size": "471.23"}, {"price": "0.02", "size": "241.17"}, {"price": "0.03", "size": "10.93"}, {"price": "0.04", "size": "13.88"}], "asks": [{"price": "0.99", "size": "285.01"}, {"price": "0.98", "size": "32.49"}], "event_type": "book", "last_trade_price": ""}, {"market": "0x9fdd09008bf4d83c01517f2e0ea22a3e05ae8df084a31ba6cd1bd83aa27e9187", "asset_id": "350067313363283525152240960864113659355415627881211029895732938526537794644", "timestamp": "1769384424947", "hash": "d97479b261e77176b4855fce8e999ddeb3f82430", "bids": [{"price": "0.01", "size": "450"}, {"price": "0.02", "size": "710.43"}, {"price": "0.05", "size": "815.82"}, {"price": "0.22", "size": "100"}], "asks": [{"price": "0.99", "size": "1055.03"}, {"price": "0.98", "size": "708.9"}, {"price": "0.95", "size": "500"}, {"price": "0.94", "size": "12.85"}, {"price": "0.87", "size": "248"}, {"price": "0.32", "size": "100"}], "event_type": "book", "last_trade_price": ""}, {"market": "0x9c4ba1fa399802b07474f389fb27123eec36729f499ceb340c2cad1ebf9156bc", "asset_id": "57848475061991072852406702194858641422001240531938813861491368685070758108201", "timestamp": "1769384424951", "hash": "b0c9254a59c9b25cc91f04c4669b349a137b7160", "bids": [{"price": "0.01", "size": "259.47"}, {"price": "0.02", "size": "700"}, {"price": "0.03", "size": "6.15"}, {"price": "0.06", "size": "812.01"}, {"price": "0.24", "size": "100"}], "asks": [{"price": "0.99", "size": "1255.05"}, {"price": "0.98", "size": "708.93"}, {"price": "0.95", "size": "500"}, {"price": "0.94", "size": "12.84"}, {"price": "0.86", "size": "219"}, {"price": "0.34", "size": "100"}], "event_type": "book", "last_trade_price": ""}, {"market": "0x27f43383502f0a36b62fee8b9281d9fc4dea21ce25b967b94e88549ae6cabef0", "asset_id": "109042535324964946626409246645052063686779647515912896774168224909770907690522", "timestamp": "1769381899955", "hash": "5845a558691797340e772db4167f6663549b1137", "bids": [{"price": "0.01", "size": "1255.42"}, {"price": "0.02", "size": "709.58"}, {"price": "0.05", "size": "500"}, {"price": "0.06", "size": "12.56"}, {"price": "0.14", "size": "219"}, {"price": "0.42", "size": "100"}, {"price": "0.45", "size": "18.37"}], "asks": [{"price": "0.99", "size": "1055.29"}, {"price": "0.98", "size": "709.35"}, {"price": "0.95", "size": "500"}, {"price": "0.94", "size": "12.66"}, {"price": "0.86", "size": "223"}, {"price": "0.52", "size": "100"}, {"price": "0.5", "size": "20.02"}], "event_type": "book", "last_trade_price": ""}, {"market": "0x4ee35de48e54442ba91e8e72b11193147977507bad734eaf269204605c535f24", "asset_id": "74200867095757845675431925019505060538781242715792717738503860093495464762319", "timestamp": "1769382483677", "hash": "9f702294af852cfaa7f8988aed7a953e9ff84780", "bids": [{"price": "0.01", "size": "618.81"}, {"price": "0.02", "size": "25.57"}, {"price": "0.03", "size": "16"}, {"price": "0.04", "size": "109"}, {"price": "0.05", "size": "106.01"}], "asks": [{"price": "0.99", "size": "614.79"}, {"price": "0.98", "size": "26.16"}, {"price": "0.96", "size": "49"}, {"price": "0.95", "size": "152"}, {"price": "0.94", "size": "10.95"}], "event_type": "book", "last_trade_price": ""}, {"market": "0x27f43383502f0a36b62fee8b9281d9fc4dea21ce25b967b94e88549ae6cabef0", "asset_id": "98950329149289058372301739073717083908997403592481416626508884427300557731781", "timestamp": "1769381899955", "hash": "bd3a5db79c9610840304aabf1b37b3a5a54c77a0", "bids": [{"price": "0.01", "size": "1055.29"}, {"price": "0.02", "size": "709.35"}, {"price": "0.05", "size": "500"}, {"price": "0.06", "size": "12.66"}, {"price": "0.14", "size": "223"}, {"price": "0.48", "size": "100"}, {"price": "0.5", "size": "20.02"}], "asks": [{"price": "0.99", "size": "1255.42"}, {"price": "0.98", "size": "709.58"}, {"price": "0.95", "size": "500"}, {"price": "0.94", "size": "12.56"}, {"price": "0.86", "size": "219"}, {"price": "0.58", "size": "100"}, {"price": "0.55", "size": "18.37"}], "event_type": "book", "last_trade_price": ""}, {"market": "0x9c4ba1fa399802b07474f389fb27123eec36729f499ceb340c2cad1ebf9156bc", "asset_id": "21287486872232346742571514269238812502718307914052004166197662623874994364065", "timestamp": "1769384424951", "hash": "1d70cfee6bc6b0015e2693b4145cbc55740744fe", "bids": [{"price": "0.01", "size": "1255.05"}, {"price": "0.02", "size": "708.93"}, {"price": "0.05", "size": "500"}, {"price": "0.06", "size": "12.84"}, {"price": "0.14", "size": "219"}, {"price": "0.66", "size": "100"}], "asks": [{"price": "0.99", "size": "259.47"}, {"price": "0.98", "size": "700"}, {"price": "0.97", "size": "6.15"}, {"price": "0.94", "size": "812.01"}, {"price": "0.76", "size": "100"}], "event_type": "book", "last_trade_price": ""}]}
