{"_local_timestamp": "2026-01-25T23:34:24.326133+00:00", "data": [{"market": "0x06fc8f5eab2f700768949ec19e00d3aa3fc7b0aca2900d44d5d42faeb997e2eb", "asset_id": "2006350243419190720409860327349913142571370649307337271496163156778597127061", "timestamp": "1769382484883", "hash": "6f9a261fca0d5ab002bb363f62328b42ca0d5d86", "bids": [{"price": "0.01", "size": "472.04"}, {"price": "0.02", "size": "144.48"}, {"price": "0.03", "size": "19"}, {"price": "0.04", "size": "5.47"}], "asks": [{"price": "0.99", "size": "385.01"}, {"price": "0.98", "size": "32.49"}], "event_type": "book", "last_trade_price": ""}, {"market": "0xc998a16318bf0361f037a2d2d75147d87a1b94594ac1f47df6b0079c9efe6099", "asset_id": "63643209842779807487392335085295181698483302208824536224462225253823546217640", "timestamp": "1769383963185", "hash": "5616d3d5ae3305bd270feba5f573c10b2bd60589", "bids": [{"price": "0.01", "size": "1055.16"}, {"price": "0.02", "size": "709.12"}, {"price": "0.05", "size": "500"}, {"price": "0.06", "size": "12.76"}, {"price": "0.14", "size": "219"}, {"price": "0.58", "size": "100"}], "asks": [{"price": "0.99", "size": "1260.67"}, {"price": "0.98", "size": "700"}, {"price": "0.97", "size": "7.17"}, {"price": "0.96", "size": "14"}, {"price": "0.95", "size": "13.56"}, {"price": "0.68", "size": "100"}], "event_type": "book", "last_trade_price": ""}, {"market": "0x9859ad4b3f104ee57ead9e3249091b56ab4e62d5d960ee65bc9f8a032a56a929", "asset_id": "23838547139445275604367415365219830660643901344176740210911970477451698314181", "timestamp": "1769383963185", "hash": "38fa9f59483310fa7719c2c88b2a05b1cb43917f", "bids": [{"price": "0.01", "size": "1060.47"}, {"price": "0.02", "size": "700"}, {"price": "0.03", "size": "7.38"}, {"price": "0.04", "size": "14"}, {"price": "0.05", "size": "13.47"}, {"price": "0.32", "size": "100"}], "asks": [{"price": "0.99", "size": "1255.13"}, {"price": "0.98", "size": "709.07"}, {"price": "0.95", "size": "500"}, {"price": "0.94", "size": "12.78"}, {"price": "0.86", "size": "219"}, {"price": "0.42", "size": "100"}], "event_type": "book", "last_trade_price": ""}, {"market": "0x06fc8f5eab2f700768949ec19e00d3aa3fc7b0aca2900d44d5d42faeb997e2eb", "asset_id": "88766345516759632969681719170134509680405997845620881702124825591165979602553", "timestamp": "1769382484898", "hash": "11a5d11faf9eb9b71c140b4d829b0c5b62438c41", "bids": [{"price": "0.01", "size": "285.01"}, {"price": "0.02", "size": "32.49"}], "asks": [{"price": "0.99", "size": "472.04"}, {"price": "0.98", "size": "144.48"}, {"price": "0.97", "size": "19"}, {"price": "0.96", "size": "5.47"}], "event_type": "book", "last_trade_price": ""}, {"market": "0x95979fa900f73682916a26e752cc920b194cfe4ab1e1b7fb0fb5c5227c4d4b5f", "asset_id": "10075062893925747190885430842676595637663433630629270791743373608128933439783", "timestamp": "1769382484887", "hash": "bdd14efe0783c692c429f4ea301b8f8070a148b9", "bids": [{"price": "0.01", "size": "285.01"}, {"price": "0.02", "size": "32.49"}], "asks": [{"price": "0.99", "size": "472.04"}, {"price": "0.98", "size": "144.48"}, {"price": "0.97", "size": "19"}, {"price": "0.96", "size": "5.47"}], "event_type": "book", "last_trade_price": ""}, {"market": "0x95979fa900f73682916a26e752cc920b194cfe4ab1e1b7fb0fb5c5227c4d4b5f", "asset_id": "43563518829889273117573639830797638133622049713576357741722894360251908181309", "timestamp": "1769382484887", "hash": "c32d11d8aa6f0d0fe74d6ab4c7b2853b6f96f518", "bids": [{"price": "0.01", "size": "472.04"}, {"price": "0.02", "size": "144.48"}, {"price": "0.03", "size": "19"}, {"price": "0.04", "size": "5.47"}], "asks": [{"price": "0.99", "size": "285.01"}, {"price": "0.98", "size": "32.49"}], "event_type": "book", "last_trade_price": ""}, {"market": "0xc998a16318bf0361f037a2d2d75147d87a1b94594ac1f47df6b0079c9efe6099", "asset_id": "94516797970231124652269243762092946028837548540149014750624619249277997410449", "timestamp": "1769383963185", "hash": "5bedc65adfff879a948d472f9adb25cb85a70b3e", "bids": [{"price": "0.01", "size": "1260.67"}, {"price": "0.02", "size": "700"}, {"price": "0.03", "size": "7.17"}, {"price": "0.04", "size": "14"}, {"price": "0.05", "size": "13.56"}, {"price": "0.32", "size": "100"}], "asks": [{"price": "0.99", "size": "1055.16"}, {"price": "0.98", "size": "709.12"}, {"price": "0.95", "size": "500"}, {"price": "0.94", "size": "12.76"}, {"price": "0.86", "size": "219"}, {"price": "0.42", "size": "100"}], "event_type": "book", "last_trade_price": ""}, {"market": "0x9859ad4b3f104ee57ead9e3249091b56ab4e62d5d960ee65bc9f8a032a56a929", "asset_id": "79230788305637679453181802305108158350327648390542397058101961633559007229777", "timestamp": "1769383963185", "hash": "70b0c48dc8cfe5128f2123c5813ec7791f48a582", "bids": [{"price": "0.01", "size": "1255.13"}, {"price": "0.02", "size": "709.07"}, {"price": "0.05", "size": "500"}, {"price": "0.06", "size": "12.78"}, {"price": "0.14", "size": "219"}, {"price": "0.58", "size": "100"}], "asks": [{"price": "0.99", "size": "1060.47"}, {"price": "0.98", "size": "700"}, {"price": "0.97", "size": "7.38"}, {"price": "0.96", "size": "14"}, {"price": "0.95", "size": "13.47"}, {"price": "0.68", "size": "100"}], "event_type": "book", "last_trade_price": ""}, {"market": "0x6b3c727e485791e41d6c71d04cdbb4df52d26d81fa0853e6ff708f18b7d22215", "asset_id": "58524744846612928204332736231555760903401783505525897466916534327293589981125", "timestamp": "1769382484887", "hash": "625525a5148dce2bdded99c217c75b89b3f84663", "bids": [{"price": "0.01", "size": "614.79"}, {"price": "0.02", "size": "26.16"}, {"price": "0.04", "size": "49"}, {"price": "0.05", "size": "149"}, {"price": "0.06", "size": "10.95"}], "asks": [{"price": "0.99", "size": "618.81"}, {"price": "0.98", "size": "25.56"}, {"price": "0.97", "size": "16"}, {"price": "0.96", "size": "48"}, {"price": "0.95", "size": "106.01"}], "event_type": "book", "last_trade_price": ""}, {"market": "0x6b3c727e485791e41d6c71d04cdbb4df52d26d81fa0853e6ff708f18b7d22215", "asset_id": "86622450265572358590148877771801140474221767150842620157290027734618786258067", "timestamp": "1769382484887", "hash": "d89e4a882e993f96de2168713d1156a33d7e9cff", "bids": [{"price": "0.01", "size": "618.81"}, {"price": "0.02", "size": "25.56"}, {"price": "0.03", "size": "16"}, {"price": "0.04", "size": "48"}, {"price": "0.05", "size": "106.01"}], "asks": [{"price": "0.99", "size": "614.79"}, {"price": "0.98", "size": "26.16"}, {"price": "0.96", "size": "49"}, {"price": "0.95", "size": "149"}, {"price": "0.94", "size": "10.95"}], "event_type": "book", "last_trade_price": ""}]}
