{"_local_timestamp": "2026-01-25T23:33:59.701390+00:00", "data": [{"market": "0x452398fa1608c0f09649121ec190945e8ba7008d9b4ac2a9df23bebd5c5e2c2f", "asset_id": "62790454363624587538854419178279925680885151389949548634069366792422728188308", "timestamp": "1769382786207", "hash": "598f1b817cf0a16ca1edfaa0715991ffd73be03c", "bids": [{"price": "0.01", "size": "572.04"}, {"price": "0.02", "size": "160.48"}, {"price": "0.03", "size": "81.65"}, {"price": "0.04", "size": "31.9"}], "asks": [{"price": "0.99", "size": "564.79"}, {"price": "0.98", "size": "156.69"}, {"price": "0.97", "size": "8.79"}, {"price": "0.96", "size": "83"}, {"price": "0.95", "size": "9.09"}, {"price": "0.94", "size": "5.47"}], "event_type": "book", "last_trade_price": ""}, {"market": "0x4b5c8325519e996c28ba65dfa11d349849507bc09ca5123e758f141fc95dc8a6", "asset_id": "23263685722826887322034592566647989077769626573836161395074361260928672278652", "timestamp": "1769382483696", "hash": "e5f0143046c3da749d9f95683e42063c84654372", "bids": [{"price": "0.01", "size": "569.87"}, {"price": "0.02", "size": "156.69"}, {"price": "0.03", "size": "81.18"}, {"price": "0.05", "size": "15.11"}], "asks": [{"price": "0.99", "size": "550"}, {"price": "0.98", "size": "375"}], "event_type": "book", "last_trade_price": ""}, {"market": "0xd4056f24b13851046082872d7d6f716e16b0eeb8f5a89ed2b04ff5269665c122", "asset_id": "18859273291550256281967928266472617114533904040710149837595537554534627546107", "timestamp": "1769382483677", "hash": "16b45120bdd0aaa011e9d5855830a96b4aa3c0e0", "bids": [{"price": "0.01", "size": "569.87"}, {"price": "0.02", "size": "156.69"}, {"price": "0.03", "size": "81.18"}, {"price": "0.05", "size": "15.11"}], "asks": [{"price": "0.99", "size": "572.04"}, {"price": "0.98", "size": "160.48"}, {"price": "0.97", "size": "223.65"}, {"price": "0.96", "size": "30.36"}], "event_type": "book", "last_trade_price": ""}, {"market": "0xb067423b4e20e541d4c977d433f3bccf4152d94734895a321c84ea5359ac7864", "asset_id": "56849782413104892288814847051178560257581752922325071497779770004288142175094", "timestamp": "1769382484879", "hash": "b7e79583326ce6e3355402ac18c6cec4ca0a918b", "bids": [{"price": "0.01", "size": "564.79"}, {"price": "0.02", "size": "12.43"}, {"price": "0.03", "size": "125.15"}, {"price": "0.04", "size": "6.49"}, {"price": "0.05", "size": "6.58"}, {"price": "0.06", "size": "11.56"}], "asks": [{"price": "0.99", "size": "568.81"}, {"price": "0.98", "size": "25.57"}, {"price": "0.96", "size": "62"}, {"price": "0.95", "size": "23.11"}], "event_type": "book", "last_trade_price": ""}, {"market": "0xd4056f24b13851046082872d7d6f716e16b0eeb8f5a89ed2b04ff5269665c122", "asset_id": "18293588514164125618645187464236349599101585326098084571968201478810088102196", "timestamp": "1769382483677", "hash": "c5dfdd7303ea2d5f35d74b38d65832ccc705608e", "bids": [{"price": "0.01", "size": "572.04"}, {"price": "0.02", "size": "160.48"}, {"price": "0.03", "size": "223.65"}, {"price": "0.04", "size": "30.36"}], "asks": [{"price": "0.99", "size": "569.87"}, {"price": "0.98", "size": "156.69"}, {"price": "0.97", "size": "81.18"}, {"price": "0.95", "size": "15.11"}], "event_type": "book", "last_trade_price": ""}, {"market": "0x4b5c8325519e996c28ba65dfa11d349849507bc09ca5123e758f141fc95dc8a6", "asset_id": "2704977269745432915758930663143614184632527056181668194160582671286495606300", "timestamp": "1769382483696", "hash": "e673dcbec7a2b60b580b9b15cf87959e99aee1ec", "bids": [{"price": "0.01", "size": "550"}, {"price": "0.02", "size": "375"}], "asks": [{"price": "0.99", "size": "569.87"}, {"price": "0.98", "size": "156.69"}, {"price": "0.97", "size": "81.18"}, {"price": "0.95", "size": "15.11"}], "event_type": "book", "last_trade_price": ""}, {"market": "0xc0ca6ed58521e711768bd1e95840b98ad60da6ffe2f38c0edbde10d34b852967", "asset_id": "14759991131537663930539758402621251634779997611223587127373775526293821375493", "timestamp": "1769382484880", "hash": "c99cb147ebd50c3d2c974c7ae656e2204c77617f", "bids": [{"price": "0.01", "size": "572.74"}, {"price": "0.02", "size": "160.48"}, {"price": "0.03", "size": "198.65"}, {"price": "0.05", "size": "12.73"}], "asks": [{"price": "0.99", "size": "550"}, {"price": "0.98", "size": "375"}], "event_type": "book", "last_trade_price": ""}, {"market": "0xb067423b4e20e541d4c977d433f3bccf4152d94734895a321c84ea5359ac7864", "asset_id": "111777454839039776573262415366769456709356031185115860496539599738164254315568", "timestamp": "1769382484879", "hash": "a55fff66faef2a103ac6730c81619199a85f1c6f", "bids": [{"price": "0.01", "size": "568.81"}, {"price": "0.02", "size": "25.57"}, {"price": "0.04", "size": "62"}, {"price": "0.05", "size": "23.11"}], "asks": [{"price": "0.99", "size": "564.79"}, {"price": "0.98", "size": "12.43"}, {"price": "0.97", "size": "125.15"}, {"price": "0.96", "size": "6.49"}, {"price": "0.95", "size": "6.58"}, {"price": "0.94", "size": "11.56"}], "event_type": "book", "last_trade_price": ""}, {"market": "0x9d478932d7295eefec8ad40a9f5d5486ba4f16fe2906a9c89ee623c4fb41ba65", "asset_id": "110761914560571220451650586980237735745900288665069860388878801669107392967437", "timestamp": "1769382484883", "hash": "743eae7e3ebbb7b34350cfc5e966e850ddb289e9", "bids": [{"price": "0.01", "size": "672.04"}, {"price": "0.02", "size": "160.48"}, {"price": "0.03", "size": "244.25"}, {"price": "0.04", "size": "41"}], "asks": [{"price": "0.99", "size": "664.79"}, {"price": "0.98", "size": "163.72"}, {"price": "0.97", "size": "75"}, {"price": "0.96", "size": "6.21"}, {"price": "0.95", "size": "30"}, {"price": "0.94", "size": "10.95"}], "event_type": "book", "last_trade_price": ""}, {"market": "0x452398fa1608c0f09649121ec190945e8ba7008d9b4ac2a9df23bebd5c5e2c2f", "asset_id": "2744740801485794912165115209597635796140109523150976759223109536624189144859", "timestamp": "1769382786207", "hash": "0fe80fc0faef73be4caad8a1baea3080a1f07ca4", "bids": [{"price": "0.01", "size": "564.79"}, {"price": "0.02", "size": "156.69"}, {"price": "0.03", "size": "8.79"}, {"price": "0.04", "size": "83"}, {"price": "0.05", "size": "9.09"}, {"price": "0.06", "size": "5.47"}], "asks": [{"price": "0.99", "size": "572.04"}, {"price": "0.98", "size": "160.48"}, {"price": "0.97", "size": "81.65"}, {"price": "0.96", "size": "31.9"}], "event_type": "book", "last_trade_price": ""}, {"market": "0xc0ca6ed58521e711768bd1e95840b98ad60da6ffe2f38c0edbde10d34b852967", "asset_id": "34635925369470069709181803083601342457251384495357471364555931189844888422287", "timestamp": "1769382484880", "hash": "5c6c4f49abb3df0d6a350f9b0f95184229d800f0", "bids": [{"price": "0.01", "size": "550"}, {"price": "0.02", "size": "375"}], "asks": [{"price": "0.99", "size": "572.74"}, {"price": "0.98", "size": "160.48"}, {"price": "0.97", "size": "198.65"}, {"price": "0.95", "size": "12.73"}], "event_type": "book", "last_trade_price": ""}, {"market": "0x9d478932d7295eefec8ad40a9f5d5486ba4f16fe2906a9c89ee623c4fb41ba65", "asset_id": "102008284037328996332366380931917071127633298463578916737953492555339944165156", "timestamp": "1769382484883", "hash": "f54d0b7bf360eeeee50db65fb124c1cd4cb38e24", "bids": [{"price": "0.01", "size": "664.79"}, {"price": "0.02", "size": "163.72"}, {"price": "0.03", "size": "75"}, {"price": "0.04", "size": "6.21"}, {"price": "0.05", "size": "30"}, {"price": "0.06", "size": "10.95"}], "asks": [{"price": "0.99", "size": "672.04"}, {"price": "0.98", "size": "160.48"}, {"price": "0.97", "size": "244.25"}, {"price": "0.96", "size": "41"}], "event_type": "book", "last_trade_price": ""}]}
