{"_local_timestamp": "2026-01-25T23:34:01.991540+00:00", "data": [{"market": "0x3745732f0522e40a0acdc03bb46c33c1f3cbf088f9b54f5743f00a9730220223", "asset_id": "57881953354391697477354666038398084267077508856092001203679886515345003918479", "timestamp": "1769382785082", "hash": "b6b7d688dbd8ec1a1e8e5ef3894436be86a17cd9", "bids": [{"price": "0.01", "size": "550"}, {"price": "0.02", "size": "375"}], "asks": [{"price": "0.99", "size": "564.79"}, {"price": "0.98", "size": "156.69"}, {"price": "0.97", "size": "87.56"}, {"price": "0.95", "size": "12.29"}], "event_type": "book", "last_trade_price": ""}, {"market": "0x82c5f254336364cb554c36c0a249a2af566f3a17038a883964f6834f4d396e88", "asset_id": "59663502921369432027187925799532728082790613850877632793993742882717471146741", "timestamp": "1769383942287", "hash": "1df55be01f3edf210053efb9b6a277cdde591782", "bids": [{"price": "0.01", "size": "668.81"}, {"price": "0.02", "size": "158.94"}, {"price": "0.03", "size": "227.07"}, {"price": "0.05", "size": "32.01"}], "asks": [{"price": "0.99", "size": "664.79"}, {"price": "0.98", "size": "163.72"}, {"price": "0.97", "size": "75"}, {"price": "0.96", "size": "6.21"}, {"price": "0.95", "size": "30"}, {"price": "0.94", "size": "10.95"}], "event_type": "book", "last_trade_price": ""}, {"market": "0x82c5f254336364cb554c36c0a249a2af566f3a17038a883964f6834f4d396e88", "asset_id": "93337940677204066522403077915201679510179263687623549127954389325801030186231", "timestamp": "1769383942287", "hash": "fe6d90328342066a2d9add9aacf308879a8c9dfb", "bids": [{"price": "0.01", "size": "664.79"}, {"price": "0.02", "size": "163.72"}, {"price": "0.03", "size": "75"}, {"price": "0.04", "size": "6.21"}, {"price": "0.05", "size": "30"}, {"price": "0.06", "size": "10.95"}], "asks": [{"price": "0.99", "size": "668.81"}, {"price": "0.98", "size": "158.94"}, {"price": "0.97", "size": "227.07"}, {"price": "0.95", "size": "32.01"}], "event_type": "book", "last_trade_price": ""}, {"market": "0xefefcc25b0da32e24dc7c0f584659986cb5644e930206f013b1a7b29d698c30e", "asset_id": "45981147908827636808004573969052487983480863858269339033129888581314950719853", "timestamp": "1769382623702", "hash": "ec33afb90164f2f7364a62c7be2276da95e9dba4", "bids": [{"price": "0.01", "size": "550"}, {"price": "0.02", "size": "375"}], "asks": [{"price": "0.99", "size": "572.74"}, {"price": "0.98", "size": "160.48"}, {"price": "0.97", "size": "198.65"}, {"price": "0.95", "size": "12.73"}], "event_type": "book", "last_trade_price": ""}, {"market": "0x10efc76572ddb821a342b3ef17e5a2c8e3e9cd50a09f78998605afd3aee58c68", "asset_id": "101506054857003005476566514587076137701774037392395748348499796955732593828941", "timestamp": "1769383942255", "hash": "2244eb531ccd172fac5ca7a498ced4b3264646d2", "bids": [{"price": "0.01", "size": "160.57"}, {"price": "0.02", "size": "150"}, {"price": "0.03", "size": "11.05"}, {"price": "0.09", "size": "144.44"}, {"price": "0.1", "size": "182"}, {"price": "0.11", "size": "5.11"}, {"price": "0.45", "size": "8.71"}], "asks": [{"price": "0.99", "size": "91155.87"}, {"price": "0.98", "size": "150"}, {"price": "0.97", "size": "10.78"}, {"price": "0.91", "size": "144.44"}, {"price": "0.9", "size": "182"}, {"price": "0.89", "size": "5.21"}, {"price": "0.5", "size": "10.38"}], "event_type": "book", "last_trade_price": ""}, {"market": "0x0b73165883bfa5000791acc7f5a886026e85323b00f63585143aa78c0410ac08", "asset_id": "27343916446079108481985127919077849504246501911303642102405855838941334730308", "timestamp": "1769382721354", "hash": "40f3d9a15dd619b0c5f7edf4175d675ca8507e0f", "bids": [{"price": "0.01", "size": "572.79"}, {"price": "0.02", "size": "10.48"}, {"price": "0.03", "size": "211.65"}, {"price": "0.05", "size": "12.73"}], "asks": [{"price": "0.99", "size": "550"}, {"price": "0.98", "size": "150"}], "event_type": "book", "last_trade_price": ""}, {"market": "0xefefcc25b0da32e24dc7c0f584659986cb5644e930206f013b1a7b29d698c30e", "asset_id": "68073878205830282726794206871512236931733353788393649331515346807005689016000", "timestamp": "1769382623702", "hash": "06d1412747d3c46030a591d26f39ac12b6a840b1", "bids": [{"price": "0.01", "size": "572.74"}, {"price": "0.02", "size": "160.48"}, {"price": "0.03", "size": "198.65"}, {"price": "0.05", "size": "12.73"}], "asks": [{"price": "0.99", "size": "550"}, {"price": "0.98", "size": "375"}], "event_type": "book", "last_trade_price": ""}, {"market": "0x3745732f0522e40a0acdc03bb46c33c1f3cbf088f9b54f5743f00a9730220223", "asset_id": "99500839013753576094974255811931266254266027964127532224151280973689905541997", "timestamp": "1769382785082", "hash": "b12399d5eb1b6ed26255ccc89cfaf4c70c65583f", "bids": [{"price": "0.01", "size": "564.79"}, {"price": "0.02", "size": "156.69"}, {"price": "0.03", "size": "87.56"}, {"price": "0.05", "size": "12.29"}], "asks": [{"price": "0.99", "size": "550"}, {"price": "0.98", "size": "375"}], "event_type": "book", "last_trade_price": ""}, {"market": "0xc723c5ae2aae98fe46dfc9e78e68ea9a00f4a4c3d861cf08d0cf3e5eab090fe3", "asset_id": "92758874619249825619890608416336166551763148488057225150666866850011406845263", "timestamp": "1769383942312", "hash": "a6921fffa3c30f0542d7f0f949e4ed0ad01ea8cc", "bids": [{"price": "0.01", "size": "155.09"}, {"price": "0.02", "size": "14.97"}, {"price": "0.05", "size": "260"}, {"price": "0.06", "size": "110"}, {"price": "0.07", "size": "78.57"}, {"price": "0.11", "size": "5.9"}, {"price": "0.62", "size": "23.8"}], "asks": [{"price": "0.99", "size": "561.65"}, {"price": "0.98", "size": "7.29"}, {"price": "0.97", "size": "9.02"}, {"price": "0.96", "size": "64"}, {"price": "0.94", "size": "7.78"}, {"price": "0.93", "size": "5.47"}, {"price": "0.92", "size": "70"}], "event_type": "book", "last_trade_price": ""}, {"market": "0x10efc76572ddb821a342b3ef17e5a2c8e3e9cd50a09f78998605afd3aee58c68", "asset_id": "111886365440724971859285674420368861239320241509525058596908372458231113240051", "timestamp": "1769383942255", "hash": "a406b0e4806bce8d9cb806c0008c244c0da8ca4f", "bids": [{"price": "0.01", "size": "91155.87"}, {"price": "0.02", "size": "150"}, {"price": "0.03", "size": "10.78"}, {"price": "0.09", "size": "144.44"}, {"price": "0.1", "size": "182"}, {"price": "0.11", "size": "5.21"}, {"price": "0.5", "size": "10.38"}], "asks": [{"price": "0.99", "size": "160.57"}, {"price": "0.98", "size": "150"}, {"price": "0.97", "size": "11.05"}, {"price": "0.91", "size": "144.44"}, {"price": "0.9", "size": "182"}, {"price": "0.89", "size": "5.11"}, {"price": "0.55", "size": "8.71"}], "event_type": "book", "last_trade_price": ""}, {"market": "0xc723c5ae2aae98fe46dfc9e78e68ea9a00f4a4c3d861cf08d0cf3e5eab090fe3", "asset_id": "58393453363579051083778270255159918166139765601888334535257885338363955135845", "timestamp": "1769383942312", "hash": "087cdc1178fef9f2136a4f74a597e72888b84384", "bids": [{"price": "0.01", "size": "561.65"}, {"price": "0.02", "size": "7.29"}, {"price": "0.03", "size": "9.02"}, {"price": "0.04", "size": "64"}, {"price": "0.06", "size": "7.78"}, {"price": "0.07", "size": "5.47"}, {"price": "0.08", "size": "70"}], "asks": [{"price": "0.99", "size": "155.09"}, {"price": "0.98", "size": "14.97"}, {"price": "0.95", "size": "260"}, {"price": "0.94", "size": "110"}, {"price": "0.93", "size": "78.57"}, {"price": "0.89", "size": "5.9"}, {"price": "0.38", "size": "23.8"}], "event_type": "book", "last_trade_price": ""}, {"market": "0x0b73165883bfa5000791acc7f5a886026e85323b00f63585143aa78c0410ac08", "asset_id": "48069327826508249470101087783169408439549336898208149117254957179973933546415", "timestamp": "1769382721354", "hash": "37aa943ad81a62bf4f4c6d5abf75199b835642cc", "bids": [{"price": "0.01", "size": "550"}, {"price": "0.02", "size": "150"}], "asks": [{"price": "0.99", "size": "572.79"}, {"price": "0.98", "size": "10.48"}, {"price": "0.97", "size": "211.65"}, {"price": "0.95", "size": "12.73"}], "event_type": "book", "last_trade_price": ""}]}
