{"_local_timestamp": "2026-01-25T23:40:29.602964+00:00", "data": [{"market": "0xe7664a539f6127fbfddad20f2cc362ef458cc1ccdf29f5ac23a6e409c402d8fd", "asset_id": "89520848256403305974323485459854822913782396273578152633149755590292693577933", "timestamp": "1769384423230", "hash": "001716547521144fd82e162621c181b71fd5cb82", "bids": [{"price": "0.001", "size": "1623.04"}, {"price": "0.002", "size": "331.07"}, {"price": "0.003", "size": "44.39"}, {"price": "0.01", "size": "23"}, {"price": "0.012", "size": "673.52"}, {"price": "0.013", "size": "32.32"}, {"price": "0.025", "size": "74.36"}, {"price": "0.026", "size": "7.31"}, {"price": "0.027", "size": "115"}, {"price": "0.03", "size": "37.32"}], "asks": [{"price": "0.999", "size": "3616.33"}, {"price": "0.998", "size": "1255.51"}, {"price": "0.997", "size": "1400"}, {"price": "0.996", "size": "9.42"}, {"price": "0.994", "size": "200"}, {"price": "0.99", "size": "23"}, {"price": "0.989", "size": "6.94"}, {"price": "0.975", "size": "20"}, {"price": "0.974", "size": "5.42"}, {"price": "0.973", "size": "150"}, {"price": "0.946", "size": "65"}, {"price": "0.941", "size": "125"}, {"price": "0.94", "size": "12.14"}, {"price": "0.885", "size": "150"}, {"price": "0.756", "size": "125"}, {"price": "0.755", "size": "8"}, {"price": "0.449", "size": "100"}, {"price": "0.219", "size": "131.22"}, {"price": "0.218", "size": "100"}, {"price": "0.2", "size": "50"}, {"price": "0.17", "size": "54.71"}, {"price": "0.167", "size": "45"}, {"price": "0.166", "size": "50"}], "event_type": "book", "last_trade_price": "0.970"}, {"market": "0xe7664a539f6127fbfddad20f2cc362ef458cc1ccdf29f5ac23a6e409c402d8fd", "asset_id": "38865160872087583243794602687549037944320211100215064558528112785440843307932", "timestamp": "1769384423230", "hash": "b08ef77ff9e2d94af158e45576598be49124acac", "bids": [{"price": "0.001", "size": "3616.33"}, {"price": "0.002", "size": "1255.51"}, {"price": "0.003", "size": "1400"}, {"price": "0.004", "size": "9.42"}, {"price": "0.006", "size": "200"}, {"price": "0.01", "size": "23"}, {"price": "0.011", "size": "6.94"}, {"price": "0.025", "size": "20"}, {"price": "0.026", "size": "5.42"}, {"price": "0.027", "size": "150"}, {"price": "0.054", "size": "65"}, {"price": "0.059", "size": "125"}, {"price": "0.06", "size": "12.14"}, {"price": "0.115", "size": "150"}, {"price": "0.244", "size": "125"}, {"price": "0.245", "size": "8"}, {"price": "0.551", "size": "100"}, {"price": "0.781", "size": "131.22"}, {"price": "0.782", "size": "100"}, {"price": "0.8", "size": "50"}, {"price": "0.83", "size": "54.71"}, {"price": "0.833", "size": "45"}, {"price": "0.834", "size": "50"}], "asks": [{"price": "0.999", "size": "1623.04"}, {"price": "0.998", "size": "331.07"}, {"price": "0.997", "size": "44.39"}, {"price": "0.99", "size": "23"}, {"price": "0.988", "size": "673.52"}, {"price": "0.987", "size": "32.32"}, {"price": "0.975", "size": "74.36"}, {"price": "0.974", "size": "7.31"}, {"price": "0.973", "size": "115"}, {"price": "0.97", "size": "37.32"}], "event_type": "book", "last_trade_price": "0.970"}]}
{"_local_timestamp": "2026-01-25T23:40:58.335501+00:00", "data": {"market": "0xe7664a539f6127fbfddad20f2cc362ef458cc1ccdf29f5ac23a6e409c402d8fd", "price_changes": [{"asset_id": "89520848256403305974323485459854822913782396273578152633149755590292693577933", "price": "0.011", "size": "6.17", "side": "BUY", "hash": "73e0f273c04d128ee4e552cfa9298e98771c8c50", "best_bid": "0.03", "best_ask": "0.166"}, {"asset_id": "38865160872087583243794602687549037944320211100215064558528112785440843307932", "price": "0.989", "size": "6.17", "side": "SELL", "hash": "58cd86e0d4ae2c039e921f760e1eb19f19667cf7", "best_bid": "0.834", "best_ask": "0.97"}], "timestamp": "1769384458270", "event_type": "price_change"}}
{"_local_timestamp": "2026-01-25T23:40:58.340482+00:00", "data": {"market": "0xe7664a539f6127fbfddad20f2cc362ef458cc1ccdf29f5ac23a6e409c402d8fd", "price_changes": [{"asset_id": "89520848256403305974323485459854822913782396273578152633149755590292693577933", "price": "0.003", "size": "91.57", "side": "BUY", "hash": "fc51c8e6fc1bd2eb2ee9db20b51fe715b5875def", "best_bid": "0.03", "best_ask": "0.166"}, {"asset_id": "38865160872087583243794602687549037944320211100215064558528112785440843307932", "price": "0.997", "size": "91.57", "side": "SELL", "hash": "ff4caed4be3238020d73502c8a4dd558f3408336", "best_bid": "0.834", "best_ask": "0.97"}], "timestamp": "1769384458271", "event_type": "price_change"}}
{"_local_timestamp": "2026-01-25T23:40:58.341065+00:00", "data": {"market": "0xe7664a539f6127fbfddad20f2cc362ef458cc1ccdf29f5ac23a6e409c402d8fd", "price_changes": [{"asset_id": "89520848256403305974323485459854822913782396273578152633149755590292693577933", "price": "0.001", "size": "1634.93", "side": "BUY", "hash": "738de83eefc6a5698bbfae656ee2e5f05618469e", "best_bid": "0.03", "best_ask": "0.166"}, {"asset_id": "38865160872087583243794602687549037944320211100215064558528112785440843307932", "price": "0.999", "size": "1634.93", "side": "SELL", "hash": "e064afd23062fa621af73f26bd887c8417f53239", "best_bid": "0.834", "best_ask": "0.97"}], "timestamp": "1769384458272", "event_type": "price_change"}}
{"_local_timestamp": "2026-01-25T23:40:58.341500+00:00", "data": {"market": "0xe7664a539f6127fbfddad20f2cc362ef458cc1ccdf29f5ac23a6e409c402d8fd", "price_changes": [{"asset_id": "89520848256403305974323485459854822913782396273578152633149755590292693577933", "price": "0.002", "size": "341.92", "side": "BUY", "hash": "22f9b2f5ea9a07fa3a1409c4c61221dbeff9cdd9", "best_bid": "0.03", "best_ask": "0.166"}, {"asset_id": "38865160872087583243794602687549037944320211100215064558528112785440843307932", "price": "0.998", "size": "341.92", "side": "SELL", "hash": "e29a157cec5ef79abb839b2c386345ddbe265297", "best_bid": "0.834", "best_ask": "0.97"}], "timestamp": "1769384458273", "event_type": "price_change"}}
{"_local_timestamp": "2026-01-25T23:41:22.079452+00:00", "data": {"market": "0xe7664a539f6127fbfddad20f2cc362ef458cc1ccdf29f5ac23a6e409c402d8fd", "price_changes": [{"asset_id": "38865160872087583243794602687549037944320211100215064558528112785440843307932", "price": "0.06", "size": "0", "side": "BUY", "hash": "7a6a0b984adbd17074c70c937fb21677fb9a05d1", "best_bid": "0.834", "best_ask": "0.97"}, {"asset_id": "89520848256403305974323485459854822913782396273578152633149755590292693577933", "price": "0.94", "size": "0", "side": "SELL", "hash": "bd590d54968f977f7301ff1bf3801bd9e94d9ac9", "best_bid": "0.03", "best_ask": "0.166"}], "timestamp": "1769384482000", "event_type": "price_change"}}
{"_local_timestamp": "2026-01-25T23:41:22.080866+00:00", "data": {"market": "0xe7664a539f6127fbfddad20f2cc362ef458cc1ccdf29f5ac23a6e409c402d8fd", "price_changes": [{"asset_id": "38865160872087583243794602687549037944320211100215064558528112785440843307932", "price": "0.026", "size": "0", "side": "BUY", "hash": "181a5eb4c694e018ad04860169e4d074188da49f", "best_bid": "0.834", "best_ask": "0.97"}, {"asset_id": "89520848256403305974323485459854822913782396273578152633149755590292693577933", "price": "0.974", "size": "0", "side": "SELL", "hash": "7c7a03605ce962612566df37874716f1e6ed5d41", "best_bid": "0.03", "best_ask": "0.166"}], "timestamp": "1769384482001", "event_type": "price_change"}}
