{"_local_timestamp": "2026-01-25T23:33:17.010694+00:00", "data": [{"market": "0xe7664a539f6127fbfddad20f2cc362ef458cc1ccdf29f5ac23a6e409c402d8fd", "asset_id": "38865160872087583243794602687549037944320211100215064558528112785440843307932", "timestamp": "1769383966004", "hash": "06e34cd9740857c2a01008a37910baabe2900219", "bids": [{"price": "0.001", "size": "3616.33"}, {"price": "0.002", "size": "1255.51"}, {"price": "0.003", "size": "1400"}, {"price": "0.004", "size": "9.42"}, {"price": "0.006", "size": "200"}, {"price": "0.01", "size": "23"}, {"price": "0.011", "size": "6.94"}, {"price": "0.025", "size": "20"}, {"price": "0.026", "size": "5.42"}, {"price": "0.027", "size": "150"}, {"price": "0.054", "size": "65"}, {"price": "0.059", "size": "125"}, {"price": "0.06", "size": "12.14"}, {"price": "0.115", "size": "150"}, {"price": "0.244", "size": "125"}, {"price": "0.245", "size": "8"}, {"price": "0.551", "size": "100"}, {"price": "0.781", "size": "131.22"}, {"price": "0.782", "size": "100"}, {"price": "0.8", "size": "50"}, {"price": "0.83", "size": "54.71"}, {"price": "0.832", "size": "45"}, {"price": "0.833", "size": "50"}], "asks": [{"price": "0.999", "size": "1634.87"}, {"price": "0.998", "size": "335.11"}, {"price": "0.997", "size": "47.5"}, {"price": "0.99", "size": "23"}, {"price": "0.989", "size": "6.1"}, {"price": "0.988", "size": "673.52"}, {"price": "0.987", "size": "17.15"}, {"price": "0.975", "size": "74.36"}, {"price": "0.974", "size": "7.31"}, {"price": "0.973", "size": "115"}, {"price": "0.97", "size": "37.32"}], "event_type": "book", "last_trade_price": "0.970"}, {"market": "0xe7664a539f6127fbfddad20f2cc362ef458cc1ccdf29f5ac23a6e409c402d8fd", "asset_id": "89520848256403305974323485459854822913782396273578152633149755590292693577933", "timestamp": "1769383966004", "hash": "66063e56dc549bf7ab60f0cdd2ee43ce41e218a9", "bids": [{"price": "0.001", "size": "1634.87"}, {"price": "0.002", "size": "335.11"}, {"price": "0.003", "size": "47.5"}, {"price": "0.01", "size": "23"}, {"price": "0.011", "size": "6.1"}, {"price": "0.012", "size": "673.52"}, {"price": "0.013", "size": "17.15"}, {"price": "0.025", "size": "74.36"}, {"price": "0.026", "size": "7.31"}, {"price": "0.027", "size": "115"}, {"price": "0.03", "size": "37.32"}], "asks": [{"price": "0.999", "size": "3616.33"}, {"price": "0.998", "size": "1255.51"}, {"price": "0.997", "size": "1400"}, {"price": "0.996", "size": "9.42"}, {"price": "0.994", "size": "200"}, {"price": "0.99", "size": "23"}, {"price": "0.989", "size": "6.94"}, {"price": "0.975", "size": "20"}, {"price": "0.974", "size": "5.42"}, {"price": "0.973", "size": "150"}, {"price": "0.946", "size": "65"}, {"price": "0.941", "size": "125"}, {"price": "0.94", "size": "12.14"}, {"price": "0.885", "size": "150"}, {"price": "0.756", "size": "125"}, {"price": "0.755", "size": "8"}, {"price": "0.449", "size": "100"}, {"price": "0.219", "size": "131.22"}, {"price": "0.218", "size": "100"}, {"price": "0.2", "size": "50"}, {"price": "0.17", "size": "54.71"}, {"price": "0.168", "size": "45"}, {"price": "0.167", "size": "50"}], "event_type": "book", "last_trade_price": "0.970"}]}
{"_local_timestamp": "2026-01-25T23:33:23.543191+00:00", "data": {"market": "0xe7664a539f6127fbfddad20f2cc362ef458cc1ccdf29f5ac23a6e409c402d8fd", "price_changes": [{"asset_id": "89520848256403305974323485459854822913782396273578152633149755590292693577933", "price": "0.002", "size": "341.87", "side": "BUY", "hash": "cd5f8e5e9c8e920b7b85a9f6fc778213692c65cc", "best_bid": "0.03", "best_ask": "0.167"}, {"asset_id": "38865160872087583243794602687549037944320211100215064558528112785440843307932", "price": "0.998", "size": "341.87", "side": "SELL", "hash": "0a8b516743d4860dd41f69a6ff62c2be5c6b8bfc", "best_bid": "0.833", "best_ask": "0.97"}], "timestamp": "1769384003442", "event_type": "price_change"}}
{"_local_timestamp": "2026-01-25T23:33:23.543854+00:00", "data": {"market": "0xe7664a539f6127fbfddad20f2cc362ef458cc1ccdf29f5ac23a6e409c402d8fd", "price_changes": [{"asset_id": "89520848256403305974323485459854822913782396273578152633149755590292693577933", "price": "0.013", "size": "32.32", "side": "BUY", "hash": "71955640206797badb7d53c45eda5961fd41ab22", "best_bid": "0.03", "best_ask": "0.167"}, {"asset_id": "38865160872087583243794602687549037944320211100215064558528112785440843307932", "price": "0.987", "size": "32.32", "side": "SELL", "hash": "fb27b1ff73120be0c3d006fca8914907403fc0a4", "best_bid": "0.833", "best_ask": "0.97"}], "timestamp": "1769384003444", "event_type": "price_change"}}
{"_local_timestamp": "2026-01-25T23:33:23.544308+00:00", "data": {"market": "0xe7664a539f6127fbfddad20f2cc362ef458cc1ccdf29f5ac23a6e409c402d8fd", "price_changes": [{"asset_id": "89520848256403305974323485459854822913782396273578152633149755590292693577933", "price": "0.003", "size": "91.89", "side": "BUY", "hash": "6f6423d414c8ba0a8f790814fb1b717eb405af0d", "best_bid": "0.03", "best_ask": "0.167"}, {"asset_id": "38865160872087583243794602687549037944320211100215064558528112785440843307932", "price": "0.997", "size": "91.89", "side": "SELL", "hash": "c991bd8d51f374f10095dc9951d2842a9447644a", "best_bid": "0.833", "best_ask": "0.97"}], "timestamp": "1769384003447", "event_type": "price_change"}}
{"_local_timestamp": "2026-01-25T23:34:41.543991+00:00", "data": {"market": "0xe7664a539f6127fbfddad20f2cc362ef458cc1ccdf29f5ac23a6e409c402d8fd", "price_changes": [{"asset_id": "38865160872087583243794602687549037944320211100215064558528112785440843307932", "price": "0.832", "size": "0", "side": "BUY", "hash": "49d1e5970eaf5204b8fcf3202e83490527c8e2ca", "best_bid": "0.833", "best_ask": "0.97"}, {"asset_id": "89520848256403305974323485459854822913782396273578152633149755590292693577933", "price": "0.168", "size": "0", "side": "SELL", "hash": "a558f8cbe1455ba848df507587319736ff464a68", "best_bid": "0.03", "best_ask": "0.167"}], "timestamp": "1769384081421", "event_type": "price_change"}}
{"_local_timestamp": "2026-01-25T23:34:42.874209+00:00", "data": {"market": "0xe7664a539f6127fbfddad20f2cc362ef458cc1ccdf29f5ac23a6e409c402d8fd", "price_changes": [{"asset_id": "38865160872087583243794602687549037944320211100215064558528112785440843307932", "price": "0.801", "size": "50", "side": "BUY", "hash": "f2116c340a5b9908db05c86048d4200d3bd36454", "best_bid": "0.833", "best_ask": "0.97"}, {"asset_id": "89520848256403305974323485459854822913782396273578152633149755590292693577933", "price": "0.199", "size": "50", "side": "SELL", "hash": "f022b0016a9f03231e5dfb9bd8e5284a4414d91f", "best_bid": "0.03", "best_ask": "0.167"}], "timestamp": "1769384082803", "event_type": "price_change"}}
{"_local_timestamp": "2026-01-25T23:34:43.149348+00:00", "data": {"market": "0xe7664a539f6127fbfddad20f2cc362ef458cc1ccdf29f5ac23a6e409c402d8fd", "price_changes": [{"asset_id": "38865160872087583243794602687549037944320211100215064558528112785440843307932", "price": "0.833", "size": "0", "side": "BUY", "hash": "447a8f9b119918907c9d335d576ed08e6be2c675", "best_bid": "0.83", "best_ask": "0.97"}, {"asset_id": "89520848256403305974323485459854822913782396273578152633149755590292693577933", "price": "0.167", "size": "0", "side": "SELL", "hash": "487645fe04a12e76d9098a7ca5e092cf21fd43ca", "best_bid": "0.03", "best_ask": "0.17"}], "timestamp": "1769384083066", "event_type": "price_change"}}
{"_local_timestamp": "2026-01-25T23:34:43.182814+00:00", "data": {"market": "0xe7664a539f6127fbfddad20f2cc362ef458cc1ccdf29f5ac23a6e409c402d8fd", "price_changes": [{"asset_id": "89520848256403305974323485459854822913782396273578152633149755590292693577933", "price": "0.166", "size": "71", "side": "SELL", "hash": "3974a88534d8b42b673b5cc73b84e5173586a895", "best_bid": "0.03", "best_ask": "0.166"}, {"asset_id": "38865160872087583243794602687549037944320211100215064558528112785440843307932", "price": "0.834", "size": "71", "side": "BUY", "hash": "bbcb705a8b807e77920ed1a9cbc293691eef64b3", "best_bid": "0.834", "best_ask": "0.97"}], "timestamp": "1769384083115", "event_type": "price_change"}}
{"_local_timestamp": "2026-01-25T23:34:44.581867+00:00", "data": {"market": "0xe7664a539f6127fbfddad20f2cc362ef458cc1ccdf29f5ac23a6e409c402d8fd", "price_changes": [{"asset_id": "89520848256403305974323485459854822913782396273578152633149755590292693577933", "price": "0.166", "size": "0", "side": "SELL", "hash": "38d7ef1d0cf3bacec9496b3714067e7f9bf6970f", "best_bid": "0.03", "best_ask": "0.17"}, {"asset_id": "38865160872087583243794602687549037944320211100215064558528112785440843307932", "price": "0.834", "size": "0", "side": "BUY", "hash": "6e31601733c24ecc5042b4ba047e2ced64ae35df", "best_bid": "0.83", "best_ask": "0.97"}], "timestamp": "1769384084516", "event_type": "price_change"}}
{"_local_timestamp": "2026-01-25T23:34:44.608800+00:00", "data": {"market": "0xe7664a539f6127fbfddad20f2cc362ef458cc1ccdf29f5ac23a6e409c402d8fd", "price_changes": [{"asset_id": "89520848256403305974323485459854822913782396273578152633149755590292693577933", "price": "0.169", "size": "97", "side": "SELL", "hash": "f39b666105d23b88ef4117f80824bf4d975a70e1", "best_bid": "0.03", "best_ask": "0.169"}, {"asset_id": "38865160872087583243794602687549037944320211100215064558528112785440843307932", "price": "0.831", "size": "97", "side": "BUY", "hash": "bafdd8fa00518627ba932cd19234c3d1b370ba50", "best_bid": "0.831", "best_ask": "0.97"}], "timestamp": "1769384084543", "event_type": "price_change"}}
{"_local_timestamp": "2026-01-25T23:34:49.166969+00:00", "data": {"market": "0xe7664a539f6127fbfddad20f2cc362ef458cc1ccdf29f5ac23a6e409c402d8fd", "price_changes": [{"asset_id": "38865160872087583243794602687549037944320211100215064558528112785440843307932", "price": "0.832", "size": "50", "side": "BUY", "hash": "5456c367e1f8da0bf69396619e782fa40ceb46c1", "best_bid": "0.832", "best_ask": "0.97"}, {"asset_id": "89520848256403305974323485459854822913782396273578152633149755590292693577933", "price": "0.168", "size": "50", "side": "SELL", "hash": "b15fa04446fe4cda2ea6d4c0616219f2b0f5f5cb", "best_bid": "0.03", "best_ask": "0.168"}], "timestamp": "1769384089095", "event_type": "price_change"}}
{"_local_timestamp": "2026-01-25T23:34:49.189083+00:00", "data": {"market": "0xe7664a539f6127fbfddad20f2cc362ef458cc1ccdf29f5ac23a6e409c402d8fd", "price_changes": [{"asset_id": "89520848256403305974323485459854822913782396273578152633149755590292693577933", "price": "0.169", "size": "0", "side": "SELL", "hash": "eb6166d8016ea6eb5cf72559780bbfaf17b2f513", "best_bid": "0.03", "best_ask": "0.168"}, {"asset_id": "38865160872087583243794602687549037944320211100215064558528112785440843307932", "price": "0.831", "size": "0", "side": "BUY", "hash": "72be424a82e76c2aacbe76501591c70d6aea6e34", "best_bid": "0.832", "best_ask": "0.97"}], "timestamp": "1769384089122", "event_type": "price_change"}}
{"_local_timestamp": "2026-01-25T23:34:49.658148+00:00", "data": {"market": "0xe7664a539f6127fbfddad20f2cc362ef458cc1ccdf29f5ac23a6e409c402d8fd", "price_changes": [{"asset_id": "38865160872087583243794602687549037944320211100215064558528112785440843307932", "price": "0.801", "size": "0", "side": "BUY", "hash": "1931329501b5c9d1fe54830bd7fe49d751dccb05", "best_bid": "0.832", "best_ask": "0.97"}, {"asset_id": "89520848256403305974323485459854822913782396273578152633149755590292693577933", "price": "0.199", "size": "0", "side": "SELL", "hash": "f547b2cec981ac4c7fcf88f3e3a318be711d30a8", "best_bid": "0.03", "best_ask": "0.168"}], "timestamp": "1769384089589", "event_type": "price_change"}}
{"_local_timestamp": "2026-01-25T23:34:55.685286+00:00", "data": {"market": "0xe7664a539f6127fbfddad20f2cc362ef458cc1ccdf29f5ac23a6e409c402d8fd", "price_changes": [{"asset_id": "38865160872087583243794602687549037944320211100215064558528112785440843307932", "price": "0.801", "size": "50", "side": "BUY", "hash": "ed0834d5d4a8e80cc9cb72a0a246c012b17254ec", "best_bid": "0.832", "best_ask": "0.97"}, {"asset_id": "89520848256403305974323485459854822913782396273578152633149755590292693577933", "price": "0.199", "size": "50", "side": "SELL", "hash": "8666f4430c052dae03f4bcf4bc41134c73ca4329", "best_bid": "0.03", "best_ask": "0.168"}], "timestamp": "1769384095620", "event_type": "price_change"}}
{"_local_timestamp": "2026-01-25T23:34:56.033707+00:00", "data": {"market": "0xe7664a539f6127fbfddad20f2cc362ef458cc1ccdf29f5ac23a6e409c402d8fd", "price_changes": [{"asset_id": "38865160872087583243794602687549037944320211100215064558528112785440843307932", "price": "0.832", "size": "0", "side": "BUY", "hash": "f47f24862285e50fcd6cefd543e9f402aa0583db", "best_bid": "0.83", "best_ask": "0.97"}, {"asset_id": "89520848256403305974323485459854822913782396273578152633149755590292693577933", "price": "0.168", "size": "0", "side": "SELL", "hash": "61294bfa62b95bf3894e287f9d483a8ed60d71bf", "best_bid": "0.03", "best_ask": "0.17"}], "timestamp": "1769384095963", "event_type": "price_change"}}
{"_local_timestamp": "2026-01-25T23:34:56.065513+00:00", "data": {"market": "0xe7664a539f6127fbfddad20f2cc362ef458cc1ccdf29f5ac23a6e409c402d8fd", "price_changes": [{"asset_id": "89520848256403305974323485459854822913782396273578152633149755590292693577933", "price": "0.167", "size": "71", "side": "SELL", "hash": "761ea8b49cc140a0df5a81acb8121d8f7064df99", "best_bid": "0.03", "best_ask": "0.167"}, {"asset_id": "38865160872087583243794602687549037944320211100215064558528112785440843307932", "price": "0.833", "size": "71", "side": "BUY", "hash": "30dd80b8a422a8d25299b3f88719bd99daacdb88", "best_bid": "0.833", "best_ask": "0.97"}], "timestamp": "1769384095994", "event_type": "price_change"}}
{"_local_timestamp": "2026-01-25T23:34:57.585134+00:00", "data": {"market": "0xe7664a539f6127fbfddad20f2cc362ef458cc1ccdf29f5ac23a6e409c402d8fd", "price_changes": [{"asset_id": "89520848256403305974323485459854822913782396273578152633149755590292693577933", "price": "0.167", "size": "0", "side": "SELL", "hash": "9e1bd88bc8c46fbd583c5b37ec95b5db5f8a1f96", "best_bid": "0.03", "best_ask": "0.17"}, {"asset_id": "38865160872087583243794602687549037944320211100215064558528112785440843307932", "price": "0.833", "size": "0", "side": "BUY", "hash": "22ce620714d85b88b933f1155e61f7ccfc245eb6", "best_bid": "0.83", "best_ask": "0.97"}], "timestamp": "1769384097516", "event_type": "price_change"}}
{"_local_timestamp": "2026-01-25T23:34:57.605010+00:00", "data": {"market": "0xe7664a539f6127fbfddad20f2cc362ef458cc1ccdf29f5ac23a6e409c402d8fd", "price_changes": [{"asset_id": "89520848256403305974323485459854822913782396273578152633149755590292693577933", "price": "0.169", "size": "97", "side": "SELL", "hash": "19c170a598596eb552e0ca3cd7f1b580efae330a", "best_bid": "0.03", "best_ask": "0.169"}, {"asset_id": "38865160872087583243794602687549037944320211100215064558528112785440843307932", "price": "0.831", "size": "97", "side": "BUY", "hash": "d1bbe584e630f8799e63669f4146557df57e87a2", "best_bid": "0.831", "best_ask": "0.97"}], "timestamp": "1769384097542", "event_type": "price_change"}}
{"_local_timestamp": "2026-01-25T23:35:01.878523+00:00", "data": {"market": "0xe7664a539f6127fbfddad20f2cc362ef458cc1ccdf29f5ac23a6e409c402d8fd", "price_changes": [{"asset_id": "38865160872087583243794602687549037944320211100215064558528112785440843307932", "price": "0.832", "size": "50", "side": "BUY", "hash": "e18bf85cfcbb4f2ba940dbcd4213097e92267bbf", "best_bid": "0.832", "best_ask": "0.97"}, {"asset_id": "89520848256403305974323485459854822913782396273578152633149755590292693577933", "price": "0.168", "size": "50", "side": "SELL", "hash": "a1cdbca3fa1232420a9edcbce0871d7464a0a8cb", "best_bid": "0.03", "best_ask": "0.168"}], "timestamp": "1769384101807", "event_type": "price_change"}}
{"_local_timestamp": "2026-01-25T23:35:01.897241+00:00", "data": {"market": "0xe7664a539f6127fbfddad20f2cc362ef458cc1ccdf29f5ac23a6e409c402d8fd", "price_changes": [{"asset_id": "89520848256403305974323485459854822913782396273578152633149755590292693577933", "price": "0.169", "size": "0", "side": "SELL", "hash": "51d082942c9a5c8b1acbd596da19d2d662821587", "best_bid": "0.03", "best_ask": "0.168"}, {"asset_id": "38865160872087583243794602687549037944320211100215064558528112785440843307932", "price": "0.831", "size": "0", "side": "BUY", "hash": "296115d7e49eae58ea433585da331c3df12b528a", "best_bid": "0.832", "best_ask": "0.97"}], "timestamp": "1769384101833", "event_type": "price_change"}}
{"_local_timestamp": "2026-01-25T23:35:02.188067+00:00", "data": {"market": "0xe7664a539f6127fbfddad20f2cc362ef458cc1ccdf29f5ac23a6e409c402d8fd", "price_changes": [{"asset_id": "38865160872087583243794602687549037944320211100215064558528112785440843307932", "price": "0.801", "size": "0", "side": "BUY", "hash": "42ee8714b8ef4ed72140115b29f60c5591149bc4", "best_bid": "0.832", "best_ask": "0.97"}, {"asset_id": "89520848256403305974323485459854822913782396273578152633149755590292693577933", "price": "0.199", "size": "0", "side": "SELL", "hash": "a19eaae740d7eb333070b0d8e4aa9ca67fa1344c", "best_bid": "0.03", "best_ask": "0.168"}], "timestamp": "1769384102124", "event_type": "price_change"}}
{"_local_timestamp": "2026-01-25T23:35:07.973129+00:00", "data": {"market": "0xe7664a539f6127fbfddad20f2cc362ef458cc1ccdf29f5ac23a6e409c402d8fd", "price_changes": [{"asset_id": "38865160872087583243794602687549037944320211100215064558528112785440843307932", "price": "0.801", "size": "50", "side": "BUY", "hash": "2720117071e4fc3fc017ebe4fb2674c09ce4496b", "best_bid": "0.832", "best_ask": "0.97"}, {"asset_id": "89520848256403305974323485459854822913782396273578152633149755590292693577933", "price": "0.199", "size": "50", "side": "SELL", "hash": "a3230cc34046474db3ed94c5f75c98051a617715", "best_bid": "0.03", "best_ask": "0.168"}], "timestamp": "1769384107897", "event_type": "price_change"}}
{"_local_timestamp": "2026-01-25T23:35:08.233290+00:00", "data": {"market": "0xe7664a539f6127fbfddad20f2cc362ef458cc1ccdf29f5ac23a6e409c402d8fd", "price_changes": [{"asset_id": "38865160872087583243794602687549037944320211100215064558528112785440843307932", "price": "0.832", "size": "0", "side": "BUY", "hash": "ad61aaff1b9afa957d061b4f4e466821addadd14", "best_bid": "0.83", "best_ask": "0.97"}, {"asset_id": "89520848256403305974323485459854822913782396273578152633149755590292693577933", "price": "0.168", "size": "0", "side": "SELL", "hash": "eb92e35b85bf0082054e2d2437311fbb99cc0061", "best_bid": "0.03", "best_ask": "0.17"}], "timestamp": "1769384108165", "event_type": "price_change"}}
{"_local_timestamp": "2026-01-25T23:35:08.259940+00:00", "data": {"market": "0xe7664a539f6127fbfddad20f2cc362ef458cc1ccdf29f5ac23a6e409c402d8fd", "price_changes": [{"asset_id": "89520848256403305974323485459854822913782396273578152633149755590292693577933", "price": "0.167", "size": "71", "side": "SELL", "hash": "fc9ee936b674e01a2bcfd8abcaaeb9d594d48b00", "best_bid": "0.03", "best_ask": "0.167"}, {"asset_id": "38865160872087583243794602687549037944320211100215064558528112785440843307932", "price": "0.833", "size": "71", "side": "BUY", "hash": "7a87503f660cf682cef3e5096ff1d4d65ed50516", "best_bid": "0.833", "best_ask": "0.97"}], "timestamp": "1769384108196", "event_type": "price_change"}}
{"_local_timestamp": "2026-01-25T23:35:09.585085+00:00", "data": {"market": "0xe7664a539f6127fbfddad20f2cc362ef458cc1ccdf29f5ac23a6e409c402d8fd", "price_changes": [{"asset_id": "89520848256403305974323485459854822913782396273578152633149755590292693577933", "price": "0.167", "size": "0", "side": "SELL", "hash": "4e2e4a2d8d394521c927b9addc47c352d3e61b18", "best_bid": "0.03", "best_ask": "0.17"}, {"asset_id": "38865160872087583243794602687549037944320211100215064558528112785440843307932", "price": "0.833", "size": "0", "side": "BUY", "hash": "f8025e89319557be5d7fa28528ca4ca8813d6f25", "best_bid": "0.83", "best_ask": "0.97"}], "timestamp": "1769384109517", "event_type": "price_change"}}
{"_local_timestamp": "2026-01-25T23:35:09.635242+00:00", "data": {"market": "0xe7664a539f6127fbfddad20f2cc362ef458cc1ccdf29f5ac23a6e409c402d8fd", "price_changes": [{"asset_id": "89520848256403305974323485459854822913782396273578152633149755590292693577933", "price": "0.169", "size": "73", "side": "SELL", "hash": "06ef019acf3614c4dda373a4866abce2dc8d48b8", "best_bid": "0.03", "best_ask": "0.169"}, {"asset_id": "38865160872087583243794602687549037944320211100215064558528112785440843307932", "price": "0.831", "size": "73", "side": "BUY", "hash": "6efd244027e4e48dc3d2ccb319af4bd7527a02f6", "best_bid": "0.831", "best_ask": "0.97"}], "timestamp": "1769384109545", "event_type": "price_change"}}
{"_local_timestamp": "2026-01-25T23:35:13.335374+00:00", "data": {"market": "0xe7664a539f6127fbfddad20f2cc362ef458cc1ccdf29f5ac23a6e409c402d8fd", "price_changes": [{"asset_id": "38865160872087583243794602687549037944320211100215064558528112785440843307932", "price": "0.834", "size": "45", "side": "BUY", "hash": "b38352a2ac5e7e05a5bb3d521930836f385a4ef0", "best_bid": "0.834", "best_ask": "0.97"}, {"asset_id": "89520848256403305974323485459854822913782396273578152633149755590292693577933", "price": "0.166", "size": "45", "side": "SELL", "hash": "14fe48d9b20c223c7bdd701e00be915e4c52befa", "best_bid": "0.03", "best_ask": "0.166"}], "timestamp": "1769384113224", "event_type": "price_change"}}
{"_local_timestamp": "2026-01-25T23:35:13.454084+00:00", "data": {"market": "0xe7664a539f6127fbfddad20f2cc362ef458cc1ccdf29f5ac23a6e409c402d8fd", "price_changes": [{"asset_id": "89520848256403305974323485459854822913782396273578152633149755590292693577933", "price": "0.169", "size": "0", "side": "SELL", "hash": "883b727bf9e8620024b76492c14e4301bf4dff19", "best_bid": "0.03", "best_ask": "0.166"}, {"asset_id": "38865160872087583243794602687549037944320211100215064558528112785440843307932", "price": "0.831", "size": "0", "side": "BUY", "hash": "65a0cfa424f8d90ac21344de4ea55f37508d03ed", "best_bid": "0.834", "best_ask": "0.97"}], "timestamp": "1769384113292", "event_type": "price_change"}}
{"_local_timestamp": "2026-01-25T23:35:13.979965+00:00", "data": {"market": "0xe7664a539f6127fbfddad20f2cc362ef458cc1ccdf29f5ac23a6e409c402d8fd", "price_changes": [{"asset_id": "38865160872087583243794602687549037944320211100215064558528112785440843307932", "price": "0.835", "size": "50", "side": "BUY", "hash": "68c3f0ddd97cd60a5740d4c52e601ed083a19c88", "best_bid": "0.835", "best_ask": "0.97"}, {"asset_id": "89520848256403305974323485459854822913782396273578152633149755590292693577933", "price": "0.165", "size": "50", "side": "SELL", "hash": "28c9d49a8da1beda73fc64ae5a3b8e4d21735bed", "best_bid": "0.03", "best_ask": "0.165"}], "timestamp": "1769384113912", "event_type": "price_change"}}
{"_local_timestamp": "2026-01-25T23:35:14.295484+00:00", "data": {"market": "0xe7664a539f6127fbfddad20f2cc362ef458cc1ccdf29f5ac23a6e409c402d8fd", "price_changes": [{"asset_id": "38865160872087583243794602687549037944320211100215064558528112785440843307932", "price": "0.801", "size": "0", "side": "BUY", "hash": "197ee49b9e43f6369b25f5618b9fd0450d7e3ad0", "best_bid": "0.835", "best_ask": "0.97"}, {"asset_id": "89520848256403305974323485459854822913782396273578152633149755590292693577933", "price": "0.199", "size": "0", "side": "SELL", "hash": "0c4308aad1d13b1c50b1e8fbc5386e4e50ab9d41", "best_bid": "0.03", "best_ask": "0.165"}], "timestamp": "1769384114224", "event_type": "price_change"}}
{"_local_timestamp": "2026-01-25T23:35:20.130534+00:00", "data": {"market": "0xe7664a539f6127fbfddad20f2cc362ef458cc1ccdf29f5ac23a6e409c402d8fd", "price_changes": [{"asset_id": "38865160872087583243794602687549037944320211100215064558528112785440843307932", "price": "0.836", "size": "45", "side": "BUY", "hash": "d112100e1909a984b22017a9f8ef6b194bd9ad3b", "best_bid": "0.836", "best_ask": "0.97"}, {"asset_id": "89520848256403305974323485459854822913782396273578152633149755590292693577933", "price": "0.164", "size": "45", "side": "SELL", "hash": "e31d8520fce3f463a1d4a00e1252f33b01c10ea2", "best_bid": "0.03", "best_ask": "0.164"}], "timestamp": "1769384120062", "event_type": "price_change"}}
