{"_local_timestamp": "2026-01-25T23:40:54.404724+00:00", "data": [{"market": "0x5d6b15ab6a3814b4bce80adfe95a41b9060884ba1c0edeefb5c470387b6b4208", "asset_id": "112946846239034454139449534914008255909238044180828917613442169532156269134195", "timestamp": "1769384323453", "hash": "f61a586d94658388af094026bca314fd4b8310a4", "bids": [{"price": "0.01", "size": "10061.54"}, {"price": "0.02", "size": "1500"}, {"price": "0.03", "size": "8.04"}, {"price": "0.05", "size": "2320"}, {"price": "0.07", "size": "485.71"}, {"price": "0.08", "size": "8.04"}, {"price": "0.1", "size": "320"}, {"price": "0.12", "size": "458.33"}, {"price": "0.14", "size": "5"}, {"price": "0.15", "size": "173.33"}, {"price": "0.16", "size": "86"}, {"price": "0.17", "size": "141.17"}, {"price": "0.2", "size": "100"}, {"price": "0.21", "size": "71.28"}, {"price": "0.24", "size": "200"}, {"price": "0.27", "size": "71.28"}, {"price": "0.28", "size": "86.42"}, {"price": "0.29", "size": "37.93"}, {"price": "0.33", "size": "100"}, {"price": "0.34", "size": "66.66"}, {"price": "0.35", "size": "5.09"}], "asks": [{"price": "0.99", "size": "9110.9"}, {"price": "0.98", "size": "500"}, {"price": "0.97", "size": "11.29"}, {"price": "0.95", "size": "1620"}, {"price": "0.94", "size": "10"}, {"price": "0.92", "size": "425"}, {"price": "0.91", "size": "300"}, {"price": "0.9", "size": "330"}, {"price": "0.89", "size": "5.01"}, {"price": "0.88", "size": "233.33"}, {"price": "0.85", "size": "173.33"}, {"price": "0.83", "size": "141.17"}, {"price": "0.82", "size": "100"}, {"price": "0.8", "size": "200"}, {"price": "0.78", "size": "85"}, {"price": "0.77", "size": "8"}, {"price": "0.73", "size": "5"}, {"price": "0.72", "size": "79.73"}, {"price": "0.69", "size": "100"}, {"price": "0.66", "size": "38.23"}, {"price": "0.65", "size": "31.42"}, {"price": "0.64", "size": "13.59"}, {"price": "0.56", "size": "7.28"}], "event_type": "book", "last_trade_price": ""}, {"market": "0x5d6b15ab6a3814b4bce80adfe95a41b9060884ba1c0edeefb5c470387b6b4208", "asset_id": "29278912733527772994555951899630297750745632091876345460340292041435694560145", "timestamp": "1769384323453", "hash": "bf2e321254b49c790f4d8c4c04e3a6b1932e244e", "bids": [{"price": "0.01", "size": "9110.9"}, {"price": "0.02", "size": "500"}, {"price": "0.03", "size": "11.29"}, {"price": "0.05", "size": "1620"}, {"price": "0.06", "size": "10"}, {"price": "0.08", "size": "425"}, {"price": "0.09", "size": "300"}, {"price": "0.1", "size": "330"}, {"price": "0.11", "size": "5.01"}, {"price": "0.12", "size": "233.33"}, {"price": "0.15", "size": "173.33"}, {"price": "0.17", "size": "141.17"}, {"price": "0.18", "size": "100"}, {"price": "0.2", "size": "200"}, {"price": "0.22", "size": "85"}, {"price": "0.23", "size": "8"}, {"price": "0.27", "size": "5"}, {"price": "0.28", "size": "79.73"}, {"price": "0.31", "size": "100"}, {"price": "0.34", "size": "38.23"}, {"price": "0.35", "size": "31.42"}, {"price": "0.36", "size": "13.59"}, {"price": "0.44", "size": "7.28"}], "asks": [{"price": "0.99", "size": "10061.54"}, {"price": "0.98", "size": "1500"}, {"price": "0.97", "size": "8.04"}, {"price": "0.95", "size": "2320"}, {"price": "0.93", "size": "485.71"}, {"price": "0.92", "size": "8.04"}, {"price": "0.9", "size": "320"}, {"price": "0.88", "size": "458.33"}, {"price": "0.86", "size": "5"}, {"price": "0.85", "size": "173.33"}, {"price": "0.84", "size": "86"}, {"price": "0.83", "size": "141.17"}, {"price": "0.8", "size": "100"}, {"price": "0.79", "size": "71.28"}, {"price": "0.76", "size": "200"}, {"price": "0.73", "size": "71.28"}, {"price": "0.72", "size": "86.42"}, {"price": "0.71", "size": "37.93"}, {"price": "0.67", "size": "100"}, {"price": "0.66", "size": "66.66"}, {"price": "0.65", "size": "5.09"}], "event_type": "book", "last_trade_price": ""}]}
{"_local_timestamp": "2026-01-25T23:41:13.704954+00:00", "data": {"market": "0x5d6b15ab6a3814b4bce80adfe95a41b9060884ba1c0edeefb5c470387b6b4208", "price_changes": [{"asset_id": "112946846239034454139449534914008255909238044180828917613442169532156269134195", "price": "0.34", "size": "0", "side": "BUY", "hash": "19a10c5d86bc538c753420d925dd133d35a951ac", "best_bid": "0.35", "best_ask": "0.56"}, {"asset_id": "29278912733527772994555951899630297750745632091876345460340292041435694560145", "price": "0.66", "size": "0", "side": "SELL", "hash": "9ce06d5dee688df3adb0ce8a2ac94a1165c944f1", "best_bid": "0.44", "best_ask": "0.65"}], "timestamp": "1769384473638", "event_type": "price_change"}}
{"_local_timestamp": "2026-01-25T23:41:14.430944+00:00", "data": {"market": "0x5d6b15ab6a3814b4bce80adfe95a41b9060884ba1c0edeefb5c470387b6b4208", "price_changes": [{"asset_id": "112946846239034454139449534914008255909238044180828917613442169532156269134195", "price": "0.36", "size": "66.66", "side": "BUY", "hash": "f85afe474b8891ef7146af70773a704bd0a0b4e4", "best_bid": "0.36", "best_ask": "0.56"}, {"asset_id": "29278912733527772994555951899630297750745632091876345460340292041435694560145", "price": "0.64", "size": "66.66", "side": "SELL", "hash": "0570a338c26ca4ecf953688a883e9cf42c0f0c73", "best_bid": "0.44", "best_ask": "0.64"}], "timestamp": "1769384474359", "event_type": "price_change"}}
{"_local_timestamp": "2026-01-25T23:41:23.873065+00:00", "data": {"market": "0x5d6b15ab6a3814b4bce80adfe95a41b9060884ba1c0edeefb5c470387b6b4208", "price_changes": [{"asset_id": "112946846239034454139449534914008255909238044180828917613442169532156269134195", "price": "0.35", "size": "0", "side": "BUY", "hash": "821e91a12def28947b1c38a888e8dc106bc8c715", "best_bid": "0.36", "best_ask": "0.56"}, {"asset_id": "29278912733527772994555951899630297750745632091876345460340292041435694560145", "price": "0.65", "size": "0", "side": "SELL", "hash": "086e67bb29c8baee52da0c96f11910f96f710b57", "best_bid": "0.44", "best_ask": "0.64"}], "timestamp": "1769384483803", "event_type": "price_change"}}
{"_local_timestamp": "2026-01-25T23:41:23.927643+00:00", "data": {"market": "0x5d6b15ab6a3814b4bce80adfe95a41b9060884ba1c0edeefb5c470387b6b4208", "price_changes": [{"asset_id": "112946846239034454139449534914008255909238044180828917613442169532156269134195", "price": "0.3", "size": "5.09", "side": "BUY", "hash": "6f481a824703aa7cd91aae56e2825062fd309a24", "best_bid": "0.36", "best_ask": "0.56"}, {"asset_id": "29278912733527772994555951899630297750745632091876345460340292041435694560145", "price": "0.7", "size": "5.09", "side": "SELL", "hash": "749cef22a2ebf395b2ba84a0895eaf772ff5bdb4", "best_bid": "0.44", "best_ask": "0.64"}], "timestamp": "1769384483863", "event_type": "price_change"}}
