{"_local_timestamp": "2026-01-25T23:34:33.184560+00:00", "data": [{"market": "0x80e8c25947804710c67b772121a74ababdd13cec1076c7c71d9fc9231e76f210", "asset_id": "88482351452480717969763255355675048659415877345159823394498422438517286092377", "timestamp": "1769383658929", "hash": "790eb2cd72d78e55b82189c004d721870778d9d7", "bids": [{"price": "0.01", "size": "481.9"}, {"price": "0.02", "size": "255.79"}, {"price": "0.03", "size": "15.84"}], "asks": [{"price": "0.99", "size": "476.03"}, {"price": "0.98", "size": "145.03"}, {"price": "0.97", "size": "6.09"}, {"price": "0.96", "size": "17.13"}], "event_type": "book", "last_trade_price": ""}, {"market": "0x80e8c25947804710c67b772121a74ababdd13cec1076c7c71d9fc9231e76f210", "asset_id": "100058172750956092957576663162293391867189314533228578990710290709939717122467", "timestamp": "1769383658929", "hash": "3d223be60524f0c0d8a5a5c6e459b65a5c9d76ca", "bids": [{"price": "0.01", "size": "476.03"}, {"price": "0.02", "size": "145.03"}, {"price": "0.03", "size": "6.09"}, {"price": "0.04", "size": "17.13"}], "asks": [{"price": "0.99", "size": "481.9"}, {"price": "0.98", "size": "255.79"}, {"price": "0.97", "size": "15.84"}], "event_type": "book", "last_trade_price": ""}]}
{"_local_timestamp": "2026-01-25T23:35:19.594132+00:00", "data": {"market": "0x80e8c25947804710c67b772121a74ababdd13cec1076c7c71d9fc9231e76f210", "price_changes": [{"asset_id": "100058172750956092957576663162293391867189314533228578990710290709939717122467", "price": "0.04", "size": "5.47", "side": "BUY", "hash": "35d80bb57db54506e7fc914e4e0cc76d9bf8c57f", "best_bid": "0.04", "best_ask": "0.97"}, {"asset_id": "88482351452480717969763255355675048659415877345159823394498422438517286092377", "price": "0.96", "size": "5.47", "side": "SELL", "hash": "4c70eafd33e7b45b0ba88127cae85f3cd0ecd617", "best_bid": "0.03", "best_ask": "0.96"}], "timestamp": "1769384119530", "event_type": "price_change"}}
{"_local_timestamp": "2026-01-25T23:35:22.273701+00:00", "data": {"market": "0x80e8c25947804710c67b772121a74ababdd13cec1076c7c71d9fc9231e76f210", "price_changes": [{"asset_id": "100058172750956092957576663162293391867189314533228578990710290709939717122467", "price": "0.03", "size": "21.63", "side": "BUY", "hash": "0a695205cefb8c70ecd868edf61d25e4bde112c1", "best_bid": "0.04", "best_ask": "0.97"}, {"asset_id": "88482351452480717969763255355675048659415877345159823394498422438517286092377", "price": "0.97", "size": "21.63", "side": "SELL", "hash": "45837c788e07b90e26962920bcc29457ec2c2388", "best_bid": "0.03", "best_ask": "0.96"}], "timestamp": "1769384122208", "event_type": "price_change"}}
{"_local_timestamp": "2026-01-25T23:35:22.763728+00:00", "data": {"market": "0x80e8c25947804710c67b772121a74ababdd13cec1076c7c71d9fc9231e76f210", "price_changes": [{"asset_id": "100058172750956092957576663162293391867189314533228578990710290709939717122467", "price": "0.03", "size": "6.09", "side": "BUY", "hash": "0266d1d8449261e1c1ea44149fe4d9553e163baf", "best_bid": "0.04", "best_ask": "0.97"}, {"asset_id": "88482351452480717969763255355675048659415877345159823394498422438517286092377", "price": "0.97", "size": "6.09", "side": "SELL", "hash": "dabce092ab818320f2e653abfc941e5606793f79", "best_bid": "0.03", "best_ask": "0.96"}], "timestamp": "1769384122696", "event_type": "price_change"}}
{"_local_timestamp": "2026-01-25T23:35:23.851222+00:00", "data": {"market": "0x80e8c25947804710c67b772121a74ababdd13cec1076c7c71d9fc9231e76f210", "price_changes": [{"asset_id": "100058172750956092957576663162293391867189314533228578990710290709939717122467", "price": "0.03", "size": "21.63", "side": "BUY", "hash": "838038d4f6ef75eca706360113311917622fd7e3", "best_bid": "0.04", "best_ask": "0.97"}, {"asset_id": "88482351452480717969763255355675048659415877345159823394498422438517286092377", "price": "0.97", "size": "21.63", "side": "SELL", "hash": "63ee310d99dc2da9ac98df01040cde2db220a1d5", "best_bid": "0.03", "best_ask": "0.96"}], "timestamp": "1769384123739", "event_type": "price_change"}}
