{"_local_timestamp": "2026-01-25T23:34:03.558646+00:00", "data": [{"market": "0xd0d5892bf2e5034dcd5745059dca4ae94e7f66ba4232b50754631e2ccdb01ac5", "asset_id": "110673754813279855283761348665988180777264171100963719171492930856800431227798", "timestamp": "1769383924275", "hash": "fe510ead031a3ede9261059bc1e107e392a87b7b", "bids": [{"price": "0.01", "size": "1592.9"}, {"price": "0.02", "size": "1405"}, {"price": "0.03", "size": "613.13"}, {"price": "0.08", "size": "500"}, {"price": "0.09", "size": "7.3"}, {"price": "0.14", "size": "200"}, {"price": "0.5", "size": "20"}, {"price": "0.52", "size": "25"}, {"price": "0.53", "size": "20.75"}, {"price": "0.64", "size": "100"}], "asks": [{"price": "0.99", "size": "1578"}, {"price": "0.98", "size": "49.99"}, {"price": "0.87", "size": "100"}, {"price": "0.86", "size": "78.57"}, {"price": "0.74", "size": "100"}], "event_type": "book", "last_trade_price": ""}, {"market": "0xd0d5892bf2e5034dcd5745059dca4ae94e7f66ba4232b50754631e2ccdb01ac5", "asset_id": "66106119938599361507902818866892667225079677183233012928965712283064864106233", "timestamp": "1769383924275", "hash": "4125dc9b818d44736d9a6b7c7a3b1fe771b6c103", "bids": [{"price": "0.01", "size": "1578"}, {"price": "0.02", "size": "49.99"}, {"price": "0.13", "size": "100"}, {"price": "0.14", "size": "78.57"}, {"price": "0.26", "size": "100"}], "asks": [{"price": "0.99", "size": "1592.9"}, {"price": "0.98", "size": "1405"}, {"price": "0.97", "size": "613.13"}, {"price": "0.92", "size": "500"}, {"price": "0.91", "size": "7.3"}, {"price": "0.86", "size": "200"}, {"price": "0.5", "size": "20"}, {"price": "0.48", "size": "25"}, {"price": "0.47", "size": "20.75"}, {"price": "0.36", "size": "100"}], "event_type": "book", "last_trade_price": ""}]}
{"_local_timestamp": "2026-01-25T23:34:56.437047+00:00", "data": {"market": "0xd0d5892bf2e5034dcd5745059dca4ae94e7f66ba4232b50754631e2ccdb01ac5", "price_changes": [{"asset_id": "66106119938599361507902818866892667225079677183233012928965712283064864106233", "price": "0.26", "size": "0", "side": "BUY", "hash": "ed46b1efebbed2d80e15917cf804b5719bd2f619", "best_bid": "0.14", "best_ask": "0.36"}, {"asset_id": "110673754813279855283761348665988180777264171100963719171492930856800431227798", "price": "0.74", "size": "0", "side": "SELL", "hash": "c33746f90e271ba41b2d641a4dec3cb9c63ec383", "best_bid": "0.64", "best_ask": "0.86"}], "timestamp": "1769384096344", "event_type": "price_change"}}
{"_local_timestamp": "2026-01-25T23:34:56.437903+00:00", "data": {"market": "0xd0d5892bf2e5034dcd5745059dca4ae94e7f66ba4232b50754631e2ccdb01ac5", "price_changes": [{"asset_id": "110673754813279855283761348665988180777264171100963719171492930856800431227798", "price": "0.64", "size": "0", "side": "BUY", "hash": "1a69022f2e948cd75ea18a77201792e9f95e0e4b", "best_bid": "0.53", "best_ask": "0.86"}, {"asset_id": "66106119938599361507902818866892667225079677183233012928965712283064864106233", "price": "0.36", "size": "0", "side": "SELL", "hash": "26fcd6fa019cc4d7d0fc6fc626abc6eda01a391c", "best_bid": "0.14", "best_ask": "0.47"}], "timestamp": "1769384096344", "event_type": "price_change"}}
{"_local_timestamp": "2026-01-25T23:34:58.642721+00:00", "data": {"market": "0xd0d5892bf2e5034dcd5745059dca4ae94e7f66ba4232b50754631e2ccdb01ac5", "price_changes": [{"asset_id": "66106119938599361507902818866892667225079677183233012928965712283064864106233", "price": "0.25", "size": "100", "side": "BUY", "hash": "48fc6f3ec304d8b68302f70ade68cf23dc4d4a83", "best_bid": "0.25", "best_ask": "0.47"}, {"asset_id": "110673754813279855283761348665988180777264171100963719171492930856800431227798", "price": "0.75", "size": "100", "side": "SELL", "hash": "d83ce88fe138e95d9536e14886424b381896d8fe", "best_bid": "0.53", "best_ask": "0.75"}], "timestamp": "1769384098574", "event_type": "price_change"}}
{"_local_timestamp": "2026-01-25T23:34:58.643118+00:00", "data": {"market": "0xd0d5892bf2e5034dcd5745059dca4ae94e7f66ba4232b50754631e2ccdb01ac5", "price_changes": [{"asset_id": "110673754813279855283761348665988180777264171100963719171492930856800431227798", "price": "0.65", "size": "100", "side": "BUY", "hash": "bddb182853403307f7630926e0c36e3c26ddd67e", "best_bid": "0.65", "best_ask": "0.75"}, {"asset_id": "66106119938599361507902818866892667225079677183233012928965712283064864106233", "price": "0.35", "size": "100", "side": "SELL", "hash": "5a8b9bc6dccee1aeaf911f86e11f2acce71f0202", "best_bid": "0.25", "best_ask": "0.35"}], "timestamp": "1769384098575", "event_type": "price_change"}}
{"_local_timestamp": "2026-01-25T23:34:58.954088+00:00", "data": {"market": "0xd0d5892bf2e5034dcd5745059dca4ae94e7f66ba4232b50754631e2ccdb01ac5", "price_changes": [{"asset_id": "66106119938599361507902818866892667225079677183233012928965712283064864106233", "price": "0.03", "size": "5.47", "side": "BUY", "hash": "04f4d42c2f6b335dbc64c35e85e2c56656b88846", "best_bid": "0.25", "best_ask": "0.35"}, {"asset_id": "110673754813279855283761348665988180777264171100963719171492930856800431227798", "price": "0.97", "size": "5.47", "side": "SELL", "hash": "4901518b2ccbed4d5f7553c0f711284903d789b6", "best_bid": "0.65", "best_ask": "0.75"}], "timestamp": "1769384098878", "event_type": "price_change"}}
{"_local_timestamp": "2026-01-25T23:35:02.416858+00:00", "data": {"market": "0xd0d5892bf2e5034dcd5745059dca4ae94e7f66ba4232b50754631e2ccdb01ac5", "price_changes": [{"asset_id": "66106119938599361507902818866892667225079677183233012928965712283064864106233", "price": "0.03", "size": "0", "side": "BUY", "hash": "1b3d11afa05ea1c6c78f8aa595f33907c56cf75f", "best_bid": "0.25", "best_ask": "0.35"}, {"asset_id": "110673754813279855283761348665988180777264171100963719171492930856800431227798", "price": "0.97", "size": "0", "side": "SELL", "hash": "3451ba865e86ea40122580c313bcf50b811406ba", "best_bid": "0.65", "best_ask": "0.75"}], "timestamp": "1769384102345", "event_type": "price_change"}}
{"_local_timestamp": "2026-01-25T23:35:12.502593+00:00", "data": {"market": "0xd0d5892bf2e5034dcd5745059dca4ae94e7f66ba4232b50754631e2ccdb01ac5", "price_changes": [{"asset_id": "110673754813279855283761348665988180777264171100963719171492930856800431227798", "price": "0.03", "size": "13.13", "side": "BUY", "hash": "5cc113ce8f0c621074355e39584cf7593e8ef4c7", "best_bid": "0.65", "best_ask": "0.75"}, {"asset_id": "66106119938599361507902818866892667225079677183233012928965712283064864106233", "price": "0.97", "size": "13.13", "side": "SELL", "hash": "173bbfb847e69f751bcdd731d1719b8d0dc86466", "best_bid": "0.25", "best_ask": "0.35"}], "timestamp": "1769384112422", "event_type": "price_change"}}
{"_local_timestamp": "2026-01-25T23:35:12.503517+00:00", "data": {"market": "0xd0d5892bf2e5034dcd5745059dca4ae94e7f66ba4232b50754631e2ccdb01ac5", "price_changes": [{"asset_id": "110673754813279855283761348665988180777264171100963719171492930856800431227798", "price": "0.08", "size": "100", "side": "BUY", "hash": "5cc113ce8f0c621074355e39584cf7593e8ef4c7", "best_bid": "0.65", "best_ask": "0.75"}, {"asset_id": "66106119938599361507902818866892667225079677183233012928965712283064864106233", "price": "0.92", "size": "100", "side": "SELL", "hash": "173bbfb847e69f751bcdd731d1719b8d0dc86466", "best_bid": "0.25", "best_ask": "0.35"}], "timestamp": "1769384112422", "event_type": "price_change"}}
{"_local_timestamp": "2026-01-25T23:35:12.503846+00:00", "data": {"market": "0xd0d5892bf2e5034dcd5745059dca4ae94e7f66ba4232b50754631e2ccdb01ac5", "price_changes": [{"asset_id": "110673754813279855283761348665988180777264171100963719171492930856800431227798", "price": "0.14", "size": "0", "side": "BUY", "hash": "5cc113ce8f0c621074355e39584cf7593e8ef4c7", "best_bid": "0.65", "best_ask": "0.75"}, {"asset_id": "66106119938599361507902818866892667225079677183233012928965712283064864106233", "price": "0.86", "size": "0", "side": "SELL", "hash": "173bbfb847e69f751bcdd731d1719b8d0dc86466", "best_bid": "0.25", "best_ask": "0.35"}], "timestamp": "1769384112422", "event_type": "price_change"}}
{"_local_timestamp": "2026-01-25T23:35:36.131383+00:00", "data": {"market": "0xd0d5892bf2e5034dcd5745059dca4ae94e7f66ba4232b50754631e2ccdb01ac5", "price_changes": [{"asset_id": "110673754813279855283761348665988180777264171100963719171492930856800431227798", "price": "0.08", "size": "500", "side": "BUY", "hash": "5fbe3a38db154f88ff902e3d84ffc4a775745440", "best_bid": "0.65", "best_ask": "0.75"}, {"asset_id": "66106119938599361507902818866892667225079677183233012928965712283064864106233", "price": "0.92", "size": "500", "side": "SELL", "hash": "0a6bb142297c6513e92cc2a31389d6bcc141ecb9", "best_bid": "0.25", "best_ask": "0.35"}], "timestamp": "1769384136009", "event_type": "price_change"}}
{"_local_timestamp": "2026-01-25T23:35:36.135870+00:00", "data": {"market": "0xd0d5892bf2e5034dcd5745059dca4ae94e7f66ba4232b50754631e2ccdb01ac5", "price_changes": [{"asset_id": "110673754813279855283761348665988180777264171100963719171492930856800431227798", "price": "0.14", "size": "200", "side": "BUY", "hash": "bf382292d9e1949c161584d7da7ef39783dc7f70", "best_bid": "0.65", "best_ask": "0.75"}, {"asset_id": "66106119938599361507902818866892667225079677183233012928965712283064864106233", "price": "0.86", "size": "200", "side": "SELL", "hash": "43aba4420c83e85f74f40b546dca9d6c0c9adff4", "best_bid": "0.25", "best_ask": "0.35"}], "timestamp": "1769384136015", "event_type": "price_change"}}
{"_local_timestamp": "2026-01-25T23:35:36.136338+00:00", "data": {"market": "0xd0d5892bf2e5034dcd5745059dca4ae94e7f66ba4232b50754631e2ccdb01ac5", "price_changes": [{"asset_id": "110673754813279855283761348665988180777264171100963719171492930856800431227798", "price": "0.03", "size": "613.13", "side": "BUY", "hash": "8da9025ba08f37e465554f84aae9c1bbf13754f5", "best_bid": "0.65", "best_ask": "0.75"}, {"asset_id": "66106119938599361507902818866892667225079677183233012928965712283064864106233", "price": "0.97", "size": "613.13", "side": "SELL", "hash": "59e91c15fcfa5e450fd0ddd1683086dbeec6fc63", "best_bid": "0.25", "best_ask": "0.35"}], "timestamp": "1769384136019", "event_type": "price_change"}}
