{"_local_timestamp": "2026-01-25T23:34:03.291342+00:00", "data": [{"market": "0x40fd608947b0190bc64cb7144e03940720545881891bc675c35ba6627848f3ac", "asset_id": "46623526091115741548978085799046857088065774639238209642287114937161133790144", "timestamp": "1769383966561", "hash": "d03e72709611471da3e603470ebd61eed0dff4c8", "bids": [{"price": "0.01", "size": "587.11"}, {"price": "0.02", "size": "250"}, {"price": "0.03", "size": "30.29"}, {"price": "0.1", "size": "300"}, {"price": "0.11", "size": "200"}, {"price": "0.12", "size": "125"}, {"price": "0.13", "size": "75"}, {"price": "0.14", "size": "92.85"}, {"price": "0.15", "size": "73.33"}, {"price": "0.21", "size": "100"}, {"price": "0.22", "size": "150"}], "asks": [{"price": "0.99", "size": "1592.81"}, {"price": "0.98", "size": "1405"}, {"price": "0.97", "size": "605"}, {"price": "0.96", "size": "6.9"}, {"price": "0.92", "size": "400"}, {"price": "0.89", "size": "5.68"}, {"price": "0.85", "size": "400"}, {"price": "0.72", "size": "300"}, {"price": "0.68", "size": "200"}, {"price": "0.65", "size": "125"}, {"price": "0.63", "size": "75"}, {"price": "0.55", "size": "28.88"}, {"price": "0.54", "size": "23.91"}, {"price": "0.32", "size": "150"}, {"price": "0.31", "size": "100"}], "event_type": "book", "last_trade_price": ""}, {"market": "0x40fd608947b0190bc64cb7144e03940720545881891bc675c35ba6627848f3ac", "asset_id": "104405616239332337325326978222449212319925104339569788844088339586218306596596", "timestamp": "1769383966561", "hash": "3d3784599ddf9b6c5982207642d91548da6a96ec", "bids": [{"price": "0.01", "size": "1592.81"}, {"price": "0.02", "size": "1405"}, {"price": "0.03", "size": "605"}, {"price": "0.04", "size": "6.9"}, {"price": "0.08", "size": "400"}, {"price": "0.11", "size": "5.68"}, {"price": "0.15", "size": "400"}, {"price": "0.28", "size": "300"}, {"price": "0.32", "size": "200"}, {"price": "0.35", "size": "125"}, {"price": "0.37", "size": "75"}, {"price": "0.45", "size": "28.88"}, {"price": "0.46", "size": "23.91"}, {"price": "0.68", "size": "150"}, {"price": "0.69", "size": "100"}], "asks": [{"price": "0.99", "size": "587.11"}, {"price": "0.98", "size": "250"}, {"price": "0.97", "size": "30.29"}, {"price": "0.9", "size": "300"}, {"price": "0.89", "size": "200"}, {"price": "0.88", "size": "125"}, {"price": "0.87", "size": "75"}, {"price": "0.86", "size": "92.85"}, {"price": "0.85", "size": "73.33"}, {"price": "0.79", "size": "100"}, {"price": "0.78", "size": "150"}], "event_type": "book", "last_trade_price": ""}]}
{"_local_timestamp": "2026-01-25T23:34:27.083781+00:00", "data": {"market": "0x40fd608947b0190bc64cb7144e03940720545881891bc675c35ba6627848f3ac", "price_changes": [{"asset_id": "46623526091115741548978085799046857088065774639238209642287114937161133790144", "price": "0.22", "size": "0", "side": "BUY", "hash": "557da62b0b34b26efd18bb2842ed67e7b7f93efa", "best_bid": "0.21", "best_ask": "0.31"}, {"asset_id": "104405616239332337325326978222449212319925104339569788844088339586218306596596", "price": "0.78", "size": "0", "side": "SELL", "hash": "f0c75087d4cd790274da2daf9b9bb34f1383ed26", "best_bid": "0.69", "best_ask": "0.79"}], "timestamp": "1769384067001", "event_type": "price_change"}}
{"_local_timestamp": "2026-01-25T23:34:30.306539+00:00", "data": {"market": "0x40fd608947b0190bc64cb7144e03940720545881891bc675c35ba6627848f3ac", "price_changes": [{"asset_id": "46623526091115741548978085799046857088065774639238209642287114937161133790144", "price": "0.22", "size": "150", "side": "BUY", "hash": "74075760c83911dca37381b50e38a1d161cbea93", "best_bid": "0.22", "best_ask": "0.31"}, {"asset_id": "104405616239332337325326978222449212319925104339569788844088339586218306596596", "price": "0.78", "size": "150", "side": "SELL", "hash": "5d77df6ae93b1b9669ab867d707ea3a1b378e2c1", "best_bid": "0.69", "best_ask": "0.78"}], "timestamp": "1769384070120", "event_type": "price_change"}}
{"_local_timestamp": "2026-01-25T23:35:51.803861+00:00", "data": {"market": "0x40fd608947b0190bc64cb7144e03940720545881891bc675c35ba6627848f3ac", "price_changes": [{"asset_id": "104405616239332337325326978222449212319925104339569788844088339586218306596596", "price": "0.04", "size": "0", "side": "BUY", "hash": "5fc0d12440e99eb4241603f26826c79343b8601e", "best_bid": "0.69", "best_ask": "0.78"}, {"asset_id": "46623526091115741548978085799046857088065774639238209642287114937161133790144", "price": "0.96", "size": "0", "side": "SELL", "hash": "35bf3758d32d0edef1bdfaa5d2dde025858af1a2", "best_bid": "0.22", "best_ask": "0.31"}], "timestamp": "1769384151739", "event_type": "price_change"}}
{"_local_timestamp": "2026-01-25T23:35:51.804601+00:00", "data": {"market": "0x40fd608947b0190bc64cb7144e03940720545881891bc675c35ba6627848f3ac", "price_changes": [{"asset_id": "104405616239332337325326978222449212319925104339569788844088339586218306596596", "price": "0.11", "size": "0", "side": "BUY", "hash": "5fc0d12440e99eb4241603f26826c79343b8601e", "best_bid": "0.69", "best_ask": "0.78"}, {"asset_id": "46623526091115741548978085799046857088065774639238209642287114937161133790144", "price": "0.89", "size": "0", "side": "SELL", "hash": "35bf3758d32d0edef1bdfaa5d2dde025858af1a2", "best_bid": "0.22", "best_ask": "0.31"}], "timestamp": "1769384151739", "event_type": "price_change"}}
{"_local_timestamp": "2026-01-25T23:35:54.233148+00:00", "data": {"market": "0x40fd608947b0190bc64cb7144e03940720545881891bc675c35ba6627848f3ac", "price_changes": [{"asset_id": "104405616239332337325326978222449212319925104339569788844088339586218306596596", "price": "0.09", "size": "7.33", "side": "BUY", "hash": "835066afc5b18d21fb00ebe29927496ffcfcecac", "best_bid": "0.69", "best_ask": "0.78"}, {"asset_id": "46623526091115741548978085799046857088065774639238209642287114937161133790144", "price": "0.91", "size": "7.33", "side": "SELL", "hash": "c770918d2fb908ee41c0e2947b5a921b903de751", "best_bid": "0.22", "best_ask": "0.31"}], "timestamp": "1769384154154", "event_type": "price_change"}}
{"_local_timestamp": "2026-01-25T23:35:54.235188+00:00", "data": {"market": "0x40fd608947b0190bc64cb7144e03940720545881891bc675c35ba6627848f3ac", "price_changes": [{"asset_id": "104405616239332337325326978222449212319925104339569788844088339586218306596596", "price": "0.03", "size": "613.06", "side": "BUY", "hash": "3ac3730e35347db0ee8ba6ae6e0ec7384ac044da", "best_bid": "0.69", "best_ask": "0.78"}, {"asset_id": "46623526091115741548978085799046857088065774639238209642287114937161133790144", "price": "0.97", "size": "613.06", "side": "SELL", "hash": "22f1505f7fa00e0ee65aa6c9f61bc56282892262", "best_bid": "0.22", "best_ask": "0.31"}], "timestamp": "1769384154157", "event_type": "price_change"}}
{"_local_timestamp": "2026-01-25T23:36:58.421496+00:00", "data": {"market": "0x40fd608947b0190bc64cb7144e03940720545881891bc675c35ba6627848f3ac", "price_changes": [{"asset_id": "104405616239332337325326978222449212319925104339569788844088339586218306596596", "price": "0.15", "size": "300", "side": "BUY", "hash": "784ec4d2318175a9aa9743c7ece5404bc3a04dbc", "best_bid": "0.69", "best_ask": "0.78"}, {"asset_id": "46623526091115741548978085799046857088065774639238209642287114937161133790144", "price": "0.85", "size": "300", "side": "SELL", "hash": "4f0aebf531d7636d302b96d53e968fc2f27d4bda", "best_bid": "0.22", "best_ask": "0.31"}], "timestamp": "1769384218094", "event_type": "price_change"}}
{"_local_timestamp": "2026-01-25T23:37:37.949036+00:00", "data": {"market": "0x40fd608947b0190bc64cb7144e03940720545881891bc675c35ba6627848f3ac", "price_changes": [{"asset_id": "104405616239332337325326978222449212319925104339569788844088339586218306596596", "price": "0.15", "size": "200", "side": "BUY", "hash": "443eecac71e56436035f4122053e62ff46d1d612", "best_bid": "0.69", "best_ask": "0.78"}, {"asset_id": "46623526091115741548978085799046857088065774639238209642287114937161133790144", "price": "0.85", "size": "200", "side": "SELL", "hash": "a7b00f39a26f7532f6d09b6c4afd1797705c930a", "best_bid": "0.22", "best_ask": "0.31"}], "timestamp": "1769384257882", "event_type": "price_change"}}
{"_local_timestamp": "2026-01-25T23:37:38.235545+00:00", "data": {"market": "0x40fd608947b0190bc64cb7144e03940720545881891bc675c35ba6627848f3ac", "price_changes": [{"asset_id": "104405616239332337325326978222449212319925104339569788844088339586218306596596", "price": "0.08", "size": "500", "side": "BUY", "hash": "b5811507e7bf47f7319b07c04b92ecfcb0c784e7", "best_bid": "0.69", "best_ask": "0.78"}, {"asset_id": "46623526091115741548978085799046857088065774639238209642287114937161133790144", "price": "0.92", "size": "500", "side": "SELL", "hash": "3635ef7a4334fd580b4fbb31d8f455b39e48cc0c", "best_bid": "0.22", "best_ask": "0.31"}], "timestamp": "1769384258164", "event_type": "price_change"}}
{"_local_timestamp": "2026-01-25T23:37:52.965946+00:00", "data": {"market": "0x40fd608947b0190bc64cb7144e03940720545881891bc675c35ba6627848f3ac", "price_changes": [{"asset_id": "104405616239332337325326978222449212319925104339569788844088339586218306596596", "price": "0.16", "size": "200", "side": "BUY", "hash": "8deffd2d2dac3ee0d3f2bc6564cbd99e5d735244", "best_bid": "0.69", "best_ask": "0.78"}, {"asset_id": "46623526091115741548978085799046857088065774639238209642287114937161133790144", "price": "0.84", "size": "200", "side": "SELL", "hash": "2e7407498a50a5059a4a2b926f9e20e641bb8a38", "best_bid": "0.22", "best_ask": "0.31"}], "timestamp": "1769384272785", "event_type": "price_change"}}
