{"_local_timestamp": "2026-01-25T23:33:53.332059+00:00", "data": [{"market": "0x8fbc403d134fa65fce05c3d08831bdbdb7e8b2b22e9b13225adb1c3ca5f866ca", "asset_id": "12896930959894913220593968023113097085810894088163875073077097455692123778347", "timestamp": "1769384032892", "hash": "fff2c77b99acd9435a6925fcab62474ac91355ac", "bids": [{"price": "0.001", "size": "100010.09"}, {"price": "0.002", "size": "55000"}, {"price": "0.003", "size": "16.14"}, {"price": "0.008", "size": "155"}, {"price": "0.01", "size": "27000"}, {"price": "0.011", "size": "55710"}, {"price": "0.012", "size": "31.04"}, {"price": "0.08", "size": "155"}, {"price": "0.097", "size": "100"}, {"price": "0.099", "size": "100"}, {"price": "0.1", "size": "3500"}, {"price": "0.101", "size": "10000"}, {"price": "0.102", "size": "5.56"}, {"price": "0.47", "size": "100"}, {"price": "0.49", "size": "100"}, {"price": "0.497", "size": "100"}, {"price": "0.499", "size": "300"}, {"price": "0.5", "size": "264"}, {"price": "0.75", "size": "60"}, {"price": "0.767", "size": "60"}, {"price": "0.768", "size": "264"}, {"price": "0.769", "size": "60"}, {"price": "0.77", "size": "60"}, {"price": "0.771", "size": "53"}, {"price": "0.772", "size": "50"}, {"price": "0.773", "size": "5.47"}, {"price": "0.991", "size": "300"}, {"price": "0.999", "size": "109195"}], "asks": [], "event_type": "book", "last_trade_price": ""}, {"market": "0x8fbc403d134fa65fce05c3d08831bdbdb7e8b2b22e9b13225adb1c3ca5f866ca", "asset_id": "12320251296895284489655236413367415605119316118608752417377450560676126202625", "timestamp": "1769384032892", "hash": "7f1d67d64ab54c549aaf6a6660c16f56bb234fc1", "bids": [], "asks": [{"price": "0.999", "size": "100010.09"}, {"price": "0.998", "size": "55000"}, {"price": "0.997", "size": "16.14"}, {"price": "0.992", "size": "155"}, {"price": "0.99", "size": "27000"}, {"price": "0.989", "size": "55710"}, {"price": "0.988", "size": "31.04"}, {"price": "0.92", "size": "155"}, {"price": "0.903", "size": "100"}, {"price": "0.901", "size": "100"}, {"price": "0.9", "size": "3500"}, {"price": "0.899", "size": "10000"}, {"price": "0.898", "size": "5.56"}, {"price": "0.53", "size": "100"}, {"price": "0.51", "size": "100"}, {"price": "0.503", "size": "100"}, {"price": "0.501", "size": "300"}, {"price": "0.5", "size": "264"}, {"price": "0.25", "size": "60"}, {"price": "0.233", "size": "60"}, {"price": "0.232", "size": "264"}, {"price": "0.231", "size": "60"}, {"price": "0.23", "size": "60"}, {"price": "0.229", "size": "53"}, {"price": "0.228", "size": "50"}, {"price": "0.227", "size": "5.47"}, {"price": "0.009", "size": "300"}, {"price": "0.001", "size": "109195"}], "event_type": "book", "last_trade_price": ""}]}
{"_local_timestamp": "2026-01-25T23:33:54.583198+00:00", "data": {"market": "0x8fbc403d134fa65fce05c3d08831bdbdb7e8b2b22e9b13225adb1c3ca5f866ca", "price_changes": [{"asset_id": "12896930959894913220593968023113097085810894088163875073077097455692123778347", "price": "0.999", "size": "109232", "side": "BUY", "hash": "60d8b6fd4cd8bcc1b6c47a41afa7b1593b71ed7f", "best_bid": "0.999", "best_ask": "1"}, {"asset_id": "12320251296895284489655236413367415605119316118608752417377450560676126202625", "price": "0.001", "size": "109232", "side": "SELL", "hash": "fe8b65a23fc87609144c60a9434e19e51a93be26", "best_bid": "0", "best_ask": "0.001"}], "timestamp": "1769384034492", "event_type": "price_change"}}
{"_local_timestamp": "2026-01-25T23:33:55.235292+00:00", "data": {"market": "0x8fbc403d134fa65fce05c3d08831bdbdb7e8b2b22e9b13225adb1c3ca5f866ca", "price_changes": [{"asset_id": "12896930959894913220593968023113097085810894088163875073077097455692123778347", "price": "0.999", "size": "109268", "side": "BUY", "hash": "b17c7c2fe82417ecdc5e9369bf02ee7f1b135b85", "best_bid": "0.999", "best_ask": "1"}, {"asset_id": "12320251296895284489655236413367415605119316118608752417377450560676126202625", "price": "0.001", "size": "109268", "side": "SELL", "hash": "a9a89d9fa2726a3cb939f3c7e370e7d73e0f88cf", "best_bid": "0", "best_ask": "0.001"}], "timestamp": "1769384035137", "event_type": "price_change"}}
{"_local_timestamp": "2026-01-25T23:33:55.655773+00:00", "data": {"market": "0x8fbc403d134fa65fce05c3d08831bdbdb7e8b2b22e9b13225adb1c3ca5f866ca", "price_changes": [{"asset_id": "12896930959894913220593968023113097085810894088163875073077097455692123778347", "price": "0.999", "size": "109303", "side": "BUY", "hash": "e225cd9fe30749a2f40f47e24ed3e44845b0f28c", "best_bid": "0.999", "best_ask": "1"}, {"asset_id": "12320251296895284489655236413367415605119316118608752417377450560676126202625", "price": "0.001", "size": "109303", "side": "SELL", "hash": "72770ec4f96c4783eabf96227c05b4adbfba0c4b", "best_bid": "0", "best_ask": "0.001"}], "timestamp": "1769384035561", "event_type": "price_change"}}
{"_local_timestamp": "2026-01-25T23:34:08.010903+00:00", "data": {"market": "0x8fbc403d134fa65fce05c3d08831bdbdb7e8b2b22e9b13225adb1c3ca5f866ca", "price_changes": [{"asset_id": "12896930959894913220593968023113097085810894088163875073077097455692123778347", "price": "0.999", "size": "104993", "side": "BUY", "hash": "55cfca1c11a2c900ce7ff6038073e890784782ce", "best_bid": "0.999", "best_ask": "1"}, {"asset_id": "12320251296895284489655236413367415605119316118608752417377450560676126202625", "price": "0.001", "size": "104993", "side": "SELL", "hash": "e59d9d8b9d10de61faba2dd54c4e3c2b27dad322", "best_bid": "0", "best_ask": "0.001"}], "timestamp": "1769384047889", "event_type": "price_change"}}
{"_local_timestamp": "2026-01-25T23:34:08.647546+00:00", "data": {"market": "0x8fbc403d134fa65fce05c3d08831bdbdb7e8b2b22e9b13225adb1c3ca5f866ca", "price_changes": [{"asset_id": "12896930959894913220593968023113097085810894088163875073077097455692123778347", "price": "0.999", "size": "100000", "side": "BUY", "hash": "522270c826dfb9376a655027ae4d46a672e5ac5e", "best_bid": "0.999", "best_ask": "1"}, {"asset_id": "12320251296895284489655236413367415605119316118608752417377450560676126202625", "price": "0.001", "size": "100000", "side": "SELL", "hash": "f27e16b430211715fa6d390233a11899c566da68", "best_bid": "0", "best_ask": "0.001"}], "timestamp": "1769384048562", "event_type": "price_change"}}
{"_local_timestamp": "2026-01-25T23:34:09.300340+00:00", "data": {"market": "0x8fbc403d134fa65fce05c3d08831bdbdb7e8b2b22e9b13225adb1c3ca5f866ca", "price_changes": [{"asset_id": "12896930959894913220593968023113097085810894088163875073077097455692123778347", "price": "0.999", "size": "90000", "side": "BUY", "hash": "0fc498e43af18b082f7e7748d88170708f4414f1", "best_bid": "0.999", "best_ask": "1"}, {"asset_id": "12320251296895284489655236413367415605119316118608752417377450560676126202625", "price": "0.001", "size": "90000", "side": "SELL", "hash": "d1aa3b79812ac81ca9af1016efb6614307bfbee9", "best_bid": "0", "best_ask": "0.001"}], "timestamp": "1769384049210", "event_type": "price_change"}}
{"_local_timestamp": "2026-01-25T23:34:11.219533+00:00", "data": {"market": "0x8fbc403d134fa65fce05c3d08831bdbdb7e8b2b22e9b13225adb1c3ca5f866ca", "price_changes": [{"asset_id": "12896930959894913220593968023113097085810894088163875073077097455692123778347", "price": "0.999", "size": "92500", "side": "BUY", "hash": "da0ac060f84f89ee86128a88f67bc6b00db4b1f2", "best_bid": "0.999", "best_ask": "1"}, {"asset_id": "12320251296895284489655236413367415605119316118608752417377450560676126202625", "price": "0.001", "size": "92500", "side": "SELL", "hash": "8d7e8f1c229017b271110a09c5e5a9ebfbc9c38e", "best_bid": "0", "best_ask": "0.001"}], "timestamp": "1769384051126", "event_type": "price_change"}}
{"_local_timestamp": "2026-01-25T23:34:12.450892+00:00", "data": {"market": "0x8fbc403d134fa65fce05c3d08831bdbdb7e8b2b22e9b13225adb1c3ca5f866ca", "price_changes": [{"asset_id": "12896930959894913220593968023113097085810894088163875073077097455692123778347", "price": "0.999", "size": "93124", "side": "BUY", "hash": "8688e130fab9db3ddffef86ad3d898615f8c3df1", "best_bid": "0.999", "best_ask": "1"}, {"asset_id": "12320251296895284489655236413367415605119316118608752417377450560676126202625", "price": "0.001", "size": "93124", "side": "SELL", "hash": "df9d96ca7cb4e387f5586ec694fa0bbc15d3c7b5", "best_bid": "0", "best_ask": "0.001"}], "timestamp": "1769384052362", "event_type": "price_change"}}
{"_local_timestamp": "2026-01-25T23:34:13.572451+00:00", "data": {"market": "0x8fbc403d134fa65fce05c3d08831bdbdb7e8b2b22e9b13225adb1c3ca5f866ca", "price_changes": [{"asset_id": "12896930959894913220593968023113097085810894088163875073077097455692123778347", "price": "0.999", "size": "93279", "side": "BUY", "hash": "1ab2971c2ad4d07166b4d6d13f6ef7eeac4667da", "best_bid": "0.999", "best_ask": "1"}, {"asset_id": "12320251296895284489655236413367415605119316118608752417377450560676126202625", "price": "0.001", "size": "93279", "side": "SELL", "hash": "1e75e466968340e1beb9ef11ac6320065b932e1f", "best_bid": "0", "best_ask": "0.001"}], "timestamp": "1769384053417", "event_type": "price_change"}}
