{"_local_timestamp": "2026-01-25T23:33:53.332059+00:00", "data": [{"market": "0x8fbc403d134fa65fce05c3d08831bdbdb7e8b2b22e9b13225adb1c3ca5f866ca", "asset_id": "12896930959894913220593968023113097085810894088163875073077097455692123778347", "timestamp": "1769384032892", "hash": "fff2c77b99acd9435a6925fcab62474ac91355ac", "bids": [{"price": "0.001", "size": "100010.09"}, {"price": "0.002", "size": "55000"}, {"price": "0.003", "size": "16.14"}, {"price": "0.008", "size": "155"}, {"price": "0.01", "size": "27000"}, {"price": "0.011", "size": "55710"}, {"price": "0.012", "size": "31.04"}, {"price": "0.08", "size": "155"}, {"price": "0.097", "size": "100"}, {"price": "0.099", "size": "100"}, {"price": "0.1", "size": "3500"}, {"price": "0.101", "size": "10000"}, {"price": "0.102", "size": "5.56"}, {"price": "0.47", "size": "100"}, {"price": "0.49", "size": "100"}, {"price": "0.497", "size": "100"}, {"price": "0.499", "size": "300"}, {"price": "0.5", "size": "264"}, {"price": "0.75", "size": "60"}, {"price": "0.767", "size": "60"}, {"price": "0.768", "size": "264"}, {"price": "0.769", "size": "60"}, {"price": "0.77", "size": "60"}, {"price": "0.771", "size": "53"}, {"price": "0.772", "size": "50"}, {"price": "0.773", "size": "5.47"}, {"price": "0.991", "size": "300"}, {"price": "0.999", "size": "109195"}], "asks": [], "event_type": "book", "last_trade_price": ""}, {"market": "0x8fbc403d134fa65fce05c3d08831bdbdb7e8b2b22e9b13225adb1c3ca5f866ca", "asset_id": "12320251296895284489655236413367415605119316118608752417377450560676126202625", "timestamp": "1769384032892", "hash": "7f1d67d64ab54c549aaf6a6660c16f56bb234fc1", "bids": [], "asks": [{"price": "0.999", "size": "100010.09"}, {"price": "0.998", "size": "55000"}, {"price": "0.997", "size": "16.14"}, {"price": "0.992", "size": "155"}, {"price": "0.99", "size": "27000"}, {"price": "0.989", "size": "55710"}, {"price": "0.988", "size": "31.04"}, {"price": "0.92", "size": "155"}, {"price": "0.903", "size": "100"}, {"price": "0.901", "size": "100"}, {"price": "0.9", "size": "3500"}, {"price": "0.899", "size": "10000"}, {"price": "0.898", "size": "5.56"}, {"price": "0.53", "size": "100"}, {"price": "0.51", "size": "100"}, {"price": "0.503", "size": "100"}, {"price": "0.501", "size": "300"}, {"price": "0.5", "size": "264"}, {"price": "0.25", "size": "60"}, {"price": "0.233", "size": "60"}, {"price": "0.232", "size": "264"}, {"price": "0.231", "size": "60"}, {"price": "0.23", "size": "60"}, {"price": "0.229", "size": "53"}, {"price": "0.228", "size": "50"}, {"price": "0.227", "size": "5.47"}, {"price": "0.009", "size": "300"}, {"price": "0.001", "size": "109195"}], "event_type": "book", "last_trade_price": ""}]}
{"_local_timestamp": "2026-01-25T23:33:54.583198+00:00", "data": {"market": "0x8fbc403d134fa65fce05c3d08831bdbdb7e8b2b22e9b13225adb1c3ca5f866ca", "price_changes": [{"asset_id": "12896930959894913220593968023113097085810894088163875073077097455692123778347", "price": "0.999", "size": "109232", "side": "BUY", "hash": "60d8b6fd4cd8bcc1b6c47a41afa7b1593b71ed7f", "best_bid": "0.999", "best_ask": "1"}, {"asset_id": "12320251296895284489655236413367415605119316118608752417377450560676126202625", "price": "0.001", "size": "109232", "side": "SELL", "hash": "fe8b65a23fc87609144c60a9434e19e51a93be26", "best_bid": "0", "best_ask": "0.001"}], "timestamp": "1769384034492", "event_type": "price_change"}}
{"_local_timestamp": "2026-01-25T23:33:55.235292+00:00", "data": {"market": "0x8fbc403d134fa65fce05c3d08831bdbdb7e8b2b22e9b13225adb1c3ca5f866ca", "price_changes": [{"asset_id": "12896930959894913220593968023113097085810894088163875073077097455692123778347", "price": "0.999", "size": "109268", "side": "BUY", "hash": "b17c7c2fe82417ecdc5e9369bf02ee7f1b135b85", "best_bid": "0.999", "best_ask": "1"}, {"asset_id": "12320251296895284489655236413367415605119316118608752417377450560676126202625", "price": "0.001", "size": "109268", "side": "SELL", "hash": "a9a89d9fa2726a3cb939f3c7e370e7d73e0f88cf", "best_bid": "0", "best_ask": "0.001"}], "timestamp": "1769384035137", "event_type": "price_change"}}
{"_local_timestamp": "2026-01-25T23:33:55.655773+00:00", "data": {"market": "0x8fbc403d134fa65fce05c3d08831bdbdb7e8b2b22e9b13225adb1c3ca5f866ca", "price_changes": [{"asset_id": "12896930959894913220593968023113097085810894088163875073077097455692123778347", "price": "0.999", "size": "109303", "side": "BUY", "hash": "e225cd9fe30749a2f40f47e24ed3e44845b0f28c", "best_bid": "0.999", "best_ask": "1"}, {"asset_id": "12320251296895284489655236413367415605119316118608752417377450560676126202625", "price": "0.001", "size": "109303", "side": "SELL", "hash": "72770ec4f96c4783eabf96227c05b4adbfba0c4b", "best_bid": "0", "best_ask": "0.001"}], "timestamp": "1769384035561", "event_type": "price_change"}}
{"_local_timestamp": "2026-01-25T23:34:08.010903+00:00", "data": {"market": "0x8fbc403d134fa65fce05c3d08831bdbdb7e8b2b22e9b13225adb1c3ca5f866ca", "price_changes": [{"asset_id": "12896930959894913220593968023113097085810894088163875073077097455692123778347", "price": "0.999", "size": "104993", "side": "BUY", "hash": "55cfca1c11a2c900ce7ff6038073e890784782ce", "best_bid": "0.999", "best_ask": "1"}, {"asset_id": "12320251296895284489655236413367415605119316118608752417377450560676126202625", "price": "0.001", "size": "104993", "side": "SELL", "hash": "e59d9d8b9d10de61faba2dd54c4e3c2b27dad322", "best_bid": "0", "best_ask": "0.001"}], "timestamp": "1769384047889", "event_type": "price_change"}}
{"_local_timestamp": "2026-01-25T23:34:08.647546+00:00", "data": {"market": "0x8fbc403d134fa65fce05c3d08831bdbdb7e8b2b22e9b13225adb1c3ca5f866ca", "price_changes": [{"asset_id": "12896930959894913220593968023113097085810894088163875073077097455692123778347", "price": "0.999", "size": "100000", "side": "BUY", "hash": "522270c826dfb9376a655027ae4d46a672e5ac5e", "best_bid": "0.999", "best_ask": "1"}, {"asset_id": "12320251296895284489655236413367415605119316118608752417377450560676126202625", "price": "0.001", "size": "100000", "side": "SELL", "hash": "f27e16b430211715fa6d390233a11899c566da68", "best_bid": "0", "best_ask": "0.001"}], "timestamp": "1769384048562", "event_type": "price_change"}}
{"_local_timestamp": "2026-01-25T23:34:09.300340+00:00", "data": {"market": "0x8fbc403d134fa65fce05c3d08831bdbdb7e8b2b22e9b13225adb1c3ca5f866ca", "price_changes": [{"asset_id": "12896930959894913220593968023113097085810894088163875073077097455692123778347", "price": "0.999", "size": "90000", "side": "BUY", "hash": "0fc498e43af18b082f7e7748d88170708f4414f1", "best_bid": "0.999", "best_ask": "1"}, {"asset_id": "12320251296895284489655236413367415605119316118608752417377450560676126202625", "price": "0.001", "size": "90000", "side": "SELL", "hash": "d1aa3b79812ac81ca9af1016efb6614307bfbee9", "best_bid": "0", "best_ask": "0.001"}], "timestamp": "1769384049210", "event_type": "price_change"}}
{"_local_timestamp": "2026-01-25T23:34:11.219533+00:00", "data": {"market": "0x8fbc403d134fa65fce05c3d08831bdbdb7e8b2b22e9b13225adb1c3ca5f866ca", "price_changes": [{"asset_id": "12896930959894913220593968023113097085810894088163875073077097455692123778347", "price": "0.999", "size": "92500", "side": "BUY", "hash": "da0ac060f84f89ee86128a88f67bc6b00db4b1f2", "best_bid": "0.999", "best_ask": "1"}, {"asset_id": "12320251296895284489655236413367415605119316118608752417377450560676126202625", "price": "0.001", "size": "92500", "side": "SELL", "hash": "8d7e8f1c229017b271110a09c5e5a9ebfbc9c38e", "best_bid": "0", "best_ask": "0.001"}], "timestamp": "1769384051126", "event_type": "price_change"}}
{"_local_timestamp": "2026-01-25T23:34:12.450892+00:00", "data": {"market": "0x8fbc403d134fa65fce05c3d08831bdbdb7e8b2b22e9b13225adb1c3ca5f866ca", "price_changes": [{"asset_id": "12896930959894913220593968023113097085810894088163875073077097455692123778347", "price": "0.999", "size": "93124", "side": "BUY", "hash": "8688e130fab9db3ddffef86ad3d898615f8c3df1", "best_bid": "0.999", "best_ask": "1"}, {"asset_id": "12320251296895284489655236413367415605119316118608752417377450560676126202625", "price": "0.001", "size": "93124", "side": "SELL", "hash": "df9d96ca7cb4e387f5586ec694fa0bbc15d3c7b5", "best_bid": "0", "best_ask": "0.001"}], "timestamp": "1769384052362", "event_type": "price_change"}}
{"_local_timestamp": "2026-01-25T23:34:13.572451+00:00", "data": {"market": "0x8fbc403d134fa65fce05c3d08831bdbdb7e8b2b22e9b13225adb1c3ca5f866ca", "price_changes": [{"asset_id": "12896930959894913220593968023113097085810894088163875073077097455692123778347", "price": "0.999", "size": "93279", "side": "BUY", "hash": "1ab2971c2ad4d07166b4d6d13f6ef7eeac4667da", "best_bid": "0.999", "best_ask": "1"}, {"asset_id": "12320251296895284489655236413367415605119316118608752417377450560676126202625", "price": "0.001", "size": "93279", "side": "SELL", "hash": "1e75e466968340e1beb9ef11ac6320065b932e1f", "best_bid": "0", "best_ask": "0.001"}], "timestamp": "1769384053417", "event_type": "price_change"}}
{"_local_timestamp": "2026-01-25T23:34:17.834423+00:00", "data": {"market": "0x8fbc403d134fa65fce05c3d08831bdbdb7e8b2b22e9b13225adb1c3ca5f866ca", "price_changes": [{"asset_id": "12896930959894913220593968023113097085810894088163875073077097455692123778347", "price": "0.001", "size": "99999", "side": "BUY", "hash": "8bc2b0b0bd5f8e56def0410826fde92a74ac45fa", "best_bid": "0.999", "best_ask": "1"}, {"asset_id": "12320251296895284489655236413367415605119316118608752417377450560676126202625", "price": "0.999", "size": "99999", "side": "SELL", "hash": "fb53346389667f34ac8387d6826f3947214d9138", "best_bid": "0", "best_ask": "0.001"}], "timestamp": "1769384057757", "event_type": "price_change"}}
{"_local_timestamp": "2026-01-25T23:34:17.838198+00:00", "data": {"market": "0x8fbc403d134fa65fce05c3d08831bdbdb7e8b2b22e9b13225adb1c3ca5f866ca", "price_changes": [{"asset_id": "12896930959894913220593968023113097085810894088163875073077097455692123778347", "price": "0.012", "size": "0", "side": "BUY", "hash": "8bc2b0b0bd5f8e56def0410826fde92a74ac45fa", "best_bid": "0.999", "best_ask": "1"}, {"asset_id": "12320251296895284489655236413367415605119316118608752417377450560676126202625", "price": "0.988", "size": "0", "side": "SELL", "hash": "fb53346389667f34ac8387d6826f3947214d9138", "best_bid": "0", "best_ask": "0.001"}], "timestamp": "1769384057757", "event_type": "price_change"}}
{"_local_timestamp": "2026-01-25T23:34:17.839815+00:00", "data": {"market": "0x8fbc403d134fa65fce05c3d08831bdbdb7e8b2b22e9b13225adb1c3ca5f866ca", "price_changes": [{"asset_id": "12896930959894913220593968023113097085810894088163875073077097455692123778347", "price": "0.003", "size": "0", "side": "BUY", "hash": "8bc2b0b0bd5f8e56def0410826fde92a74ac45fa", "best_bid": "0.999", "best_ask": "1"}, {"asset_id": "12320251296895284489655236413367415605119316118608752417377450560676126202625", "price": "0.997", "size": "0", "side": "SELL", "hash": "fb53346389667f34ac8387d6826f3947214d9138", "best_bid": "0", "best_ask": "0.001"}], "timestamp": "1769384057757", "event_type": "price_change"}}
{"_local_timestamp": "2026-01-25T23:34:17.840142+00:00", "data": {"market": "0x8fbc403d134fa65fce05c3d08831bdbdb7e8b2b22e9b13225adb1c3ca5f866ca", "price_changes": [{"asset_id": "12896930959894913220593968023113097085810894088163875073077097455692123778347", "price": "0.102", "size": "0", "side": "BUY", "hash": "8bc2b0b0bd5f8e56def0410826fde92a74ac45fa", "best_bid": "0.999", "best_ask": "1"}, {"asset_id": "12320251296895284489655236413367415605119316118608752417377450560676126202625", "price": "0.898", "size": "0", "side": "SELL", "hash": "fb53346389667f34ac8387d6826f3947214d9138", "best_bid": "0", "best_ask": "0.001"}], "timestamp": "1769384057757", "event_type": "price_change"}}
{"_local_timestamp": "2026-01-25T23:34:25.476689+00:00", "data": {"market": "0x8fbc403d134fa65fce05c3d08831bdbdb7e8b2b22e9b13225adb1c3ca5f866ca", "price_changes": [{"asset_id": "12896930959894913220593968023113097085810894088163875073077097455692123778347", "price": "0.999", "size": "80000", "side": "BUY", "hash": "f3cecf3b49ec6b3c747c9359dcd70c1d67eab5ed", "best_bid": "0.999", "best_ask": "1"}, {"asset_id": "12320251296895284489655236413367415605119316118608752417377450560676126202625", "price": "0.001", "size": "80000", "side": "SELL", "hash": "f5d0cfb339e32b7325b3d2622b3b95afe62e6b07", "best_bid": "0", "best_ask": "0.001"}], "timestamp": "1769384065337", "event_type": "price_change"}}
{"_local_timestamp": "2026-01-25T23:34:26.321357+00:00", "data": {"market": "0x8fbc403d134fa65fce05c3d08831bdbdb7e8b2b22e9b13225adb1c3ca5f866ca", "price_changes": [{"asset_id": "12896930959894913220593968023113097085810894088163875073077097455692123778347", "price": "0.999", "size": "80625", "side": "BUY", "hash": "26fb17a429891ac2cf7c4a55b6ce9f6e2ed25df8", "best_bid": "0.999", "best_ask": "1"}, {"asset_id": "12320251296895284489655236413367415605119316118608752417377450560676126202625", "price": "0.001", "size": "80625", "side": "SELL", "hash": "72ca72662473ef171a3c3587c0dba607529381c1", "best_bid": "0", "best_ask": "0.001"}], "timestamp": "1769384066211", "event_type": "price_change"}}
{"_local_timestamp": "2026-01-25T23:34:26.690047+00:00", "data": {"market": "0x8fbc403d134fa65fce05c3d08831bdbdb7e8b2b22e9b13225adb1c3ca5f866ca", "price_changes": [{"asset_id": "12896930959894913220593968023113097085810894088163875073077097455692123778347", "price": "0.999", "size": "81249", "side": "BUY", "hash": "0db678d3807075de1bce7ff79fca59112c57d2be", "best_bid": "0.999", "best_ask": "1"}, {"asset_id": "12320251296895284489655236413367415605119316118608752417377450560676126202625", "price": "0.001", "size": "81249", "side": "SELL", "hash": "456cb617b565c88e7280cc221fe56ca0e92b0c2c", "best_bid": "0", "best_ask": "0.001"}], "timestamp": "1769384066587", "event_type": "price_change"}}
{"_local_timestamp": "2026-01-25T23:34:27.922538+00:00", "data": {"market": "0x8fbc403d134fa65fce05c3d08831bdbdb7e8b2b22e9b13225adb1c3ca5f866ca", "price_changes": [{"asset_id": "12896930959894913220593968023113097085810894088163875073077097455692123778347", "price": "0.999", "size": "81404", "side": "BUY", "hash": "7f67b601535c5cd3ccfac1d7b995aa45055b9a73", "best_bid": "0.999", "best_ask": "1"}, {"asset_id": "12320251296895284489655236413367415605119316118608752417377450560676126202625", "price": "0.001", "size": "81404", "side": "SELL", "hash": "5a6bd4770b7f1d1c465c9ed51cbdc15c2462377c", "best_bid": "0", "best_ask": "0.001"}], "timestamp": "1769384067743", "event_type": "price_change"}}
{"_local_timestamp": "2026-01-25T23:34:28.278249+00:00", "data": {"market": "0x8fbc403d134fa65fce05c3d08831bdbdb7e8b2b22e9b13225adb1c3ca5f866ca", "price_changes": [{"asset_id": "12896930959894913220593968023113097085810894088163875073077097455692123778347", "price": "0.999", "size": "81558", "side": "BUY", "hash": "9f56a8f999cc97b8e5fd67f31be160e99bb5293a", "best_bid": "0.999", "best_ask": "1"}, {"asset_id": "12320251296895284489655236413367415605119316118608752417377450560676126202625", "price": "0.001", "size": "81558", "side": "SELL", "hash": "49b3a4d5f34214453cd53fea5f3312cedb7674ae", "best_bid": "0", "best_ask": "0.001"}], "timestamp": "1769384068164", "event_type": "price_change"}}
{"_local_timestamp": "2026-01-25T23:34:29.355020+00:00", "data": {"market": "0x8fbc403d134fa65fce05c3d08831bdbdb7e8b2b22e9b13225adb1c3ca5f866ca", "price_changes": [{"asset_id": "12896930959894913220593968023113097085810894088163875073077097455692123778347", "price": "0.999", "size": "81711", "side": "BUY", "hash": "99cf2075b70e98e8bb5f321e17e2ed1d9b36f7d0", "best_bid": "0.999", "best_ask": "1"}, {"asset_id": "12320251296895284489655236413367415605119316118608752417377450560676126202625", "price": "0.001", "size": "81711", "side": "SELL", "hash": "6b850997f6dbfc581146590caa7c844be1b83b0e", "best_bid": "0", "best_ask": "0.001"}], "timestamp": "1769384069280", "event_type": "price_change"}}
{"_local_timestamp": "2026-01-25T23:34:29.766835+00:00", "data": {"market": "0x8fbc403d134fa65fce05c3d08831bdbdb7e8b2b22e9b13225adb1c3ca5f866ca", "price_changes": [{"asset_id": "12896930959894913220593968023113097085810894088163875073077097455692123778347", "price": "0.999", "size": "81863", "side": "BUY", "hash": "93932a3e7d9ac8dcd4f471c6f3057ba44b74290e", "best_bid": "0.999", "best_ask": "1"}, {"asset_id": "12320251296895284489655236413367415605119316118608752417377450560676126202625", "price": "0.001", "size": "81863", "side": "SELL", "hash": "a026f94e04f8c17a75acc25b18fb5b51328d1bd6", "best_bid": "0", "best_ask": "0.001"}], "timestamp": "1769384069637", "event_type": "price_change"}}
{"_local_timestamp": "2026-01-25T23:34:30.383672+00:00", "data": {"market": "0x8fbc403d134fa65fce05c3d08831bdbdb7e8b2b22e9b13225adb1c3ca5f866ca", "price_changes": [{"asset_id": "12896930959894913220593968023113097085810894088163875073077097455692123778347", "price": "0.999", "size": "82014", "side": "BUY", "hash": "cd2f98f9ce3d0af6fc48c41664c51c290afd46d7", "best_bid": "0.999", "best_ask": "1"}, {"asset_id": "12320251296895284489655236413367415605119316118608752417377450560676126202625", "price": "0.001", "size": "82014", "side": "SELL", "hash": "8affde2d1e5f06a5c118ef0f712dcc1450b4f8f5", "best_bid": "0", "best_ask": "0.001"}], "timestamp": "1769384070205", "event_type": "price_change"}}
{"_local_timestamp": "2026-01-25T23:34:30.738208+00:00", "data": {"market": "0x8fbc403d134fa65fce05c3d08831bdbdb7e8b2b22e9b13225adb1c3ca5f866ca", "price_changes": [{"asset_id": "12896930959894913220593968023113097085810894088163875073077097455692123778347", "price": "0.999", "size": "82051", "side": "BUY", "hash": "edce1c7c3a5b3661210788ad91d9bfb6fa2e89da", "best_bid": "0.999", "best_ask": "1"}, {"asset_id": "12320251296895284489655236413367415605119316118608752417377450560676126202625", "price": "0.001", "size": "82051", "side": "SELL", "hash": "964534c804e0f501f795ac83aae70a862bca414a", "best_bid": "0", "best_ask": "0.001"}], "timestamp": "1769384070594", "event_type": "price_change"}}
{"_local_timestamp": "2026-01-25T23:34:31.007143+00:00", "data": {"market": "0x8fbc403d134fa65fce05c3d08831bdbdb7e8b2b22e9b13225adb1c3ca5f866ca", "price_changes": [{"asset_id": "12896930959894913220593968023113097085810894088163875073077097455692123778347", "price": "0.999", "size": "82087", "side": "BUY", "hash": "6f88cd98e908940ceed753bf32f9c960176157bc", "best_bid": "0.999", "best_ask": "1"}, {"asset_id": "12320251296895284489655236413367415605119316118608752417377450560676126202625", "price": "0.001", "size": "82087", "side": "SELL", "hash": "2327237ccd8c3cbf0ed1a63be1600088879db9bb", "best_bid": "0", "best_ask": "0.001"}], "timestamp": "1769384070923", "event_type": "price_change"}}
{"_local_timestamp": "2026-01-25T23:34:32.264997+00:00", "data": {"market": "0x8fbc403d134fa65fce05c3d08831bdbdb7e8b2b22e9b13225adb1c3ca5f866ca", "price_changes": [{"asset_id": "12896930959894913220593968023113097085810894088163875073077097455692123778347", "price": "0.999", "size": "82122", "side": "BUY", "hash": "bc770e94cf5dbcc5bb4366e3eb012e38a0b4aa0d", "best_bid": "0.999", "best_ask": "1"}, {"asset_id": "12320251296895284489655236413367415605119316118608752417377450560676126202625", "price": "0.001", "size": "82122", "side": "SELL", "hash": "de22be613e85989adbdb1ac1ca41839529a2d383", "best_bid": "0", "best_ask": "0.001"}], "timestamp": "1769384072112", "event_type": "price_change"}}
{"_local_timestamp": "2026-01-25T23:34:32.675488+00:00", "data": {"market": "0x8fbc403d134fa65fce05c3d08831bdbdb7e8b2b22e9b13225adb1c3ca5f866ca", "price_changes": [{"asset_id": "12896930959894913220593968023113097085810894088163875073077097455692123778347", "price": "0.999", "size": "82156", "side": "BUY", "hash": "750254f3e35b365765b12f4481b3578c39f9a048", "best_bid": "0.999", "best_ask": "1"}, {"asset_id": "12320251296895284489655236413367415605119316118608752417377450560676126202625", "price": "0.001", "size": "82156", "side": "SELL", "hash": "61cfc43655162308b69a6b24ea772e9ecffed9f3", "best_bid": "0", "best_ask": "0.001"}], "timestamp": "1769384072579", "event_type": "price_change"}}
{"_local_timestamp": "2026-01-25T23:34:33.431067+00:00", "data": {"market": "0x8fbc403d134fa65fce05c3d08831bdbdb7e8b2b22e9b13225adb1c3ca5f866ca", "price_changes": [{"asset_id": "12896930959894913220593968023113097085810894088163875073077097455692123778347", "price": "0.999", "size": "82189", "side": "BUY", "hash": "a26a6129c1053dd14ed9edd369c546dbaa682614", "best_bid": "0.999", "best_ask": "1"}, {"asset_id": "12320251296895284489655236413367415605119316118608752417377450560676126202625", "price": "0.001", "size": "82189", "side": "SELL", "hash": "66d5b13a89fe24fd4bd88b13f26a1f5451928eb0", "best_bid": "0", "best_ask": "0.001"}], "timestamp": "1769384073345", "event_type": "price_change"}}
{"_local_timestamp": "2026-01-25T23:34:36.155836+00:00", "data": {"market": "0x8fbc403d134fa65fce05c3d08831bdbdb7e8b2b22e9b13225adb1c3ca5f866ca", "price_changes": [{"asset_id": "12896930959894913220593968023113097085810894088163875073077097455692123778347", "price": "0.999", "size": "84689", "side": "BUY", "hash": "b55dc13e2a7670a2b4127e94263e36907c0c2939", "best_bid": "0.999", "best_ask": "1"}, {"asset_id": "12320251296895284489655236413367415605119316118608752417377450560676126202625", "price": "0.001", "size": "84689", "side": "SELL", "hash": "ae486fc934273dca045a7ea1d5be14592498aaab", "best_bid": "0", "best_ask": "0.001"}], "timestamp": "1769384076059", "event_type": "price_change"}}
