{"_local_timestamp": "2026-01-25T23:40:31.615344+00:00", "data": [{"market": "0x9767768d75f0fde1ad998e52b83999315cd5f45152a143a0153366915513e0d2", "asset_id": "60881151017130321740345136601526104676952077782755755891584789189096989545525", "timestamp": "1769384425351", "hash": "ae6781ea807015b399d8214f5d91bdf303a35c26", "bids": [{"price": "0.01", "size": "510008.18"}, {"price": "0.02", "size": "5007.7"}, {"price": "0.03", "size": "9000"}, {"price": "0.04", "size": "20005.23"}, {"price": "0.05", "size": "30"}, {"price": "0.06", "size": "33"}, {"price": "0.07", "size": "6.42"}, {"price": "0.1", "size": "360"}, {"price": "0.14", "size": "242.85"}, {"price": "0.15", "size": "7.37"}, {"price": "0.19", "size": "168.42"}, {"price": "0.22", "size": "3000"}, {"price": "0.23", "size": "694"}, {"price": "0.24", "size": "116.66"}, {"price": "0.27", "size": "300"}, {"price": "0.28", "size": "1498"}, {"price": "0.29", "size": "89.65"}, {"price": "0.34", "size": "70.58"}, {"price": "0.38", "size": "52.63"}, {"price": "0.47", "size": "1281"}, {"price": "0.48", "size": "3375"}, {"price": "0.84", "size": "10"}, {"price": "0.85", "size": "20"}, {"price": "0.91", "size": "300"}, {"price": "0.92", "size": "1089"}, {"price": "0.93", "size": "1025.1"}], "asks": [{"price": "0.99", "size": "110090"}, {"price": "0.98", "size": "375.62"}, {"price": "0.97", "size": "1854.63"}, {"price": "0.96", "size": "1105"}], "event_type": "book", "last_trade_price": ""}, {"market": "0x1b7fa10e6b102c964bbd4a7cb0a4b7a341e17fcb9f8a2c8a5d6a3b30dfb5c394", "asset_id": "17477959378122758499540906149943925432690452353416410038176243997158408694887", "timestamp": "1769384424837", "hash": "7acb8e74ed19f72fe9543b82c45909171d9e3196", "bids": [{"price": "0.01", "size": "110087.89"}, {"price": "0.02", "size": "5277.09"}, {"price": "0.03", "size": "2767.34"}, {"price": "0.04", "size": "221"}, {"price": "0.05", "size": "693.34"}], "asks": [{"price": "0.99", "size": "510000"}, {"price": "0.98", "size": "16.84"}, {"price": "0.95", "size": "40030"}, {"price": "0.94", "size": "33"}, {"price": "0.91", "size": "400"}, {"price": "0.9", "size": "6.63"}, {"price": "0.86", "size": "3242.85"}, {"price": "0.81", "size": "168.42"}, {"price": "0.8", "size": "800"}, {"price": "0.77", "size": "421.73"}, {"price": "0.76", "size": "1748"}, {"price": "0.72", "size": "92.85"}, {"price": "0.67", "size": "72.72"}, {"price": "0.62", "size": "52.63"}, {"price": "0.59", "size": "700"}, {"price": "0.56", "size": "1362"}, {"price": "0.55", "size": "3637"}, {"price": "0.29", "size": "150"}, {"price": "0.1", "size": "300"}, {"price": "0.09", "size": "598"}, {"price": "0.08", "size": "610.99"}, {"price": "0.07", "size": "135.98"}], "event_type": "book", "last_trade_price": ""}, {"market": "0x1b7fa10e6b102c964bbd4a7cb0a4b7a341e17fcb9f8a2c8a5d6a3b30dfb5c394", "asset_id": "115258259561547414610995893322363332894307320697384633557391293684664191320185", "timestamp": "1769384424837", "hash": "33a5db02c4d978c4236a70b9e689abbd10e7165d", "bids": [{"price": "0.01", "size": "510000"}, {"price": "0.02", "size": "16.84"}, {"price": "0.05", "size": "40030"}, {"price": "0.06", "size": "33"}, {"price": "0.09", "size": "400"}, {"price": "0.1", "size": "6.63"}, {"price": "0.14", "size": "3242.85"}, {"price": "0.19", "size": "168.42"}, {"price": "0.2", "size": "800"}, {"price": "0.23", "size": "421.73"}, {"price": "0.24", "size": "1748"}, {"price": "0.28", "size": "92.85"}, {"price": "0.33", "size": "72.72"}, {"price": "0.38", "size": "52.63"}, {"price": "0.41", "size": "700"}, {"price": "0.44", "size": "1362"}, {"price": "0.45", "size": "3637"}, {"price": "0.71", "size": "150"}, {"price": "0.9", "size": "300"}, {"price": "0.91", "size": "598"}, {"price": "0.92", "size": "610.99"}, {"price": "0.93", "size": "135.98"}], "asks": [{"price": "0.99", "size": "110087.89"}, {"price": "0.98", "size": "5277.09"}, {"price": "0.97", "size": "2767.34"}, {"price": "0.96", "size": "221"}, {"price": "0.95", "size": "693.34"}], "event_type": "book", "last_trade_price": ""}, {"market": "0x9767768d75f0fde1ad998e52b83999315cd5f45152a143a0153366915513e0d2", "asset_id": "69673263487139231624315897585768201230841320475352635832819992690850228911127", "timestamp": "1769384425351", "hash": "006b1b73e4ef7eb6951a172ccecac479d4c90243", "bids": [{"price": "0.01", "size": "110090"}, {"price": "0.02", "size": "375.62"}, {"price": "0.03", "size": "1854.63"}, {"price": "0.04", "size": "1105"}], "asks": [{"price": "0.99", "size": "510008.18"}, {"price": "0.98", "size": "5007.7"}, {"price": "0.97", "size": "9000"}, {"price": "0.96", "size": "20005.23"}, {"price": "0.95", "size": "30"}, {"price": "0.94", "size": "33"}, {"price": "0.93", "size": "6.42"}, {"price": "0.9", "size": "360"}, {"price": "0.86", "size": "242.85"}, {"price": "0.85", "size": "7.37"}, {"price": "0.81", "size": "168.42"}, {"price": "0.78", "size": "3000"}, {"price": "0.77", "size": "694"}, {"price": "0.76", "size": "116.66"}, {"price": "0.73", "size": "300"}, {"price": "0.72", "size": "1498"}, {"price": "0.71", "size": "89.65"}, {"price": "0.66", "size": "70.58"}, {"price": "0.62", "size": "52.63"}, {"price": "0.53", "size": "1281"}, {"price": "0.52", "size": "3375"}, {"price": "0.16", "size": "10"}, {"price": "0.15", "size": "20"}, {"price": "0.09", "size": "300"}, {"price": "0.08", "size": "1089"}, {"price": "0.07", "size": "1025.1"}], "event_type": "book", "last_trade_price": ""}]}
{"_local_timestamp": "2026-01-25T23:40:35.243594+00:00", "data": {"market": "0x9767768d75f0fde1ad998e52b83999315cd5f45152a143a0153366915513e0d2", "price_changes": [{"asset_id": "60881151017130321740345136601526104676952077782755755891584789189096989545525", "price": "0.22", "size": "0", "side": "BUY", "hash": "0fa4ffa57302839e335a7d55e0c9d58c2f9ab81b", "best_bid": "0.93", "best_ask": "0.96"}, {"asset_id": "69673263487139231624315897585768201230841320475352635832819992690850228911127", "price": "0.78", "size": "0", "side": "SELL", "hash": "cb99c6477f3c6b0765a4700345a651cbb1a093be", "best_bid": "0.04", "best_ask": "0.07"}], "timestamp": "1769384435181", "event_type": "price_change"}}
{"_local_timestamp": "2026-01-25T23:40:35.775746+00:00", "data": {"market": "0x9767768d75f0fde1ad998e52b83999315cd5f45152a143a0153366915513e0d2", "price_changes": [{"asset_id": "60881151017130321740345136601526104676952077782755755891584789189096989545525", "price": "0.92", "size": "1415", "side": "BUY", "hash": "034a57d09170b469c772dc80dc438c4d35e738bc", "best_bid": "0.93", "best_ask": "0.96"}, {"asset_id": "69673263487139231624315897585768201230841320475352635832819992690850228911127", "price": "0.08", "size": "1415", "side": "SELL", "hash": "6c1c6e1e4d6e6c6e21f5c233d90433d2dc3a8d7c", "best_bid": "0.04", "best_ask": "0.07"}], "timestamp": "1769384435708", "event_type": "price_change"}}
{"_local_timestamp": "2026-01-25T23:40:36.020981+00:00", "data": {"market": "0x9767768d75f0fde1ad998e52b83999315cd5f45152a143a0153366915513e0d2", "price_changes": [{"asset_id": "60881151017130321740345136601526104676952077782755755891584789189096989545525", "price": "0.92", "size": "1089", "side": "BUY", "hash": "5013ba53eee0ee2c0831b1a4b7c421baa72f6f20", "best_bid": "0.93", "best_ask": "0.96"}, {"asset_id": "69673263487139231624315897585768201230841320475352635832819992690850228911127", "price": "0.08", "size": "1089", "side": "SELL", "hash": "17d2236f3579f46e6e44b714451a554dc683f047", "best_bid": "0.04", "best_ask": "0.07"}], "timestamp": "1769384435952", "event_type": "price_change"}}
{"_local_timestamp": "2026-01-25T23:40:36.096443+00:00", "data": {"market": "0x9767768d75f0fde1ad998e52b83999315cd5f45152a143a0153366915513e0d2", "price_changes": [{"asset_id": "60881151017130321740345136601526104676952077782755755891584789189096989545525", "price": "0.84", "size": "0", "side": "BUY", "hash": "4eb1120d05452a5381d7f84f43a4d6f85df080d4", "best_bid": "0.93", "best_ask": "0.96"}, {"asset_id": "69673263487139231624315897585768201230841320475352635832819992690850228911127", "price": "0.16", "size": "0", "side": "SELL", "hash": "c4e089c471eec1ab991459b0e07e8618288bffbe", "best_bid": "0.04", "best_ask": "0.07"}], "timestamp": "1769384436028", "event_type": "price_change"}}
{"_local_timestamp": "2026-01-25T23:40:36.193865+00:00", "data": {"market": "0x9767768d75f0fde1ad998e52b83999315cd5f45152a143a0153366915513e0d2", "price_changes": [{"asset_id": "60881151017130321740345136601526104676952077782755755891584789189096989545525", "price": "0.86", "size": "10", "side": "BUY", "hash": "10b2cc722bb67dc477ce622e7644a5be870a37de", "best_bid": "0.93", "best_ask": "0.96"}, {"asset_id": "69673263487139231624315897585768201230841320475352635832819992690850228911127", "price": "0.14", "size": "10", "side": "SELL", "hash": "8ef99f752bfad723c35ec51ae195d027f05f0789", "best_bid": "0.04", "best_ask": "0.07"}], "timestamp": "1769384436122", "event_type": "price_change"}}
{"_local_timestamp": "2026-01-25T23:40:38.483076+00:00", "data": {"market": "0x9767768d75f0fde1ad998e52b83999315cd5f45152a143a0153366915513e0d2", "price_changes": [{"asset_id": "60881151017130321740345136601526104676952077782755755891584789189096989545525", "price": "0.85", "size": "0", "side": "BUY", "hash": "13114dbff1cab7c80a21e040e1ec5886d463a18b", "best_bid": "0.93", "best_ask": "0.96"}, {"asset_id": "69673263487139231624315897585768201230841320475352635832819992690850228911127", "price": "0.15", "size": "0", "side": "SELL", "hash": "35e8d0c992bde911657639c2d86bc7409d696edc", "best_bid": "0.04", "best_ask": "0.07"}], "timestamp": "1769384438322", "event_type": "price_change"}}
{"_local_timestamp": "2026-01-25T23:40:38.484137+00:00", "data": {"market": "0x9767768d75f0fde1ad998e52b83999315cd5f45152a143a0153366915513e0d2", "price_changes": [{"asset_id": "60881151017130321740345136601526104676952077782755755891584789189096989545525", "price": "0.87", "size": "20", "side": "BUY", "hash": "5165ae1919d1a52edfd4d847eb066211e9395b4a", "best_bid": "0.93", "best_ask": "0.96"}, {"asset_id": "69673263487139231624315897585768201230841320475352635832819992690850228911127", "price": "0.13", "size": "20", "side": "SELL", "hash": "8a9e74a4e8bcfe9cf04c64b35abe4d621546fc8e", "best_bid": "0.04", "best_ask": "0.07"}], "timestamp": "1769384438348", "event_type": "price_change"}}
{"_local_timestamp": "2026-01-25T23:40:47.901598+00:00", "data": {"market": "0x1b7fa10e6b102c964bbd4a7cb0a4b7a341e17fcb9f8a2c8a5d6a3b30dfb5c394", "price_changes": [{"asset_id": "115258259561547414610995893322363332894307320697384633557391293684664191320185", "price": "0.14", "size": "242.85", "side": "BUY", "hash": "deea5419c8f67679bab472c7bc17f3c1e226e8b4", "best_bid": "0.93", "best_ask": "0.95"}, {"asset_id": "17477959378122758499540906149943925432690452353416410038176243997158408694887", "price": "0.86", "size": "242.85", "side": "SELL", "hash": "56e0bc980eca857a09f75c06de01a0eb6dceca12", "best_bid": "0.05", "best_ask": "0.07"}], "timestamp": "1769384447834", "event_type": "price_change"}}
{"_local_timestamp": "2026-01-25T23:41:14.711194+00:00", "data": {"market": "0x1b7fa10e6b102c964bbd4a7cb0a4b7a341e17fcb9f8a2c8a5d6a3b30dfb5c394", "price_changes": [{"asset_id": "115258259561547414610995893322363332894307320697384633557391293684664191320185", "price": "0.24", "size": "0", "side": "BUY", "hash": "d90b5319c5914cf939df4060dcb23ebdcebf83fe", "best_bid": "0.93", "best_ask": "0.95"}, {"asset_id": "17477959378122758499540906149943925432690452353416410038176243997158408694887", "price": "0.76", "size": "0", "side": "SELL", "hash": "dcd35be58575b68108a3aded8df22ccd7ac9e540", "best_bid": "0.05", "best_ask": "0.07"}], "timestamp": "1769384474531", "event_type": "price_change"}}
{"_local_timestamp": "2026-01-25T23:41:19.638318+00:00", "data": {"market": "0x9767768d75f0fde1ad998e52b83999315cd5f45152a143a0153366915513e0d2", "price_changes": [{"asset_id": "60881151017130321740345136601526104676952077782755755891584789189096989545525", "price": "0.22", "size": "3000", "side": "BUY", "hash": "73fefc514c3a038db56f9df822c05da01b5a5a73", "best_bid": "0.93", "best_ask": "0.96"}, {"asset_id": "69673263487139231624315897585768201230841320475352635832819992690850228911127", "price": "0.78", "size": "3000", "side": "SELL", "hash": "f07ee4b62dc084af6af03bd55ce5ddd24db69cb5", "best_bid": "0.04", "best_ask": "0.07"}], "timestamp": "1769384479566", "event_type": "price_change"}}
{"_local_timestamp": "2026-01-25T23:41:20.347422+00:00", "data": {"market": "0x9767768d75f0fde1ad998e52b83999315cd5f45152a143a0153366915513e0d2", "price_changes": [{"asset_id": "60881151017130321740345136601526104676952077782755755891584789189096989545525", "price": "0.22", "size": "0", "side": "BUY", "hash": "e331b8074b7a0bca6bbc1118aea1c637772d2b00", "best_bid": "0.93", "best_ask": "0.96"}, {"asset_id": "69673263487139231624315897585768201230841320475352635832819992690850228911127", "price": "0.78", "size": "0", "side": "SELL", "hash": "6668ff71d9c1cb6a8a3bd2bf81a85685ad1d5328", "best_bid": "0.04", "best_ask": "0.07"}], "timestamp": "1769384480278", "event_type": "price_change"}}
{"_local_timestamp": "2026-01-25T23:41:23.196638+00:00", "data": {"market": "0x1b7fa10e6b102c964bbd4a7cb0a4b7a341e17fcb9f8a2c8a5d6a3b30dfb5c394", "price_changes": [{"asset_id": "17477959378122758499540906149943925432690452353416410038176243997158408694887", "price": "0.03", "size": "2787.34", "side": "BUY", "hash": "74433568093c344afb3cf324e73aa516b7c20ef3", "best_bid": "0.05", "best_ask": "0.07"}, {"asset_id": "115258259561547414610995893322363332894307320697384633557391293684664191320185", "price": "0.97", "size": "2787.34", "side": "SELL", "hash": "efd4180384f4ce749465ff9b726ec16d23158845", "best_bid": "0.93", "best_ask": "0.95"}], "timestamp": "1769384483110", "event_type": "price_change"}}
{"_local_timestamp": "2026-01-25T23:41:25.414492+00:00", "data": {"market": "0x9767768d75f0fde1ad998e52b83999315cd5f45152a143a0153366915513e0d2", "price_changes": [{"asset_id": "60881151017130321740345136601526104676952077782755755891584789189096989545525", "price": "0.86", "size": "0", "side": "BUY", "hash": "84a91a70a3ad3a8f0233650ff45092ec44aace4d", "best_bid": "0.93", "best_ask": "0.96"}, {"asset_id": "69673263487139231624315897585768201230841320475352635832819992690850228911127", "price": "0.14", "size": "0", "side": "SELL", "hash": "0a1f430bed594ead093021246deafd4bf6760bed", "best_bid": "0.04", "best_ask": "0.07"}], "timestamp": "1769384485344", "event_type": "price_change"}}
{"_local_timestamp": "2026-01-25T23:41:25.505215+00:00", "data": {"market": "0x9767768d75f0fde1ad998e52b83999315cd5f45152a143a0153366915513e0d2", "price_changes": [{"asset_id": "60881151017130321740345136601526104676952077782755755891584789189096989545525", "price": "0.88", "size": "10", "side": "BUY", "hash": "251f282e66fb7c8a487c6254ef8144444fa0328f", "best_bid": "0.93", "best_ask": "0.96"}, {"asset_id": "69673263487139231624315897585768201230841320475352635832819992690850228911127", "price": "0.12", "size": "10", "side": "SELL", "hash": "6b7461fa94f0d7bad3bc254cae380e3a52f7a0c5", "best_bid": "0.04", "best_ask": "0.07"}], "timestamp": "1769384485435", "event_type": "price_change"}}
{"_local_timestamp": "2026-01-25T23:41:28.327103+00:00", "data": {"market": "0x9767768d75f0fde1ad998e52b83999315cd5f45152a143a0153366915513e0d2", "price_changes": [{"asset_id": "60881151017130321740345136601526104676952077782755755891584789189096989545525", "price": "0.87", "size": "0", "side": "BUY", "hash": "aab3cb8eb5817cfdc3675d7e19c6e7f1fe312ef2", "best_bid": "0.93", "best_ask": "0.96"}, {"asset_id": "69673263487139231624315897585768201230841320475352635832819992690850228911127", "price": "0.13", "size": "0", "side": "SELL", "hash": "ed6421e198155351d94fc6b21f650db237737632", "best_bid": "0.04", "best_ask": "0.07"}], "timestamp": "1769384488239", "event_type": "price_change"}}
{"_local_timestamp": "2026-01-25T23:41:28.355238+00:00", "data": {"market": "0x9767768d75f0fde1ad998e52b83999315cd5f45152a143a0153366915513e0d2", "price_changes": [{"asset_id": "60881151017130321740345136601526104676952077782755755891584789189096989545525", "price": "0.49", "size": "20", "side": "BUY", "hash": "2cd4df28909ce914549c7d319786523ca8097a22", "best_bid": "0.93", "best_ask": "0.96"}, {"asset_id": "69673263487139231624315897585768201230841320475352635832819992690850228911127", "price": "0.51", "size": "20", "side": "SELL", "hash": "be0cc487f3b8b3610a66c3af1478511118185421", "best_bid": "0.04", "best_ask": "0.07"}], "timestamp": "1769384488290", "event_type": "price_change"}}
{"_local_timestamp": "2026-01-25T23:41:37.498402+00:00", "data": {"market": "0x1b7fa10e6b102c964bbd4a7cb0a4b7a341e17fcb9f8a2c8a5d6a3b30dfb5c394", "price_changes": [{"asset_id": "115258259561547414610995893322363332894307320697384633557391293684664191320185", "price": "0.25", "size": "1680", "side": "BUY", "hash": "52c05246baec8f57915260599878fda6e72b188c", "best_bid": "0.93", "best_ask": "0.95"}, {"asset_id": "17477959378122758499540906149943925432690452353416410038176243997158408694887", "price": "0.75", "size": "1680", "side": "SELL", "hash": "1129fb279b7875be0595298cda5f518084937e38", "best_bid": "0.05", "best_ask": "0.07"}], "timestamp": "1769384497370", "event_type": "price_change"}}
{"_local_timestamp": "2026-01-25T23:41:38.143655+00:00", "data": {"market": "0x1b7fa10e6b102c964bbd4a7cb0a4b7a341e17fcb9f8a2c8a5d6a3b30dfb5c394", "price_changes": [{"asset_id": "115258259561547414610995893322363332894307320697384633557391293684664191320185", "price": "0.92", "size": "852.29", "side": "BUY", "hash": "fc21b1d5f424090a0e471cafe73d732ea0179be7", "best_bid": "0.93", "best_ask": "0.95"}, {"asset_id": "17477959378122758499540906149943925432690452353416410038176243997158408694887", "price": "0.08", "size": "852.29", "side": "SELL", "hash": "44a9db1438a130f1f713e3e4d676c4f9861c7bca", "best_bid": "0.05", "best_ask": "0.07"}], "timestamp": "1769384498070", "event_type": "price_change"}}
{"_local_timestamp": "2026-01-25T23:41:38.369589+00:00", "data": {"market": "0x1b7fa10e6b102c964bbd4a7cb0a4b7a341e17fcb9f8a2c8a5d6a3b30dfb5c394", "price_changes": [{"asset_id": "115258259561547414610995893322363332894307320697384633557391293684664191320185", "price": "0.92", "size": "610.99", "side": "BUY", "hash": "180de1a984d1a3129a51ebb9e7b0e28975fd6ad9", "best_bid": "0.93", "best_ask": "0.95"}, {"asset_id": "17477959378122758499540906149943925432690452353416410038176243997158408694887", "price": "0.08", "size": "610.99", "side": "SELL", "hash": "a3d73a6c377503eb8e7b0796538717b6eafa5f41", "best_bid": "0.05", "best_ask": "0.07"}], "timestamp": "1769384498301", "event_type": "price_change"}}
{"_local_timestamp": "2026-01-25T23:41:50.159085+00:00", "data": {"market": "0x1b7fa10e6b102c964bbd4a7cb0a4b7a341e17fcb9f8a2c8a5d6a3b30dfb5c394", "price_changes": [{"asset_id": "115258259561547414610995893322363332894307320697384633557391293684664191320185", "price": "0.14", "size": "3242.85", "side": "BUY", "hash": "7d4c2f196703f9ef03da118c2bc5b5dac2626a45", "best_bid": "0.93", "best_ask": "0.95"}, {"asset_id": "17477959378122758499540906149943925432690452353416410038176243997158408694887", "price": "0.86", "size": "3242.85", "side": "SELL", "hash": "0b3f46fdedf3c735b2812d2511d18fd212dd5582", "best_bid": "0.05", "best_ask": "0.07"}], "timestamp": "1769384510076", "event_type": "price_change"}}
{"_local_timestamp": "2026-01-25T23:42:10.923959+00:00", "data": {"market": "0x1b7fa10e6b102c964bbd4a7cb0a4b7a341e17fcb9f8a2c8a5d6a3b30dfb5c394", "price_changes": [{"asset_id": "115258259561547414610995893322363332894307320697384633557391293684664191320185", "price": "0.14", "size": "242.85", "side": "BUY", "hash": "1d9fa176567bd7b7d5ca4a52df9b0e34dd97cdb9", "best_bid": "0.93", "best_ask": "0.95"}, {"asset_id": "17477959378122758499540906149943925432690452353416410038176243997158408694887", "price": "0.86", "size": "242.85", "side": "SELL", "hash": "4b67026bcd0bfd1b9ff186369a02a1c543865e82", "best_bid": "0.05", "best_ask": "0.07"}], "timestamp": "1769384530859", "event_type": "price_change"}}
{"_local_timestamp": "2026-01-25T23:42:47.131712+00:00", "data": {"market": "0x1b7fa10e6b102c964bbd4a7cb0a4b7a341e17fcb9f8a2c8a5d6a3b30dfb5c394", "price_changes": [{"asset_id": "115258259561547414610995893322363332894307320697384633557391293684664191320185", "price": "0.25", "size": "0", "side": "BUY", "hash": "8e8d6fc287f77ea8352783c4244cbfe088e5c94c", "best_bid": "0.93", "best_ask": "0.95"}, {"asset_id": "17477959378122758499540906149943925432690452353416410038176243997158408694887", "price": "0.75", "size": "0", "side": "SELL", "hash": "bd144b73bc6ce8e2fc5e0bee3345a5658e6259f7", "best_bid": "0.05", "best_ask": "0.07"}], "timestamp": "1769384566988", "event_type": "price_change"}}
{"_local_timestamp": "2026-01-25T23:43:07.159782+00:00", "data": {"market": "0x9767768d75f0fde1ad998e52b83999315cd5f45152a143a0153366915513e0d2", "price_changes": [{"asset_id": "69673263487139231624315897585768201230841320475352635832819992690850228911127", "price": "0.02", "size": "350", "side": "BUY", "hash": "72f80e4b09dc0dbd5464c023fcf2a84d661b6fa6", "best_bid": "0.04", "best_ask": "0.07"}, {"asset_id": "60881151017130321740345136601526104676952077782755755891584789189096989545525", "price": "0.98", "size": "350", "side": "SELL", "hash": "49b117e399f44d149e8ffe2d594387f0b5a30ca1", "best_bid": "0.93", "best_ask": "0.96"}], "timestamp": "1769384587019", "event_type": "price_change"}}
{"_local_timestamp": "2026-01-25T23:43:07.161716+00:00", "data": {"market": "0x9767768d75f0fde1ad998e52b83999315cd5f45152a143a0153366915513e0d2", "price_changes": [{"asset_id": "69673263487139231624315897585768201230841320475352635832819992690850228911127", "price": "0.03", "size": "1838.39", "side": "BUY", "hash": "72f80e4b09dc0dbd5464c023fcf2a84d661b6fa6", "best_bid": "0.04", "best_ask": "0.07"}, {"asset_id": "60881151017130321740345136601526104676952077782755755891584789189096989545525", "price": "0.97", "size": "1838.39", "side": "SELL", "hash": "49b117e399f44d149e8ffe2d594387f0b5a30ca1", "best_bid": "0.93", "best_ask": "0.96"}], "timestamp": "1769384587019", "event_type": "price_change"}}
{"_local_timestamp": "2026-01-25T23:43:07.711313+00:00", "data": {"market": "0x9767768d75f0fde1ad998e52b83999315cd5f45152a143a0153366915513e0d2", "price_changes": [{"asset_id": "60881151017130321740345136601526104676952077782755755891584789189096989545525", "price": "0.92", "size": "1415", "side": "BUY", "hash": "abd608c7f919c4c12f91f5f77adafb7a0aafc19d", "best_bid": "0.93", "best_ask": "0.96"}, {"asset_id": "69673263487139231624315897585768201230841320475352635832819992690850228911127", "price": "0.08", "size": "1415", "side": "SELL", "hash": "0784d0a84a4c5a4cf9782c35db4fe8db8c2ebb69", "best_bid": "0.04", "best_ask": "0.07"}], "timestamp": "1769384587581", "event_type": "price_change"}}
{"_local_timestamp": "2026-01-25T23:43:07.872966+00:00", "data": {"market": "0x9767768d75f0fde1ad998e52b83999315cd5f45152a143a0153366915513e0d2", "price_changes": [{"asset_id": "60881151017130321740345136601526104676952077782755755891584789189096989545525", "price": "0.92", "size": "1089", "side": "BUY", "hash": "a858d8750fc458137b27cc30b840022688196e31", "best_bid": "0.93", "best_ask": "0.96"}, {"asset_id": "69673263487139231624315897585768201230841320475352635832819992690850228911127", "price": "0.08", "size": "1089", "side": "SELL", "hash": "1c7948267d500cb5776bcdcba5c0320b3a57b1c9", "best_bid": "0.04", "best_ask": "0.07"}], "timestamp": "1769384587745", "event_type": "price_change"}}
{"_local_timestamp": "2026-01-25T23:43:08.427074+00:00", "data": {"market": "0x9767768d75f0fde1ad998e52b83999315cd5f45152a143a0153366915513e0d2", "price_changes": [{"asset_id": "69673263487139231624315897585768201230841320475352635832819992690850228911127", "price": "0.02", "size": "375.62", "side": "BUY", "hash": "3bd10d6e061e46d96d93f2266c5b7101c7f48e75", "best_bid": "0.04", "best_ask": "0.07"}, {"asset_id": "60881151017130321740345136601526104676952077782755755891584789189096989545525", "price": "0.98", "size": "375.62", "side": "SELL", "hash": "f41cb97e7e665bb240c768a7ed3511c4d25f7161", "best_bid": "0.93", "best_ask": "0.96"}], "timestamp": "1769384588285", "event_type": "price_change"}}
{"_local_timestamp": "2026-01-25T23:43:08.427486+00:00", "data": {"market": "0x9767768d75f0fde1ad998e52b83999315cd5f45152a143a0153366915513e0d2", "price_changes": [{"asset_id": "69673263487139231624315897585768201230841320475352635832819992690850228911127", "price": "0.03", "size": "1854.63", "side": "BUY", "hash": "802ddeb64b1695d8c28465c385f581be688b7f3d", "best_bid": "0.04", "best_ask": "0.07"}, {"asset_id": "60881151017130321740345136601526104676952077782755755891584789189096989545525", "price": "0.97", "size": "1854.63", "side": "SELL", "hash": "99f07d9dad6c715e913786c3af60bd35e45ef3c9", "best_bid": "0.93", "best_ask": "0.96"}], "timestamp": "1769384588286", "event_type": "price_change"}}
{"_local_timestamp": "2026-01-25T23:43:55.945078+00:00", "data": {"market": "0x9767768d75f0fde1ad998e52b83999315cd5f45152a143a0153366915513e0d2", "price_changes": [{"asset_id": "60881151017130321740345136601526104676952077782755755891584789189096989545525", "price": "0.88", "size": "0", "side": "BUY", "hash": "27655bf34eb4a238e48a79029521d06c6694b9dc", "best_bid": "0.93", "best_ask": "0.96"}, {"asset_id": "69673263487139231624315897585768201230841320475352635832819992690850228911127", "price": "0.12", "size": "0", "side": "SELL", "hash": "984c5050d3b838d65a2155a4e665df818e5513f0", "best_bid": "0.04", "best_ask": "0.07"}], "timestamp": "1769384635712", "event_type": "price_change"}}
{"_local_timestamp": "2026-01-25T23:43:56.028938+00:00", "data": {"market": "0x9767768d75f0fde1ad998e52b83999315cd5f45152a143a0153366915513e0d2", "price_changes": [{"asset_id": "60881151017130321740345136601526104676952077782755755891584789189096989545525", "price": "0.5", "size": "10", "side": "BUY", "hash": "3c39b6ec3f9b070dcdb5eba2d1a76b0b850e8a43", "best_bid": "0.93", "best_ask": "0.96"}, {"asset_id": "69673263487139231624315897585768201230841320475352635832819992690850228911127", "price": "0.5", "size": "10", "side": "SELL", "hash": "ee5d979a9d7af5e9cb583321d2814d8ad0e00a25", "best_bid": "0.04", "best_ask": "0.07"}], "timestamp": "1769384635811", "event_type": "price_change"}}
{"_local_timestamp": "2026-01-25T23:44:00.216590+00:00", "data": {"market": "0x9767768d75f0fde1ad998e52b83999315cd5f45152a143a0153366915513e0d2", "price_changes": [{"asset_id": "60881151017130321740345136601526104676952077782755755891584789189096989545525", "price": "0.49", "size": "0", "side": "BUY", "hash": "e603a7f954a211aebdf4ba603b5596a03a6e63f8", "best_bid": "0.93", "best_ask": "0.96"}, {"asset_id": "69673263487139231624315897585768201230841320475352635832819992690850228911127", "price": "0.51", "size": "0", "side": "SELL", "hash": "bbc247105945984499c019058266061a0e298465", "best_bid": "0.04", "best_ask": "0.07"}], "timestamp": "1769384639929", "event_type": "price_change"}}
{"_local_timestamp": "2026-01-25T23:44:00.240332+00:00", "data": {"market": "0x9767768d75f0fde1ad998e52b83999315cd5f45152a143a0153366915513e0d2", "price_changes": [{"asset_id": "60881151017130321740345136601526104676952077782755755891584789189096989545525", "price": "0.51", "size": "20", "side": "BUY", "hash": "cb0c8dae6ba8dba97fbb45cc321a7115dd42e3e3", "best_bid": "0.93", "best_ask": "0.96"}, {"asset_id": "69673263487139231624315897585768201230841320475352635832819992690850228911127", "price": "0.49", "size": "20", "side": "SELL", "hash": "9f7456988acbb64c05bb3d495922aae7b5c93428", "best_bid": "0.04", "best_ask": "0.07"}], "timestamp": "1769384639952", "event_type": "price_change"}}
{"_local_timestamp": "2026-01-25T23:44:03.143661+00:00", "data": {"market": "0x1b7fa10e6b102c964bbd4a7cb0a4b7a341e17fcb9f8a2c8a5d6a3b30dfb5c394", "price_changes": [{"asset_id": "115258259561547414610995893322363332894307320697384633557391293684664191320185", "price": "0.24", "size": "1748", "side": "BUY", "hash": "981fd8108a15c6c016a2ffd3823348225eff993a", "best_bid": "0.93", "best_ask": "0.95"}, {"asset_id": "17477959378122758499540906149943925432690452353416410038176243997158408694887", "price": "0.76", "size": "1748", "side": "SELL", "hash": "2220136882168b980df5fb88a21fbac2dbc573df", "best_bid": "0.05", "best_ask": "0.07"}], "timestamp": "1769384642852", "event_type": "price_change"}}
{"_local_timestamp": "2026-01-25T23:44:03.574513+00:00", "data": {"market": "0x1b7fa10e6b102c964bbd4a7cb0a4b7a341e17fcb9f8a2c8a5d6a3b30dfb5c394", "price_changes": [{"asset_id": "115258259561547414610995893322363332894307320697384633557391293684664191320185", "price": "0.92", "size": "852.29", "side": "BUY", "hash": "8ff32321f9e6b359f3bb194b2ccc58c9603115b3", "best_bid": "0.93", "best_ask": "0.95"}, {"asset_id": "17477959378122758499540906149943925432690452353416410038176243997158408694887", "price": "0.08", "size": "852.29", "side": "SELL", "hash": "9b87526c1a99389b8c958010f5e069afb673f1d2", "best_bid": "0.05", "best_ask": "0.07"}], "timestamp": "1769384643288", "event_type": "price_change"}}
{"_local_timestamp": "2026-01-25T23:44:03.785903+00:00", "data": {"market": "0x1b7fa10e6b102c964bbd4a7cb0a4b7a341e17fcb9f8a2c8a5d6a3b30dfb5c394", "price_changes": [{"asset_id": "115258259561547414610995893322363332894307320697384633557391293684664191320185", "price": "0.92", "size": "610.99", "side": "BUY", "hash": "f43584131fb9f2abf0e9c7f2fb747d19164942fe", "best_bid": "0.93", "best_ask": "0.95"}, {"asset_id": "17477959378122758499540906149943925432690452353416410038176243997158408694887", "price": "0.08", "size": "610.99", "side": "SELL", "hash": "81830f3ed4bd2ca3ed57e2fe6ed23ab39aacc701", "best_bid": "0.05", "best_ask": "0.07"}], "timestamp": "1769384643497", "event_type": "price_change"}}
{"_local_timestamp": "2026-01-25T23:44:09.968473+00:00", "data": {"market": "0x9767768d75f0fde1ad998e52b83999315cd5f45152a143a0153366915513e0d2", "price_changes": [{"asset_id": "60881151017130321740345136601526104676952077782755755891584789189096989545525", "price": "0.22", "size": "3000", "side": "BUY", "hash": "e43c4c179177d800a896a8143c36748be9a58bef", "best_bid": "0.93", "best_ask": "0.96"}, {"asset_id": "69673263487139231624315897585768201230841320475352635832819992690850228911127", "price": "0.78", "size": "3000", "side": "SELL", "hash": "7675b8bc292d13a7a5170170eb9cd935a15e7256", "best_bid": "0.04", "best_ask": "0.07"}], "timestamp": "1769384649698", "event_type": "price_change"}}
{"_local_timestamp": "2026-01-25T23:44:12.818525+00:00", "data": {"market": "0x1b7fa10e6b102c964bbd4a7cb0a4b7a341e17fcb9f8a2c8a5d6a3b30dfb5c394", "price_changes": [{"asset_id": "115258259561547414610995893322363332894307320697384633557391293684664191320185", "price": "0.14", "size": "3242.85", "side": "BUY", "hash": "e08c0082cb980118cb6392ec78ef412abe3ad791", "best_bid": "0.93", "best_ask": "0.95"}, {"asset_id": "17477959378122758499540906149943925432690452353416410038176243997158408694887", "price": "0.86", "size": "3242.85", "side": "SELL", "hash": "015d1dd0ef42589ebb50d3a4cf45a28bdc1e90d0", "best_bid": "0.05", "best_ask": "0.07"}], "timestamp": "1769384652674", "event_type": "price_change"}}
