{"_local_timestamp": "2026-01-25T23:40:31.615344+00:00", "data": [{"market": "0x9767768d75f0fde1ad998e52b83999315cd5f45152a143a0153366915513e0d2", "asset_id": "60881151017130321740345136601526104676952077782755755891584789189096989545525", "timestamp": "1769384425351", "hash": "ae6781ea807015b399d8214f5d91bdf303a35c26", "bids": [{"price": "0.01", "size": "510008.18"}, {"price": "0.02", "size": "5007.7"}, {"price": "0.03", "size": "9000"}, {"price": "0.04", "size": "20005.23"}, {"price": "0.05", "size": "30"}, {"price": "0.06", "size": "33"}, {"price": "0.07", "size": "6.42"}, {"price": "0.1", "size": "360"}, {"price": "0.14", "size": "242.85"}, {"price": "0.15", "size": "7.37"}, {"price": "0.19", "size": "168.42"}, {"price": "0.22", "size": "3000"}, {"price": "0.23", "size": "694"}, {"price": "0.24", "size": "116.66"}, {"price": "0.27", "size": "300"}, {"price": "0.28", "size": "1498"}, {"price": "0.29", "size": "89.65"}, {"price": "0.34", "size": "70.58"}, {"price": "0.38", "size": "52.63"}, {"price": "0.47", "size": "1281"}, {"price": "0.48", "size": "3375"}, {"price": "0.84", "size": "10"}, {"price": "0.85", "size": "20"}, {"price": "0.91", "size": "300"}, {"price": "0.92", "size": "1089"}, {"price": "0.93", "size": "1025.1"}], "asks": [{"price": "0.99", "size": "110090"}, {"price": "0.98", "size": "375.62"}, {"price": "0.97", "size": "1854.63"}, {"price": "0.96", "size": "1105"}], "event_type": "book", "last_trade_price": ""}, {"market": "0x1b7fa10e6b102c964bbd4a7cb0a4b7a341e17fcb9f8a2c8a5d6a3b30dfb5c394", "asset_id": "17477959378122758499540906149943925432690452353416410038176243997158408694887", "timestamp": "1769384424837", "hash": "7acb8e74ed19f72fe9543b82c45909171d9e3196", "bids": [{"price": "0.01", "size": "110087.89"}, {"price": "0.02", "size": "5277.09"}, {"price": "0.03", "size": "2767.34"}, {"price": "0.04", "size": "221"}, {"price": "0.05", "size": "693.34"}], "asks": [{"price": "0.99", "size": "510000"}, {"price": "0.98", "size": "16.84"}, {"price": "0.95", "size": "40030"}, {"price": "0.94", "size": "33"}, {"price": "0.91", "size": "400"}, {"price": "0.9", "size": "6.63"}, {"price": "0.86", "size": "3242.85"}, {"price": "0.81", "size": "168.42"}, {"price": "0.8", "size": "800"}, {"price": "0.77", "size": "421.73"}, {"price": "0.76", "size": "1748"}, {"price": "0.72", "size": "92.85"}, {"price": "0.67", "size": "72.72"}, {"price": "0.62", "size": "52.63"}, {"price": "0.59", "size": "700"}, {"price": "0.56", "size": "1362"}, {"price": "0.55", "size": "3637"}, {"price": "0.29", "size": "150"}, {"price": "0.1", "size": "300"}, {"price": "0.09", "size": "598"}, {"price": "0.08", "size": "610.99"}, {"price": "0.07", "size": "135.98"}], "event_type": "book", "last_trade_price": ""}, {"market": "0x1b7fa10e6b102c964bbd4a7cb0a4b7a341e17fcb9f8a2c8a5d6a3b30dfb5c394", "asset_id": "115258259561547414610995893322363332894307320697384633557391293684664191320185", "timestamp": "1769384424837", "hash": "33a5db02c4d978c4236a70b9e689abbd10e7165d", "bids": [{"price": "0.01", "size": "510000"}, {"price": "0.02", "size": "16.84"}, {"price": "0.05", "size": "40030"}, {"price": "0.06", "size": "33"}, {"price": "0.09", "size": "400"}, {"price": "0.1", "size": "6.63"}, {"price": "0.14", "size": "3242.85"}, {"price": "0.19", "size": "168.42"}, {"price": "0.2", "size": "800"}, {"price": "0.23", "size": "421.73"}, {"price": "0.24", "size": "1748"}, {"price": "0.28", "size": "92.85"}, {"price": "0.33", "size": "72.72"}, {"price": "0.38", "size": "52.63"}, {"price": "0.41", "size": "700"}, {"price": "0.44", "size": "1362"}, {"price": "0.45", "size": "3637"}, {"price": "0.71", "size": "150"}, {"price": "0.9", "size": "300"}, {"price": "0.91", "size": "598"}, {"price": "0.92", "size": "610.99"}, {"price": "0.93", "size": "135.98"}], "asks": [{"price": "0.99", "size": "110087.89"}, {"price": "0.98", "size": "5277.09"}, {"price": "0.97", "size": "2767.34"}, {"price": "0.96", "size": "221"}, {"price": "0.95", "size": "693.34"}], "event_type": "book", "last_trade_price": ""}, {"market": "0x9767768d75f0fde1ad998e52b83999315cd5f45152a143a0153366915513e0d2", "asset_id": "69673263487139231624315897585768201230841320475352635832819992690850228911127", "timestamp": "1769384425351", "hash": "006b1b73e4ef7eb6951a172ccecac479d4c90243", "bids": [{"price": "0.01", "size": "110090"}, {"price": "0.02", "size": "375.62"}, {"price": "0.03", "size": "1854.63"}, {"price": "0.04", "size": "1105"}], "asks": [{"price": "0.99", "size": "510008.18"}, {"price": "0.98", "size": "5007.7"}, {"price": "0.97", "size": "9000"}, {"price": "0.96", "size": "20005.23"}, {"price": "0.95", "size": "30"}, {"price": "0.94", "size": "33"}, {"price": "0.93", "size": "6.42"}, {"price": "0.9", "size": "360"}, {"price": "0.86", "size": "242.85"}, {"price": "0.85", "size": "7.37"}, {"price": "0.81", "size": "168.42"}, {"price": "0.78", "size": "3000"}, {"price": "0.77", "size": "694"}, {"price": "0.76", "size": "116.66"}, {"price": "0.73", "size": "300"}, {"price": "0.72", "size": "1498"}, {"price": "0.71", "size": "89.65"}, {"price": "0.66", "size": "70.58"}, {"price": "0.62", "size": "52.63"}, {"price": "0.53", "size": "1281"}, {"price": "0.52", "size": "3375"}, {"price": "0.16", "size": "10"}, {"price": "0.15", "size": "20"}, {"price": "0.09", "size": "300"}, {"price": "0.08", "size": "1089"}, {"price": "0.07", "size": "1025.1"}], "event_type": "book", "last_trade_price": ""}]}
{"_local_timestamp": "2026-01-25T23:40:35.243594+00:00", "data": {"market": "0x9767768d75f0fde1ad998e52b83999315cd5f45152a143a0153366915513e0d2", "price_changes": [{"asset_id": "60881151017130321740345136601526104676952077782755755891584789189096989545525", "price": "0.22", "size": "0", "side": "BUY", "hash": "0fa4ffa57302839e335a7d55e0c9d58c2f9ab81b", "best_bid": "0.93", "best_ask": "0.96"}, {"asset_id": "69673263487139231624315897585768201230841320475352635832819992690850228911127", "price": "0.78", "size": "0", "side": "SELL", "hash": "cb99c6477f3c6b0765a4700345a651cbb1a093be", "best_bid": "0.04", "best_ask": "0.07"}], "timestamp": "1769384435181", "event_type": "price_change"}}
{"_local_timestamp": "2026-01-25T23:40:35.775746+00:00", "data": {"market": "0x9767768d75f0fde1ad998e52b83999315cd5f45152a143a0153366915513e0d2", "price_changes": [{"asset_id": "60881151017130321740345136601526104676952077782755755891584789189096989545525", "price": "0.92", "size": "1415", "side": "BUY", "hash": "034a57d09170b469c772dc80dc438c4d35e738bc", "best_bid": "0.93", "best_ask": "0.96"}, {"asset_id": "69673263487139231624315897585768201230841320475352635832819992690850228911127", "price": "0.08", "size": "1415", "side": "SELL", "hash": "6c1c6e1e4d6e6c6e21f5c233d90433d2dc3a8d7c", "best_bid": "0.04", "best_ask": "0.07"}], "timestamp": "1769384435708", "event_type": "price_change"}}
{"_local_timestamp": "2026-01-25T23:40:36.020981+00:00", "data": {"market": "0x9767768d75f0fde1ad998e52b83999315cd5f45152a143a0153366915513e0d2", "price_changes": [{"asset_id": "60881151017130321740345136601526104676952077782755755891584789189096989545525", "price": "0.92", "size": "1089", "side": "BUY", "hash": "5013ba53eee0ee2c0831b1a4b7c421baa72f6f20", "best_bid": "0.93", "best_ask": "0.96"}, {"asset_id": "69673263487139231624315897585768201230841320475352635832819992690850228911127", "price": "0.08", "size": "1089", "side": "SELL", "hash": "17d2236f3579f46e6e44b714451a554dc683f047", "best_bid": "0.04", "best_ask": "0.07"}], "timestamp": "1769384435952", "event_type": "price_change"}}
{"_local_timestamp": "2026-01-25T23:40:36.096443+00:00", "data": {"market": "0x9767768d75f0fde1ad998e52b83999315cd5f45152a143a0153366915513e0d2", "price_changes": [{"asset_id": "60881151017130321740345136601526104676952077782755755891584789189096989545525", "price": "0.84", "size": "0", "side": "BUY", "hash": "4eb1120d05452a5381d7f84f43a4d6f85df080d4", "best_bid": "0.93", "best_ask": "0.96"}, {"asset_id": "69673263487139231624315897585768201230841320475352635832819992690850228911127", "price": "0.16", "size": "0", "side": "SELL", "hash": "c4e089c471eec1ab991459b0e07e8618288bffbe", "best_bid": "0.04", "best_ask": "0.07"}], "timestamp": "1769384436028", "event_type": "price_change"}}
{"_local_timestamp": "2026-01-25T23:40:36.193865+00:00", "data": {"market": "0x9767768d75f0fde1ad998e52b83999315cd5f45152a143a0153366915513e0d2", "price_changes": [{"asset_id": "60881151017130321740345136601526104676952077782755755891584789189096989545525", "price": "0.86", "size": "10", "side": "BUY", "hash": "10b2cc722bb67dc477ce622e7644a5be870a37de", "best_bid": "0.93", "best_ask": "0.96"}, {"asset_id": "69673263487139231624315897585768201230841320475352635832819992690850228911127", "price": "0.14", "size": "10", "side": "SELL", "hash": "8ef99f752bfad723c35ec51ae195d027f05f0789", "best_bid": "0.04", "best_ask": "0.07"}], "timestamp": "1769384436122", "event_type": "price_change"}}
{"_local_timestamp": "2026-01-25T23:40:38.483076+00:00", "data": {"market": "0x9767768d75f0fde1ad998e52b83999315cd5f45152a143a0153366915513e0d2", "price_changes": [{"asset_id": "60881151017130321740345136601526104676952077782755755891584789189096989545525", "price": "0.85", "size": "0", "side": "BUY", "hash": "13114dbff1cab7c80a21e040e1ec5886d463a18b", "best_bid": "0.93", "best_ask": "0.96"}, {"asset_id": "69673263487139231624315897585768201230841320475352635832819992690850228911127", "price": "0.15", "size": "0", "side": "SELL", "hash": "35e8d0c992bde911657639c2d86bc7409d696edc", "best_bid": "0.04", "best_ask": "0.07"}], "timestamp": "1769384438322", "event_type": "price_change"}}
{"_local_timestamp": "2026-01-25T23:40:38.484137+00:00", "data": {"market": "0x9767768d75f0fde1ad998e52b83999315cd5f45152a143a0153366915513e0d2", "price_changes": [{"asset_id": "60881151017130321740345136601526104676952077782755755891584789189096989545525", "price": "0.87", "size": "20", "side": "BUY", "hash": "5165ae1919d1a52edfd4d847eb066211e9395b4a", "best_bid": "0.93", "best_ask": "0.96"}, {"asset_id": "69673263487139231624315897585768201230841320475352635832819992690850228911127", "price": "0.13", "size": "20", "side": "SELL", "hash": "8a9e74a4e8bcfe9cf04c64b35abe4d621546fc8e", "best_bid": "0.04", "best_ask": "0.07"}], "timestamp": "1769384438348", "event_type": "price_change"}}
{"_local_timestamp": "2026-01-25T23:40:47.901598+00:00", "data": {"market": "0x1b7fa10e6b102c964bbd4a7cb0a4b7a341e17fcb9f8a2c8a5d6a3b30dfb5c394", "price_changes": [{"asset_id": "115258259561547414610995893322363332894307320697384633557391293684664191320185", "price": "0.14", "size": "242.85", "side": "BUY", "hash": "deea5419c8f67679bab472c7bc17f3c1e226e8b4", "best_bid": "0.93", "best_ask": "0.95"}, {"asset_id": "17477959378122758499540906149943925432690452353416410038176243997158408694887", "price": "0.86", "size": "242.85", "side": "SELL", "hash": "56e0bc980eca857a09f75c06de01a0eb6dceca12", "best_bid": "0.05", "best_ask": "0.07"}], "timestamp": "1769384447834", "event_type": "price_change"}}
{"_local_timestamp": "2026-01-25T23:41:14.711194+00:00", "data": {"market": "0x1b7fa10e6b102c964bbd4a7cb0a4b7a341e17fcb9f8a2c8a5d6a3b30dfb5c394", "price_changes": [{"asset_id": "115258259561547414610995893322363332894307320697384633557391293684664191320185", "price": "0.24", "size": "0", "side": "BUY", "hash": "d90b5319c5914cf939df4060dcb23ebdcebf83fe", "best_bid": "0.93", "best_ask": "0.95"}, {"asset_id": "17477959378122758499540906149943925432690452353416410038176243997158408694887", "price": "0.76", "size": "0", "side": "SELL", "hash": "dcd35be58575b68108a3aded8df22ccd7ac9e540", "best_bid": "0.05", "best_ask": "0.07"}], "timestamp": "1769384474531", "event_type": "price_change"}}
{"_local_timestamp": "2026-01-25T23:41:19.638318+00:00", "data": {"market": "0x9767768d75f0fde1ad998e52b83999315cd5f45152a143a0153366915513e0d2", "price_changes": [{"asset_id": "60881151017130321740345136601526104676952077782755755891584789189096989545525", "price": "0.22", "size": "3000", "side": "BUY", "hash": "73fefc514c3a038db56f9df822c05da01b5a5a73", "best_bid": "0.93", "best_ask": "0.96"}, {"asset_id": "69673263487139231624315897585768201230841320475352635832819992690850228911127", "price": "0.78", "size": "3000", "side": "SELL", "hash": "f07ee4b62dc084af6af03bd55ce5ddd24db69cb5", "best_bid": "0.04", "best_ask": "0.07"}], "timestamp": "1769384479566", "event_type": "price_change"}}
{"_local_timestamp": "2026-01-25T23:41:20.347422+00:00", "data": {"market": "0x9767768d75f0fde1ad998e52b83999315cd5f45152a143a0153366915513e0d2", "price_changes": [{"asset_id": "60881151017130321740345136601526104676952077782755755891584789189096989545525", "price": "0.22", "size": "0", "side": "BUY", "hash": "e331b8074b7a0bca6bbc1118aea1c637772d2b00", "best_bid": "0.93", "best_ask": "0.96"}, {"asset_id": "69673263487139231624315897585768201230841320475352635832819992690850228911127", "price": "0.78", "size": "0", "side": "SELL", "hash": "6668ff71d9c1cb6a8a3bd2bf81a85685ad1d5328", "best_bid": "0.04", "best_ask": "0.07"}], "timestamp": "1769384480278", "event_type": "price_change"}}
{"_local_timestamp": "2026-01-25T23:41:23.196638+00:00", "data": {"market": "0x1b7fa10e6b102c964bbd4a7cb0a4b7a341e17fcb9f8a2c8a5d6a3b30dfb5c394", "price_changes": [{"asset_id": "17477959378122758499540906149943925432690452353416410038176243997158408694887", "price": "0.03", "size": "2787.34", "side": "BUY", "hash": "74433568093c344afb3cf324e73aa516b7c20ef3", "best_bid": "0.05", "best_ask": "0.07"}, {"asset_id": "115258259561547414610995893322363332894307320697384633557391293684664191320185", "price": "0.97", "size": "2787.34", "side": "SELL", "hash": "efd4180384f4ce749465ff9b726ec16d23158845", "best_bid": "0.93", "best_ask": "0.95"}], "timestamp": "1769384483110", "event_type": "price_change"}}
{"_local_timestamp": "2026-01-25T23:41:25.414492+00:00", "data": {"market": "0x9767768d75f0fde1ad998e52b83999315cd5f45152a143a0153366915513e0d2", "price_changes": [{"asset_id": "60881151017130321740345136601526104676952077782755755891584789189096989545525", "price": "0.86", "size": "0", "side": "BUY", "hash": "84a91a70a3ad3a8f0233650ff45092ec44aace4d", "best_bid": "0.93", "best_ask": "0.96"}, {"asset_id": "69673263487139231624315897585768201230841320475352635832819992690850228911127", "price": "0.14", "size": "0", "side": "SELL", "hash": "0a1f430bed594ead093021246deafd4bf6760bed", "best_bid": "0.04", "best_ask": "0.07"}], "timestamp": "1769384485344", "event_type": "price_change"}}
{"_local_timestamp": "2026-01-25T23:41:25.505215+00:00", "data": {"market": "0x9767768d75f0fde1ad998e52b83999315cd5f45152a143a0153366915513e0d2", "price_changes": [{"asset_id": "60881151017130321740345136601526104676952077782755755891584789189096989545525", "price": "0.88", "size": "10", "side": "BUY", "hash": "251f282e66fb7c8a487c6254ef8144444fa0328f", "best_bid": "0.93", "best_ask": "0.96"}, {"asset_id": "69673263487139231624315897585768201230841320475352635832819992690850228911127", "price": "0.12", "size": "10", "side": "SELL", "hash": "6b7461fa94f0d7bad3bc254cae380e3a52f7a0c5", "best_bid": "0.04", "best_ask": "0.07"}], "timestamp": "1769384485435", "event_type": "price_change"}}
{"_local_timestamp": "2026-01-25T23:41:28.327103+00:00", "data": {"market": "0x9767768d75f0fde1ad998e52b83999315cd5f45152a143a0153366915513e0d2", "price_changes": [{"asset_id": "60881151017130321740345136601526104676952077782755755891584789189096989545525", "price": "0.87", "size": "0", "side": "BUY", "hash": "aab3cb8eb5817cfdc3675d7e19c6e7f1fe312ef2", "best_bid": "0.93", "best_ask": "0.96"}, {"asset_id": "69673263487139231624315897585768201230841320475352635832819992690850228911127", "price": "0.13", "size": "0", "side": "SELL", "hash": "ed6421e198155351d94fc6b21f650db237737632", "best_bid": "0.04", "best_ask": "0.07"}], "timestamp": "1769384488239", "event_type": "price_change"}}
{"_local_timestamp": "2026-01-25T23:41:28.355238+00:00", "data": {"market": "0x9767768d75f0fde1ad998e52b83999315cd5f45152a143a0153366915513e0d2", "price_changes": [{"asset_id": "60881151017130321740345136601526104676952077782755755891584789189096989545525", "price": "0.49", "size": "20", "side": "BUY", "hash": "2cd4df28909ce914549c7d319786523ca8097a22", "best_bid": "0.93", "best_ask": "0.96"}, {"asset_id": "69673263487139231624315897585768201230841320475352635832819992690850228911127", "price": "0.51", "size": "20", "side": "SELL", "hash": "be0cc487f3b8b3610a66c3af1478511118185421", "best_bid": "0.04", "best_ask": "0.07"}], "timestamp": "1769384488290", "event_type": "price_change"}}
{"_local_timestamp": "2026-01-25T23:41:37.498402+00:00", "data": {"market": "0x1b7fa10e6b102c964bbd4a7cb0a4b7a341e17fcb9f8a2c8a5d6a3b30dfb5c394", "price_changes": [{"asset_id": "115258259561547414610995893322363332894307320697384633557391293684664191320185", "price": "0.25", "size": "1680", "side": "BUY", "hash": "52c05246baec8f57915260599878fda6e72b188c", "best_bid": "0.93", "best_ask": "0.95"}, {"asset_id": "17477959378122758499540906149943925432690452353416410038176243997158408694887", "price": "0.75", "size": "1680", "side": "SELL", "hash": "1129fb279b7875be0595298cda5f518084937e38", "best_bid": "0.05", "best_ask": "0.07"}], "timestamp": "1769384497370", "event_type": "price_change"}}
{"_local_timestamp": "2026-01-25T23:41:38.143655+00:00", "data": {"market": "0x1b7fa10e6b102c964bbd4a7cb0a4b7a341e17fcb9f8a2c8a5d6a3b30dfb5c394", "price_changes": [{"asset_id": "115258259561547414610995893322363332894307320697384633557391293684664191320185", "price": "0.92", "size": "852.29", "side": "BUY", "hash": "fc21b1d5f424090a0e471cafe73d732ea0179be7", "best_bid": "0.93", "best_ask": "0.95"}, {"asset_id": "17477959378122758499540906149943925432690452353416410038176243997158408694887", "price": "0.08", "size": "852.29", "side": "SELL", "hash": "44a9db1438a130f1f713e3e4d676c4f9861c7bca", "best_bid": "0.05", "best_ask": "0.07"}], "timestamp": "1769384498070", "event_type": "price_change"}}
{"_local_timestamp": "2026-01-25T23:41:38.369589+00:00", "data": {"market": "0x1b7fa10e6b102c964bbd4a7cb0a4b7a341e17fcb9f8a2c8a5d6a3b30dfb5c394", "price_changes": [{"asset_id": "115258259561547414610995893322363332894307320697384633557391293684664191320185", "price": "0.92", "size": "610.99", "side": "BUY", "hash": "180de1a984d1a3129a51ebb9e7b0e28975fd6ad9", "best_bid": "0.93", "best_ask": "0.95"}, {"asset_id": "17477959378122758499540906149943925432690452353416410038176243997158408694887", "price": "0.08", "size": "610.99", "side": "SELL", "hash": "a3d73a6c377503eb8e7b0796538717b6eafa5f41", "best_bid": "0.05", "best_ask": "0.07"}], "timestamp": "1769384498301", "event_type": "price_change"}}
{"_local_timestamp": "2026-01-25T23:41:50.159085+00:00", "data": {"market": "0x1b7fa10e6b102c964bbd4a7cb0a4b7a341e17fcb9f8a2c8a5d6a3b30dfb5c394", "price_changes": [{"asset_id": "115258259561547414610995893322363332894307320697384633557391293684664191320185", "price": "0.14", "size": "3242.85", "side": "BUY", "hash": "7d4c2f196703f9ef03da118c2bc5b5dac2626a45", "best_bid": "0.93", "best_ask": "0.95"}, {"asset_id": "17477959378122758499540906149943925432690452353416410038176243997158408694887", "price": "0.86", "size": "3242.85", "side": "SELL", "hash": "0b3f46fdedf3c735b2812d2511d18fd212dd5582", "best_bid": "0.05", "best_ask": "0.07"}], "timestamp": "1769384510076", "event_type": "price_change"}}
{"_local_timestamp": "2026-01-25T23:42:10.923959+00:00", "data": {"market": "0x1b7fa10e6b102c964bbd4a7cb0a4b7a341e17fcb9f8a2c8a5d6a3b30dfb5c394", "price_changes": [{"asset_id": "115258259561547414610995893322363332894307320697384633557391293684664191320185", "price": "0.14", "size": "242.85", "side": "BUY", "hash": "1d9fa176567bd7b7d5ca4a52df9b0e34dd97cdb9", "best_bid": "0.93", "best_ask": "0.95"}, {"asset_id": "17477959378122758499540906149943925432690452353416410038176243997158408694887", "price": "0.86", "size": "242.85", "side": "SELL", "hash": "4b67026bcd0bfd1b9ff186369a02a1c543865e82", "best_bid": "0.05", "best_ask": "0.07"}], "timestamp": "1769384530859", "event_type": "price_change"}}
{"_local_timestamp": "2026-01-25T23:42:47.131712+00:00", "data": {"market": "0x1b7fa10e6b102c964bbd4a7cb0a4b7a341e17fcb9f8a2c8a5d6a3b30dfb5c394", "price_changes": [{"asset_id": "115258259561547414610995893322363332894307320697384633557391293684664191320185", "price": "0.25", "size": "0", "side": "BUY", "hash": "8e8d6fc287f77ea8352783c4244cbfe088e5c94c", "best_bid": "0.93", "best_ask": "0.95"}, {"asset_id": "17477959378122758499540906149943925432690452353416410038176243997158408694887", "price": "0.75", "size": "0", "side": "SELL", "hash": "bd144b73bc6ce8e2fc5e0bee3345a5658e6259f7", "best_bid": "0.05", "best_ask": "0.07"}], "timestamp": "1769384566988", "event_type": "price_change"}}
{"_local_timestamp": "2026-01-25T23:43:07.159782+00:00", "data": {"market": "0x9767768d75f0fde1ad998e52b83999315cd5f45152a143a0153366915513e0d2", "price_changes": [{"asset_id": "69673263487139231624315897585768201230841320475352635832819992690850228911127", "price": "0.02", "size": "350", "side": "BUY", "hash": "72f80e4b09dc0dbd5464c023fcf2a84d661b6fa6", "best_bid": "0.04", "best_ask": "0.07"}, {"asset_id": "60881151017130321740345136601526104676952077782755755891584789189096989545525", "price": "0.98", "size": "350", "side": "SELL", "hash": "49b117e399f44d149e8ffe2d594387f0b5a30ca1", "best_bid": "0.93", "best_ask": "0.96"}], "timestamp": "1769384587019", "event_type": "price_change"}}
{"_local_timestamp": "2026-01-25T23:43:07.161716+00:00", "data": {"market": "0x9767768d75f0fde1ad998e52b83999315cd5f45152a143a0153366915513e0d2", "price_changes": [{"asset_id": "69673263487139231624315897585768201230841320475352635832819992690850228911127", "price": "0.03", "size": "1838.39", "side": "BUY", "hash": "72f80e4b09dc0dbd5464c023fcf2a84d661b6fa6", "best_bid": "0.04", "best_ask": "0.07"}, {"asset_id": "60881151017130321740345136601526104676952077782755755891584789189096989545525", "price": "0.97", "size": "1838.39", "side": "SELL", "hash": "49b117e399f44d149e8ffe2d594387f0b5a30ca1", "best_bid": "0.93", "best_ask": "0.96"}], "timestamp": "1769384587019", "event_type": "price_change"}}
{"_local_timestamp": "2026-01-25T23:43:07.711313+00:00", "data": {"market": "0x9767768d75f0fde1ad998e52b83999315cd5f45152a143a0153366915513e0d2", "price_changes": [{"asset_id": "60881151017130321740345136601526104676952077782755755891584789189096989545525", "price": "0.92", "size": "1415", "side": "BUY", "hash": "abd608c7f919c4c12f91f5f77adafb7a0aafc19d", "best_bid": "0.93", "best_ask": "0.96"}, {"asset_id": "69673263487139231624315897585768201230841320475352635832819992690850228911127", "price": "0.08", "size": "1415", "side": "SELL", "hash": "0784d0a84a4c5a4cf9782c35db4fe8db8c2ebb69", "best_bid": "0.04", "best_ask": "0.07"}], "timestamp": "1769384587581", "event_type": "price_change"}}
{"_local_timestamp": "2026-01-25T23:43:07.872966+00:00", "data": {"market": "0x9767768d75f0fde1ad998e52b83999315cd5f45152a143a0153366915513e0d2", "price_changes": [{"asset_id": "60881151017130321740345136601526104676952077782755755891584789189096989545525", "price": "0.92", "size": "1089", "side": "BUY", "hash": "a858d8750fc458137b27cc30b840022688196e31", "best_bid": "0.93", "best_ask": "0.96"}, {"asset_id": "69673263487139231624315897585768201230841320475352635832819992690850228911127", "price": "0.08", "size": "1089", "side": "SELL", "hash": "1c7948267d500cb5776bcdcba5c0320b3a57b1c9", "best_bid": "0.04", "best_ask": "0.07"}], "timestamp": "1769384587745", "event_type": "price_change"}}
{"_local_timestamp": "2026-01-25T23:43:08.427074+00:00", "data": {"market": "0x9767768d75f0fde1ad998e52b83999315cd5f45152a143a0153366915513e0d2", "price_changes": [{"asset_id": "69673263487139231624315897585768201230841320475352635832819992690850228911127", "price": "0.02", "size": "375.62", "side": "BUY", "hash": "3bd10d6e061e46d96d93f2266c5b7101c7f48e75", "best_bid": "0.04", "best_ask": "0.07"}, {"asset_id": "60881151017130321740345136601526104676952077782755755891584789189096989545525", "price": "0.98", "size": "375.62", "side": "SELL", "hash": "f41cb97e7e665bb240c768a7ed3511c4d25f7161", "best_bid": "0.93", "best_ask": "0.96"}], "timestamp": "1769384588285", "event_type": "price_change"}}
{"_local_timestamp": "2026-01-25T23:43:08.427486+00:00", "data": {"market": "0x9767768d75f0fde1ad998e52b83999315cd5f45152a143a0153366915513e0d2", "price_changes": [{"asset_id": "69673263487139231624315897585768201230841320475352635832819992690850228911127", "price": "0.03", "size": "1854.63", "side": "BUY", "hash": "802ddeb64b1695d8c28465c385f581be688b7f3d", "best_bid": "0.04", "best_ask": "0.07"}, {"asset_id": "60881151017130321740345136601526104676952077782755755891584789189096989545525", "price": "0.97", "size": "1854.63", "side": "SELL", "hash": "99f07d9dad6c715e913786c3af60bd35e45ef3c9", "best_bid": "0.93", "best_ask": "0.96"}], "timestamp": "1769384588286", "event_type": "price_change"}}
{"_local_timestamp": "2026-01-25T23:43:55.945078+00:00", "data": {"market": "0x9767768d75f0fde1ad998e52b83999315cd5f45152a143a0153366915513e0d2", "price_changes": [{"asset_id": "60881151017130321740345136601526104676952077782755755891584789189096989545525", "price": "0.88", "size": "0", "side": "BUY", "hash": "27655bf34eb4a238e48a79029521d06c6694b9dc", "best_bid": "0.93", "best_ask": "0.96"}, {"asset_id": "69673263487139231624315897585768201230841320475352635832819992690850228911127", "price": "0.12", "size": "0", "side": "SELL", "hash": "984c5050d3b838d65a2155a4e665df818e5513f0", "best_bid": "0.04", "best_ask": "0.07"}], "timestamp": "1769384635712", "event_type": "price_change"}}
{"_local_timestamp": "2026-01-25T23:43:56.028938+00:00", "data": {"market": "0x9767768d75f0fde1ad998e52b83999315cd5f45152a143a0153366915513e0d2", "price_changes": [{"asset_id": "60881151017130321740345136601526104676952077782755755891584789189096989545525", "price": "0.5", "size": "10", "side": "BUY", "hash": "3c39b6ec3f9b070dcdb5eba2d1a76b0b850e8a43", "best_bid": "0.93", "best_ask": "0.96"}, {"asset_id": "69673263487139231624315897585768201230841320475352635832819992690850228911127", "price": "0.5", "size": "10", "side": "SELL", "hash": "ee5d979a9d7af5e9cb583321d2814d8ad0e00a25", "best_bid": "0.04", "best_ask": "0.07"}], "timestamp": "1769384635811", "event_type": "price_change"}}
{"_local_timestamp": "2026-01-25T23:44:00.216590+00:00", "data": {"market": "0x9767768d75f0fde1ad998e52b83999315cd5f45152a143a0153366915513e0d2", "price_changes": [{"asset_id": "60881151017130321740345136601526104676952077782755755891584789189096989545525", "price": "0.49", "size": "0", "side": "BUY", "hash": "e603a7f954a211aebdf4ba603b5596a03a6e63f8", "best_bid": "0.93", "best_ask": "0.96"}, {"asset_id": "69673263487139231624315897585768201230841320475352635832819992690850228911127", "price": "0.51", "size": "0", "side": "SELL", "hash": "bbc247105945984499c019058266061a0e298465", "best_bid": "0.04", "best_ask": "0.07"}], "timestamp": "1769384639929", "event_type": "price_change"}}
{"_local_timestamp": "2026-01-25T23:44:00.240332+00:00", "data": {"market": "0x9767768d75f0fde1ad998e52b83999315cd5f45152a143a0153366915513e0d2", "price_changes": [{"asset_id": "60881151017130321740345136601526104676952077782755755891584789189096989545525", "price": "0.51", "size": "20", "side": "BUY", "hash": "cb0c8dae6ba8dba97fbb45cc321a7115dd42e3e3", "best_bid": "0.93", "best_ask": "0.96"}, {"asset_id": "69673263487139231624315897585768201230841320475352635832819992690850228911127", "price": "0.49", "size": "20", "side": "SELL", "hash": "9f7456988acbb64c05bb3d495922aae7b5c93428", "best_bid": "0.04", "best_ask": "0.07"}], "timestamp": "1769384639952", "event_type": "price_change"}}
{"_local_timestamp": "2026-01-25T23:44:03.143661+00:00", "data": {"market": "0x1b7fa10e6b102c964bbd4a7cb0a4b7a341e17fcb9f8a2c8a5d6a3b30dfb5c394", "price_changes": [{"asset_id": "115258259561547414610995893322363332894307320697384633557391293684664191320185", "price": "0.24", "size": "1748", "side": "BUY", "hash": "981fd8108a15c6c016a2ffd3823348225eff993a", "best_bid": "0.93", "best_ask": "0.95"}, {"asset_id": "17477959378122758499540906149943925432690452353416410038176243997158408694887", "price": "0.76", "size": "1748", "side": "SELL", "hash": "2220136882168b980df5fb88a21fbac2dbc573df", "best_bid": "0.05", "best_ask": "0.07"}], "timestamp": "1769384642852", "event_type": "price_change"}}
{"_local_timestamp": "2026-01-25T23:44:03.574513+00:00", "data": {"market": "0x1b7fa10e6b102c964bbd4a7cb0a4b7a341e17fcb9f8a2c8a5d6a3b30dfb5c394", "price_changes": [{"asset_id": "115258259561547414610995893322363332894307320697384633557391293684664191320185", "price": "0.92", "size": "852.29", "side": "BUY", "hash": "8ff32321f9e6b359f3bb194b2ccc58c9603115b3", "best_bid": "0.93", "best_ask": "0.95"}, {"asset_id": "17477959378122758499540906149943925432690452353416410038176243997158408694887", "price": "0.08", "size": "852.29", "side": "SELL", "hash": "9b87526c1a99389b8c958010f5e069afb673f1d2", "best_bid": "0.05", "best_ask": "0.07"}], "timestamp": "1769384643288", "event_type": "price_change"}}
{"_local_timestamp": "2026-01-25T23:44:03.785903+00:00", "data": {"market": "0x1b7fa10e6b102c964bbd4a7cb0a4b7a341e17fcb9f8a2c8a5d6a3b30dfb5c394", "price_changes": [{"asset_id": "115258259561547414610995893322363332894307320697384633557391293684664191320185", "price": "0.92", "size": "610.99", "side": "BUY", "hash": "f43584131fb9f2abf0e9c7f2fb747d19164942fe", "best_bid": "0.93", "best_ask": "0.95"}, {"asset_id": "17477959378122758499540906149943925432690452353416410038176243997158408694887", "price": "0.08", "size": "610.99", "side": "SELL", "hash": "81830f3ed4bd2ca3ed57e2fe6ed23ab39aacc701", "best_bid": "0.05", "best_ask": "0.07"}], "timestamp": "1769384643497", "event_type": "price_change"}}
{"_local_timestamp": "2026-01-25T23:44:09.968473+00:00", "data": {"market": "0x9767768d75f0fde1ad998e52b83999315cd5f45152a143a0153366915513e0d2", "price_changes": [{"asset_id": "60881151017130321740345136601526104676952077782755755891584789189096989545525", "price": "0.22", "size": "3000", "side": "BUY", "hash": "e43c4c179177d800a896a8143c36748be9a58bef", "best_bid": "0.93", "best_ask": "0.96"}, {"asset_id": "69673263487139231624315897585768201230841320475352635832819992690850228911127", "price": "0.78", "size": "3000", "side": "SELL", "hash": "7675b8bc292d13a7a5170170eb9cd935a15e7256", "best_bid": "0.04", "best_ask": "0.07"}], "timestamp": "1769384649698", "event_type": "price_change"}}
{"_local_timestamp": "2026-01-25T23:44:12.818525+00:00", "data": {"market": "0x1b7fa10e6b102c964bbd4a7cb0a4b7a341e17fcb9f8a2c8a5d6a3b30dfb5c394", "price_changes": [{"asset_id": "115258259561547414610995893322363332894307320697384633557391293684664191320185", "price": "0.14", "size": "3242.85", "side": "BUY", "hash": "e08c0082cb980118cb6392ec78ef412abe3ad791", "best_bid": "0.93", "best_ask": "0.95"}, {"asset_id": "17477959378122758499540906149943925432690452353416410038176243997158408694887", "price": "0.86", "size": "3242.85", "side": "SELL", "hash": "015d1dd0ef42589ebb50d3a4cf45a28bdc1e90d0", "best_bid": "0.05", "best_ask": "0.07"}], "timestamp": "1769384652674", "event_type": "price_change"}}
{"_local_timestamp": "2026-01-25T23:44:29.053403+00:00", "data": {"market": "0x9767768d75f0fde1ad998e52b83999315cd5f45152a143a0153366915513e0d2", "price_changes": [{"asset_id": "60881151017130321740345136601526104676952077782755755891584789189096989545525", "price": "0.22", "size": "0", "side": "BUY", "hash": "55e5b51bb893ce4037bd8298301aea9487e4e0a4", "best_bid": "0.93", "best_ask": "0.96"}, {"asset_id": "69673263487139231624315897585768201230841320475352635832819992690850228911127", "price": "0.78", "size": "0", "side": "SELL", "hash": "e1f2c055473f878b458484c7be02547f698659f4", "best_bid": "0.04", "best_ask": "0.07"}], "timestamp": "1769384668988", "event_type": "price_change"}}
{"_local_timestamp": "2026-01-25T23:44:32.451051+00:00", "data": {"market": "0x1b7fa10e6b102c964bbd4a7cb0a4b7a341e17fcb9f8a2c8a5d6a3b30dfb5c394", "price_changes": [{"asset_id": "115258259561547414610995893322363332894307320697384633557391293684664191320185", "price": "0.24", "size": "0", "side": "BUY", "hash": "8de8996a20cc495f83994c634fbbb051dcf4878f", "best_bid": "0.93", "best_ask": "0.95"}, {"asset_id": "17477959378122758499540906149943925432690452353416410038176243997158408694887", "price": "0.76", "size": "0", "side": "SELL", "hash": "432b1ff08da37f1579eca8179c77cd9236406889", "best_bid": "0.05", "best_ask": "0.07"}], "timestamp": "1769384672303", "event_type": "price_change"}}
{"_local_timestamp": "2026-01-25T23:44:47.540353+00:00", "data": {"market": "0x1b7fa10e6b102c964bbd4a7cb0a4b7a341e17fcb9f8a2c8a5d6a3b30dfb5c394", "price_changes": [{"asset_id": "115258259561547414610995893322363332894307320697384633557391293684664191320185", "price": "0.14", "size": "242.85", "side": "BUY", "hash": "328cd678d14c8e89a13ba42fd18351a18478f927", "best_bid": "0.93", "best_ask": "0.95"}, {"asset_id": "17477959378122758499540906149943925432690452353416410038176243997158408694887", "price": "0.86", "size": "242.85", "side": "SELL", "hash": "997eb213319569420ddade4702bf9e30cbbbe2c2", "best_bid": "0.05", "best_ask": "0.07"}], "timestamp": "1769384687444", "event_type": "price_change"}}
{"_local_timestamp": "2026-01-25T23:44:51.037426+00:00", "data": {"market": "0x1b7fa10e6b102c964bbd4a7cb0a4b7a341e17fcb9f8a2c8a5d6a3b30dfb5c394", "price_changes": [{"asset_id": "115258259561547414610995893322363332894307320697384633557391293684664191320185", "price": "0.25", "size": "1680", "side": "BUY", "hash": "b7d15c4138e74732dfc3eb25a6ecea6e78d92fe4", "best_bid": "0.93", "best_ask": "0.95"}, {"asset_id": "17477959378122758499540906149943925432690452353416410038176243997158408694887", "price": "0.75", "size": "1680", "side": "SELL", "hash": "3bebe3cefc4d9db934278c6a903fe87e9ca3bf3e", "best_bid": "0.05", "best_ask": "0.07"}], "timestamp": "1769384690970", "event_type": "price_change"}}
{"_local_timestamp": "2026-01-25T23:44:56.114295+00:00", "data": {"market": "0x9767768d75f0fde1ad998e52b83999315cd5f45152a143a0153366915513e0d2", "price_changes": [{"asset_id": "60881151017130321740345136601526104676952077782755755891584789189096989545525", "price": "0.5", "size": "0", "side": "BUY", "hash": "d8c5165fbcdfed6ceb656570ace2cda8a6882022", "best_bid": "0.93", "best_ask": "0.96"}, {"asset_id": "69673263487139231624315897585768201230841320475352635832819992690850228911127", "price": "0.5", "size": "0", "side": "SELL", "hash": "cb85cb97b1b97e2a743ae39a5c88863e8f1e2d4f", "best_bid": "0.04", "best_ask": "0.07"}], "timestamp": "1769384696013", "event_type": "price_change"}}
{"_local_timestamp": "2026-01-25T23:44:56.176374+00:00", "data": {"market": "0x9767768d75f0fde1ad998e52b83999315cd5f45152a143a0153366915513e0d2", "price_changes": [{"asset_id": "60881151017130321740345136601526104676952077782755755891584789189096989545525", "price": "0.52", "size": "10", "side": "BUY", "hash": "4d19d180d1f16c282e299e0578085395e715502a", "best_bid": "0.93", "best_ask": "0.96"}, {"asset_id": "69673263487139231624315897585768201230841320475352635832819992690850228911127", "price": "0.48", "size": "10", "side": "SELL", "hash": "7248cc3901e2893ea3c810bd9a573446b7c67b74", "best_bid": "0.04", "best_ask": "0.07"}], "timestamp": "1769384696106", "event_type": "price_change"}}
{"_local_timestamp": "2026-01-25T23:44:56.626258+00:00", "data": {"market": "0x9767768d75f0fde1ad998e52b83999315cd5f45152a143a0153366915513e0d2", "price_changes": [{"asset_id": "60881151017130321740345136601526104676952077782755755891584789189096989545525", "price": "0.92", "size": "1415", "side": "BUY", "hash": "b9eb00570bcc6c926beab2652649ebb56ffc01f7", "best_bid": "0.93", "best_ask": "0.96"}, {"asset_id": "69673263487139231624315897585768201230841320475352635832819992690850228911127", "price": "0.08", "size": "1415", "side": "SELL", "hash": "7a3aec4d1eca0fdc672c76da9e5c791adf61bef3", "best_bid": "0.04", "best_ask": "0.07"}], "timestamp": "1769384696561", "event_type": "price_change"}}
{"_local_timestamp": "2026-01-25T23:44:56.836380+00:00", "data": {"market": "0x9767768d75f0fde1ad998e52b83999315cd5f45152a143a0153366915513e0d2", "price_changes": [{"asset_id": "60881151017130321740345136601526104676952077782755755891584789189096989545525", "price": "0.92", "size": "1089", "side": "BUY", "hash": "d85c959a3eb7be84d3a7f2ff0212e0c60432100f", "best_bid": "0.93", "best_ask": "0.96"}, {"asset_id": "69673263487139231624315897585768201230841320475352635832819992690850228911127", "price": "0.08", "size": "1089", "side": "SELL", "hash": "4c8911417f51e184f8ba08d839f526b2c65e6525", "best_bid": "0.04", "best_ask": "0.07"}], "timestamp": "1769384696774", "event_type": "price_change"}}
{"_local_timestamp": "2026-01-25T23:44:57.033032+00:00", "data": {"market": "0x9767768d75f0fde1ad998e52b83999315cd5f45152a143a0153366915513e0d2", "price_changes": [{"asset_id": "69673263487139231624315897585768201230841320475352635832819992690850228911127", "price": "0.02", "size": "275.62", "side": "BUY", "hash": "232e0dbb972c965465b620718425b337ec5dd01a", "best_bid": "0.04", "best_ask": "0.07"}, {"asset_id": "60881151017130321740345136601526104676952077782755755891584789189096989545525", "price": "0.98", "size": "275.62", "side": "SELL", "hash": "066596d5626fb359077067d712b2703f91b9675b", "best_bid": "0.93", "best_ask": "0.96"}], "timestamp": "1769384696917", "event_type": "price_change"}}
{"_local_timestamp": "2026-01-25T23:44:57.049270+00:00", "data": {"market": "0x9767768d75f0fde1ad998e52b83999315cd5f45152a143a0153366915513e0d2", "price_changes": [{"asset_id": "60881151017130321740345136601526104676952077782755755891584789189096989545525", "price": "0.91", "size": "200", "side": "BUY", "hash": "1efe2c5357cbf480183f0af95adda961e7fc650b", "best_bid": "0.93", "best_ask": "0.96"}, {"asset_id": "69673263487139231624315897585768201230841320475352635832819992690850228911127", "price": "0.09", "size": "200", "side": "SELL", "hash": "0c374d5479f26393e0c9964cc2a56642d3c448bd", "best_bid": "0.04", "best_ask": "0.07"}], "timestamp": "1769384696918", "event_type": "price_change"}}
{"_local_timestamp": "2026-01-25T23:44:59.007656+00:00", "data": {"market": "0x1b7fa10e6b102c964bbd4a7cb0a4b7a341e17fcb9f8a2c8a5d6a3b30dfb5c394", "price_changes": [{"asset_id": "17477959378122758499540906149943925432690452353416410038176243997158408694887", "price": "0.02", "size": "5250", "side": "BUY", "hash": "2a0d559a3f3c19b1c1259d21a3ea862892408f3e", "best_bid": "0.05", "best_ask": "0.07"}, {"asset_id": "115258259561547414610995893322363332894307320697384633557391293684664191320185", "price": "0.98", "size": "5250", "side": "SELL", "hash": "466ab58063b5e6a0076ad96e88ed1f3e1bdecb75", "best_bid": "0.93", "best_ask": "0.95"}], "timestamp": "1769384698028", "event_type": "price_change"}}
{"_local_timestamp": "2026-01-25T23:44:59.008094+00:00", "data": {"market": "0x1b7fa10e6b102c964bbd4a7cb0a4b7a341e17fcb9f8a2c8a5d6a3b30dfb5c394", "price_changes": [{"asset_id": "17477959378122758499540906149943925432690452353416410038176243997158408694887", "price": "0.03", "size": "2770", "side": "BUY", "hash": "2a0d559a3f3c19b1c1259d21a3ea862892408f3e", "best_bid": "0.05", "best_ask": "0.07"}, {"asset_id": "115258259561547414610995893322363332894307320697384633557391293684664191320185", "price": "0.97", "size": "2770", "side": "SELL", "hash": "466ab58063b5e6a0076ad96e88ed1f3e1bdecb75", "best_bid": "0.93", "best_ask": "0.95"}], "timestamp": "1769384698028", "event_type": "price_change"}}
{"_local_timestamp": "2026-01-25T23:44:59.008438+00:00", "data": {"market": "0x1b7fa10e6b102c964bbd4a7cb0a4b7a341e17fcb9f8a2c8a5d6a3b30dfb5c394", "price_changes": [{"asset_id": "17477959378122758499540906149943925432690452353416410038176243997158408694887", "price": "0.03", "size": "2787.34", "side": "BUY", "hash": "7098565d5513d238661f67545e97b71f85a2fa5c", "best_bid": "0.05", "best_ask": "0.07"}, {"asset_id": "115258259561547414610995893322363332894307320697384633557391293684664191320185", "price": "0.97", "size": "2787.34", "side": "SELL", "hash": "a0dcc7be7268673b674589c915a7a2b23b6a8cda", "best_bid": "0.93", "best_ask": "0.95"}], "timestamp": "1769384698602", "event_type": "price_change"}}
{"_local_timestamp": "2026-01-25T23:44:59.008783+00:00", "data": {"market": "0x1b7fa10e6b102c964bbd4a7cb0a4b7a341e17fcb9f8a2c8a5d6a3b30dfb5c394", "price_changes": [{"asset_id": "17477959378122758499540906149943925432690452353416410038176243997158408694887", "price": "0.04", "size": "233.5", "side": "BUY", "hash": "5b0a89a3afd65da2babc03a538f0d2939f46c2a7", "best_bid": "0.05", "best_ask": "0.07"}, {"asset_id": "115258259561547414610995893322363332894307320697384633557391293684664191320185", "price": "0.96", "size": "233.5", "side": "SELL", "hash": "2b9e72078f853d8f730a69db719af3cad4eb8071", "best_bid": "0.93", "best_ask": "0.95"}], "timestamp": "1769384698603", "event_type": "price_change"}}
{"_local_timestamp": "2026-01-25T23:44:59.009111+00:00", "data": {"market": "0x1b7fa10e6b102c964bbd4a7cb0a4b7a341e17fcb9f8a2c8a5d6a3b30dfb5c394", "price_changes": [{"asset_id": "17477959378122758499540906149943925432690452353416410038176243997158408694887", "price": "0.02", "size": "5277.09", "side": "BUY", "hash": "c0eb6ad449267c7bbc188649a5ef5747e1693a53", "best_bid": "0.05", "best_ask": "0.07"}, {"asset_id": "115258259561547414610995893322363332894307320697384633557391293684664191320185", "price": "0.98", "size": "5277.09", "side": "SELL", "hash": "8de46bca4d35a72e2609cce306e2dbeed064352d", "best_bid": "0.93", "best_ask": "0.95"}], "timestamp": "1769384698605", "event_type": "price_change"}}
{"_local_timestamp": "2026-01-25T23:44:59.924585+00:00", "data": {"market": "0x9767768d75f0fde1ad998e52b83999315cd5f45152a143a0153366915513e0d2", "price_changes": [{"asset_id": "60881151017130321740345136601526104676952077782755755891584789189096989545525", "price": "0.51", "size": "0", "side": "BUY", "hash": "f9b1f3a6508221ec585288481fb33c3554f7eed9", "best_bid": "0.93", "best_ask": "0.96"}, {"asset_id": "69673263487139231624315897585768201230841320475352635832819992690850228911127", "price": "0.49", "size": "0", "side": "SELL", "hash": "bbcfc674c4901f30adb6bfce7678036f0efcad9b", "best_bid": "0.04", "best_ask": "0.07"}], "timestamp": "1769384699861", "event_type": "price_change"}}
{"_local_timestamp": "2026-01-25T23:44:59.957532+00:00", "data": {"market": "0x9767768d75f0fde1ad998e52b83999315cd5f45152a143a0153366915513e0d2", "price_changes": [{"asset_id": "60881151017130321740345136601526104676952077782755755891584789189096989545525", "price": "0.53", "size": "20", "side": "BUY", "hash": "d36cbe20db1efe109d74028a03b490ecc982d2f2", "best_bid": "0.93", "best_ask": "0.96"}, {"asset_id": "69673263487139231624315897585768201230841320475352635832819992690850228911127", "price": "0.47", "size": "20", "side": "SELL", "hash": "c0fe0c0fbc613b50d37734e9bb485f3f207be140", "best_bid": "0.04", "best_ask": "0.07"}], "timestamp": "1769384699888", "event_type": "price_change"}}
{"_local_timestamp": "2026-01-25T23:45:16.164476+00:00", "data": {"market": "0x9767768d75f0fde1ad998e52b83999315cd5f45152a143a0153366915513e0d2", "price_changes": [{"asset_id": "60881151017130321740345136601526104676952077782755755891584789189096989545525", "price": "0.91", "size": "300", "side": "BUY", "hash": "7013fae7243763a0b0c2da84a30fa50a2ec67a91", "best_bid": "0.93", "best_ask": "0.96"}, {"asset_id": "69673263487139231624315897585768201230841320475352635832819992690850228911127", "price": "0.09", "size": "300", "side": "SELL", "hash": "01372d60f9ad195f44e0d01ed42ca025e6a21a57", "best_bid": "0.04", "best_ask": "0.07"}], "timestamp": "1769384716088", "event_type": "price_change"}}
{"_local_timestamp": "2026-01-25T23:45:17.840654+00:00", "data": {"market": "0x9767768d75f0fde1ad998e52b83999315cd5f45152a143a0153366915513e0d2", "price_changes": [{"asset_id": "69673263487139231624315897585768201230841320475352635832819992690850228911127", "price": "0.02", "size": "375.62", "side": "BUY", "hash": "9041a445a2606423022e57ecf723355c4caa287c", "best_bid": "0.04", "best_ask": "0.07"}, {"asset_id": "60881151017130321740345136601526104676952077782755755891584789189096989545525", "price": "0.98", "size": "375.62", "side": "SELL", "hash": "ed9a069f30fb874f0b15fb0467358f5385e5f960", "best_bid": "0.93", "best_ask": "0.96"}], "timestamp": "1769384717777", "event_type": "price_change"}}
{"_local_timestamp": "2026-01-25T23:45:18.532027+00:00", "data": {"market": "0x1b7fa10e6b102c964bbd4a7cb0a4b7a341e17fcb9f8a2c8a5d6a3b30dfb5c394", "price_changes": [{"asset_id": "17477959378122758499540906149943925432690452353416410038176243997158408694887", "price": "0.04", "size": "221", "side": "BUY", "hash": "e57ea9c900be86a5a718cf4f6b4895995b30c9d3", "best_bid": "0.05", "best_ask": "0.07"}, {"asset_id": "115258259561547414610995893322363332894307320697384633557391293684664191320185", "price": "0.96", "size": "221", "side": "SELL", "hash": "da613ff868ba8559a4c34690e50a56eb026a0d7a", "best_bid": "0.93", "best_ask": "0.95"}], "timestamp": "1769384718450", "event_type": "price_change"}}
{"_local_timestamp": "2026-01-25T23:45:48.426205+00:00", "data": {"market": "0x1b7fa10e6b102c964bbd4a7cb0a4b7a341e17fcb9f8a2c8a5d6a3b30dfb5c394", "price_changes": [{"asset_id": "115258259561547414610995893322363332894307320697384633557391293684664191320185", "price": "0.91", "size": "498", "side": "BUY", "hash": "b9b4bf7eee17eecf651c14a3e791735e18f8b45a", "best_bid": "0.93", "best_ask": "0.95"}, {"asset_id": "17477959378122758499540906149943925432690452353416410038176243997158408694887", "price": "0.09", "size": "498", "side": "SELL", "hash": "443fbfa8689f3b62906bcb8a099e809439ec04af", "best_bid": "0.05", "best_ask": "0.07"}], "timestamp": "1769384748351", "event_type": "price_change"}}
{"_local_timestamp": "2026-01-25T23:45:48.431098+00:00", "data": {"market": "0x1b7fa10e6b102c964bbd4a7cb0a4b7a341e17fcb9f8a2c8a5d6a3b30dfb5c394", "price_changes": [{"asset_id": "17477959378122758499540906149943925432690452353416410038176243997158408694887", "price": "0.03", "size": "2687.34", "side": "BUY", "hash": "4c898e64cd477012963c8fb87f16ba1b811860f4", "best_bid": "0.05", "best_ask": "0.07"}, {"asset_id": "115258259561547414610995893322363332894307320697384633557391293684664191320185", "price": "0.97", "size": "2687.34", "side": "SELL", "hash": "0bae1d1ebd2d8deb30e4a25dc14fe4ed3aacd62d", "best_bid": "0.93", "best_ask": "0.95"}], "timestamp": "1769384748353", "event_type": "price_change"}}
{"_local_timestamp": "2026-01-25T23:45:49.810701+00:00", "data": {"market": "0x1b7fa10e6b102c964bbd4a7cb0a4b7a341e17fcb9f8a2c8a5d6a3b30dfb5c394", "price_changes": [{"asset_id": "115258259561547414610995893322363332894307320697384633557391293684664191320185", "price": "0.92", "size": "852.29", "side": "BUY", "hash": "54b9e0b31dd4cf1d1acefbc551761f10f608859e", "best_bid": "0.93", "best_ask": "0.95"}, {"asset_id": "17477959378122758499540906149943925432690452353416410038176243997158408694887", "price": "0.08", "size": "852.29", "side": "SELL", "hash": "a4e5abc769cd30fc0c553524d145a7842cd26023", "best_bid": "0.05", "best_ask": "0.07"}], "timestamp": "1769384749743", "event_type": "price_change"}}
{"_local_timestamp": "2026-01-25T23:45:49.992666+00:00", "data": {"market": "0x1b7fa10e6b102c964bbd4a7cb0a4b7a341e17fcb9f8a2c8a5d6a3b30dfb5c394", "price_changes": [{"asset_id": "115258259561547414610995893322363332894307320697384633557391293684664191320185", "price": "0.92", "size": "610.99", "side": "BUY", "hash": "4ec1331ec6ef0d1bd254c8c9f49f03de601f47f3", "best_bid": "0.93", "best_ask": "0.95"}, {"asset_id": "17477959378122758499540906149943925432690452353416410038176243997158408694887", "price": "0.08", "size": "610.99", "side": "SELL", "hash": "7332213f0d4e1190f01fbd4a959e040a1c650b36", "best_bid": "0.05", "best_ask": "0.07"}], "timestamp": "1769384749933", "event_type": "price_change"}}
{"_local_timestamp": "2026-01-25T23:45:56.563447+00:00", "data": {"market": "0x9767768d75f0fde1ad998e52b83999315cd5f45152a143a0153366915513e0d2", "price_changes": [{"asset_id": "60881151017130321740345136601526104676952077782755755891584789189096989545525", "price": "0.27", "size": "0", "side": "BUY", "hash": "b4350dbbcb106a145a5f8cb72801d7338466e992", "best_bid": "0.93", "best_ask": "0.96"}, {"asset_id": "69673263487139231624315897585768201230841320475352635832819992690850228911127", "price": "0.73", "size": "0", "side": "SELL", "hash": "0a2e068a99ee3783af8cebb208a23d8ded60f25e", "best_bid": "0.04", "best_ask": "0.07"}], "timestamp": "1769384756088", "event_type": "price_change"}}
{"_local_timestamp": "2026-01-25T23:45:56.802958+00:00", "data": {"market": "0x1b7fa10e6b102c964bbd4a7cb0a4b7a341e17fcb9f8a2c8a5d6a3b30dfb5c394", "price_changes": [{"asset_id": "115258259561547414610995893322363332894307320697384633557391293684664191320185", "price": "0.23", "size": "121.73", "side": "BUY", "hash": "15ab6825cd1dae125a425ad6a9914119e0d1bef4", "best_bid": "0.93", "best_ask": "0.95"}, {"asset_id": "17477959378122758499540906149943925432690452353416410038176243997158408694887", "price": "0.77", "size": "121.73", "side": "SELL", "hash": "4ffff0d905250c724a6470b538581b07b3164f73", "best_bid": "0.05", "best_ask": "0.07"}], "timestamp": "1769384756097", "event_type": "price_change"}}
{"_local_timestamp": "2026-01-25T23:45:57.262341+00:00", "data": {"market": "0x1b7fa10e6b102c964bbd4a7cb0a4b7a341e17fcb9f8a2c8a5d6a3b30dfb5c394", "price_changes": [{"asset_id": "17477959378122758499540906149943925432690452353416410038176243997158408694887", "price": "0.03", "size": "2787.34", "side": "BUY", "hash": "c27d5f197da6c86d90f2eaa28021f424daefc4eb", "best_bid": "0.05", "best_ask": "0.07"}, {"asset_id": "115258259561547414610995893322363332894307320697384633557391293684664191320185", "price": "0.97", "size": "2787.34", "side": "SELL", "hash": "a2b532348c1e9e5891012d82a96f0c7f45cf3381", "best_bid": "0.93", "best_ask": "0.95"}], "timestamp": "1769384756880", "event_type": "price_change"}}
{"_local_timestamp": "2026-01-25T23:45:57.262920+00:00", "data": {"market": "0x1b7fa10e6b102c964bbd4a7cb0a4b7a341e17fcb9f8a2c8a5d6a3b30dfb5c394", "price_changes": [{"asset_id": "115258259561547414610995893322363332894307320697384633557391293684664191320185", "price": "0.91", "size": "598", "side": "BUY", "hash": "17756c08e67639c150a4f49206e41f44ce9dadf6", "best_bid": "0.93", "best_ask": "0.95"}, {"asset_id": "17477959378122758499540906149943925432690452353416410038176243997158408694887", "price": "0.09", "size": "598", "side": "SELL", "hash": "47e689e56876b2f5e40e80f230b6ad1a284a8000", "best_bid": "0.05", "best_ask": "0.07"}], "timestamp": "1769384756881", "event_type": "price_change"}}
{"_local_timestamp": "2026-01-25T23:46:04.188472+00:00", "data": {"market": "0x9767768d75f0fde1ad998e52b83999315cd5f45152a143a0153366915513e0d2", "price_changes": [{"asset_id": "60881151017130321740345136601526104676952077782755755891584789189096989545525", "price": "0.52", "size": "0", "side": "BUY", "hash": "5fbbd07587edbf1dfe3ec25de937fd1e93b3bcdb", "best_bid": "0.93", "best_ask": "0.96"}, {"asset_id": "69673263487139231624315897585768201230841320475352635832819992690850228911127", "price": "0.48", "size": "0", "side": "SELL", "hash": "5abd7464e85b063cf1bbd0cdad9491a524752f05", "best_bid": "0.04", "best_ask": "0.07"}], "timestamp": "1769384764114", "event_type": "price_change"}}
{"_local_timestamp": "2026-01-25T23:46:04.278140+00:00", "data": {"market": "0x9767768d75f0fde1ad998e52b83999315cd5f45152a143a0153366915513e0d2", "price_changes": [{"asset_id": "60881151017130321740345136601526104676952077782755755891584789189096989545525", "price": "0.54", "size": "10", "side": "BUY", "hash": "e00c27442562379da7c03f8f005e1e17a1c001ae", "best_bid": "0.93", "best_ask": "0.96"}, {"asset_id": "69673263487139231624315897585768201230841320475352635832819992690850228911127", "price": "0.46", "size": "10", "side": "SELL", "hash": "b854fa22c5733e894a0819bb81289afb4f262d52", "best_bid": "0.04", "best_ask": "0.07"}], "timestamp": "1769384764206", "event_type": "price_change"}}
{"_local_timestamp": "2026-01-25T23:46:04.905021+00:00", "data": {"market": "0x9767768d75f0fde1ad998e52b83999315cd5f45152a143a0153366915513e0d2", "price_changes": [{"asset_id": "60881151017130321740345136601526104676952077782755755891584789189096989545525", "price": "0.05", "size": "330", "side": "BUY", "hash": "5c6b355996f2c6f3751a71c7cbc41fb7f457d4f7", "best_bid": "0.93", "best_ask": "0.96"}, {"asset_id": "69673263487139231624315897585768201230841320475352635832819992690850228911127", "price": "0.95", "size": "330", "side": "SELL", "hash": "0c0bdf6e121480f6f2e58946a4c23e28636a5670", "best_bid": "0.04", "best_ask": "0.07"}], "timestamp": "1769384764832", "event_type": "price_change"}}
{"_local_timestamp": "2026-01-25T23:46:04.905553+00:00", "data": {"market": "0x1b7fa10e6b102c964bbd4a7cb0a4b7a341e17fcb9f8a2c8a5d6a3b30dfb5c394", "price_changes": [{"asset_id": "115258259561547414610995893322363332894307320697384633557391293684664191320185", "price": "0.06", "size": "333", "side": "BUY", "hash": "bc513e57c7cae582071d31c5fbe55f77a587954b", "best_bid": "0.93", "best_ask": "0.95"}, {"asset_id": "17477959378122758499540906149943925432690452353416410038176243997158408694887", "price": "0.94", "size": "333", "side": "SELL", "hash": "a5aa33dbd711061a85ebc482996cade426c77b8b", "best_bid": "0.05", "best_ask": "0.07"}], "timestamp": "1769384764833", "event_type": "price_change"}}
{"_local_timestamp": "2026-01-25T23:46:06.819300+00:00", "data": {"market": "0x9767768d75f0fde1ad998e52b83999315cd5f45152a143a0153366915513e0d2", "price_changes": [{"asset_id": "60881151017130321740345136601526104676952077782755755891584789189096989545525", "price": "0.53", "size": "0", "side": "BUY", "hash": "1f18d1630dd852acba555105fb0c393caad581df", "best_bid": "0.93", "best_ask": "0.96"}, {"asset_id": "69673263487139231624315897585768201230841320475352635832819992690850228911127", "price": "0.47", "size": "0", "side": "SELL", "hash": "0883513d52f2c60af88048b065895a0a9a8afc32", "best_bid": "0.04", "best_ask": "0.07"}], "timestamp": "1769384766733", "event_type": "price_change"}}
{"_local_timestamp": "2026-01-25T23:46:06.851368+00:00", "data": {"market": "0x9767768d75f0fde1ad998e52b83999315cd5f45152a143a0153366915513e0d2", "price_changes": [{"asset_id": "60881151017130321740345136601526104676952077782755755891584789189096989545525", "price": "0.55", "size": "20", "side": "BUY", "hash": "6b3c85b33d0bdab657e68da27e31421b7965d82c", "best_bid": "0.93", "best_ask": "0.96"}, {"asset_id": "69673263487139231624315897585768201230841320475352635832819992690850228911127", "price": "0.45", "size": "20", "side": "SELL", "hash": "845c858050e59f34f07d82709d0c355ed993a611", "best_bid": "0.04", "best_ask": "0.07"}], "timestamp": "1769384766760", "event_type": "price_change"}}
{"_local_timestamp": "2026-01-25T23:46:10.667959+00:00", "data": {"market": "0x1b7fa10e6b102c964bbd4a7cb0a4b7a341e17fcb9f8a2c8a5d6a3b30dfb5c394", "price_changes": [{"asset_id": "115258259561547414610995893322363332894307320697384633557391293684664191320185", "price": "0.25", "size": "0", "side": "BUY", "hash": "7b18bc7824d7364ae335e0ca96498494fbe7589b", "best_bid": "0.93", "best_ask": "0.95"}, {"asset_id": "17477959378122758499540906149943925432690452353416410038176243997158408694887", "price": "0.75", "size": "0", "side": "SELL", "hash": "bc4117bd7d57d2dc80a15963bd8f95872e9511c0", "best_bid": "0.05", "best_ask": "0.07"}], "timestamp": "1769384770464", "event_type": "price_change"}}
{"_local_timestamp": "2026-01-25T23:46:13.860526+00:00", "data": {"market": "0x9767768d75f0fde1ad998e52b83999315cd5f45152a143a0153366915513e0d2", "price_changes": [{"asset_id": "60881151017130321740345136601526104676952077782755755891584789189096989545525", "price": "0.22", "size": "3000", "side": "BUY", "hash": "d4c2e681eabfc4fb7872f5fa608655bfe5be56d6", "best_bid": "0.93", "best_ask": "0.96"}, {"asset_id": "69673263487139231624315897585768201230841320475352635832819992690850228911127", "price": "0.78", "size": "3000", "side": "SELL", "hash": "b91a5f557b97843e1a65d7a42772bbafd37229e6", "best_bid": "0.04", "best_ask": "0.07"}], "timestamp": "1769384773783", "event_type": "price_change"}}
{"_local_timestamp": "2026-01-25T23:46:15.657076+00:00", "data": {"market": "0x1b7fa10e6b102c964bbd4a7cb0a4b7a341e17fcb9f8a2c8a5d6a3b30dfb5c394", "price_changes": [{"asset_id": "115258259561547414610995893322363332894307320697384633557391293684664191320185", "price": "0.14", "size": "3242.85", "side": "BUY", "hash": "32b02ca7efa471574be86c47ea4df61d7fd6d6d5", "best_bid": "0.93", "best_ask": "0.95"}, {"asset_id": "17477959378122758499540906149943925432690452353416410038176243997158408694887", "price": "0.86", "size": "3242.85", "side": "SELL", "hash": "796bd393cc5a299e4bdf3f03d2c87c1359ef775d", "best_bid": "0.05", "best_ask": "0.07"}], "timestamp": "1769384775594", "event_type": "price_change"}}
{"_local_timestamp": "2026-01-25T23:46:27.461124+00:00", "data": {"market": "0x1b7fa10e6b102c964bbd4a7cb0a4b7a341e17fcb9f8a2c8a5d6a3b30dfb5c394", "price_changes": [{"asset_id": "115258259561547414610995893322363332894307320697384633557391293684664191320185", "price": "0.14", "size": "242.85", "side": "BUY", "hash": "d13b101870a712037a30ab6c60cc656665e44ad3", "best_bid": "0.93", "best_ask": "0.95"}, {"asset_id": "17477959378122758499540906149943925432690452353416410038176243997158408694887", "price": "0.86", "size": "242.85", "side": "SELL", "hash": "b37f5a31b97a962152844621d9a1c1c50cfccf1e", "best_bid": "0.05", "best_ask": "0.07"}], "timestamp": "1769384787365", "event_type": "price_change"}}
{"_local_timestamp": "2026-01-25T23:46:43.701988+00:00", "data": {"market": "0x9767768d75f0fde1ad998e52b83999315cd5f45152a143a0153366915513e0d2", "price_changes": [{"asset_id": "60881151017130321740345136601526104676952077782755755891584789189096989545525", "price": "0.22", "size": "0", "side": "BUY", "hash": "29ff4c2e8ffb247dba06e7fc24852f3a75875fc6", "best_bid": "0.93", "best_ask": "0.96"}, {"asset_id": "69673263487139231624315897585768201230841320475352635832819992690850228911127", "price": "0.78", "size": "0", "side": "SELL", "hash": "3fb1f3775620d171881096c453181854040cbda5", "best_bid": "0.04", "best_ask": "0.07"}], "timestamp": "1769384803576", "event_type": "price_change"}}
{"_local_timestamp": "2026-01-25T23:46:44.016178+00:00", "data": {"market": "0x9767768d75f0fde1ad998e52b83999315cd5f45152a143a0153366915513e0d2", "price_changes": [{"asset_id": "60881151017130321740345136601526104676952077782755755891584789189096989545525", "price": "0.92", "size": "1415", "side": "BUY", "hash": "c1f6b3a9fe0738566508e9e00641d17498a63079", "best_bid": "0.93", "best_ask": "0.96"}, {"asset_id": "69673263487139231624315897585768201230841320475352635832819992690850228911127", "price": "0.08", "size": "1415", "side": "SELL", "hash": "37f84e837402bc783b5f02b8151beca5d2dc8a9a", "best_bid": "0.04", "best_ask": "0.07"}], "timestamp": "1769384803940", "event_type": "price_change"}}
{"_local_timestamp": "2026-01-25T23:46:44.100676+00:00", "data": {"market": "0x9767768d75f0fde1ad998e52b83999315cd5f45152a143a0153366915513e0d2", "price_changes": [{"asset_id": "60881151017130321740345136601526104676952077782755755891584789189096989545525", "price": "0.92", "size": "1089", "side": "BUY", "hash": "c50a08cfd648922d0869762c66cb41e54db12a99", "best_bid": "0.93", "best_ask": "0.96"}, {"asset_id": "69673263487139231624315897585768201230841320475352635832819992690850228911127", "price": "0.08", "size": "1089", "side": "SELL", "hash": "8400249c983e59fe6f7287288d5e5411891eab78", "best_bid": "0.04", "best_ask": "0.07"}], "timestamp": "1769384804024", "event_type": "price_change"}}
{"_local_timestamp": "2026-01-25T23:46:57.964215+00:00", "data": {"market": "0x1b7fa10e6b102c964bbd4a7cb0a4b7a341e17fcb9f8a2c8a5d6a3b30dfb5c394", "price_changes": [{"asset_id": "115258259561547414610995893322363332894307320697384633557391293684664191320185", "price": "0.14", "size": "3242.85", "side": "BUY", "hash": "8300c1c1e5715b98b8db13814ee8b99ef2cdf99d", "best_bid": "0.93", "best_ask": "0.95"}, {"asset_id": "17477959378122758499540906149943925432690452353416410038176243997158408694887", "price": "0.86", "size": "3242.85", "side": "SELL", "hash": "f558e5d17a4ca5318cddade7d403159c1c48d4cc", "best_bid": "0.05", "best_ask": "0.07"}], "timestamp": "1769384817902", "event_type": "price_change"}}
{"_local_timestamp": "2026-01-25T23:47:01.884328+00:00", "data": {"market": "0x1b7fa10e6b102c964bbd4a7cb0a4b7a341e17fcb9f8a2c8a5d6a3b30dfb5c394", "price_changes": [{"asset_id": "115258259561547414610995893322363332894307320697384633557391293684664191320185", "price": "0.24", "size": "1748", "side": "BUY", "hash": "8ac03db0a3f1fcd839a89ec7faa292383aa2a632", "best_bid": "0.93", "best_ask": "0.95"}, {"asset_id": "17477959378122758499540906149943925432690452353416410038176243997158408694887", "price": "0.76", "size": "1748", "side": "SELL", "hash": "adceb2539263bd7f0d3c8609291d1e942eb454d2", "best_bid": "0.05", "best_ask": "0.07"}], "timestamp": "1769384821814", "event_type": "price_change"}}
{"_local_timestamp": "2026-01-25T23:47:02.230035+00:00", "data": {"market": "0x1b7fa10e6b102c964bbd4a7cb0a4b7a341e17fcb9f8a2c8a5d6a3b30dfb5c394", "price_changes": [{"asset_id": "115258259561547414610995893322363332894307320697384633557391293684664191320185", "price": "0.92", "size": "852.29", "side": "BUY", "hash": "1bfbdbcf9b241751ac50d910e950333953842b0a", "best_bid": "0.93", "best_ask": "0.95"}, {"asset_id": "17477959378122758499540906149943925432690452353416410038176243997158408694887", "price": "0.08", "size": "852.29", "side": "SELL", "hash": "89d36fa93a319ee1daddfc54e63f8df817f70071", "best_bid": "0.05", "best_ask": "0.07"}], "timestamp": "1769384822157", "event_type": "price_change"}}
{"_local_timestamp": "2026-01-25T23:47:02.369691+00:00", "data": {"market": "0x1b7fa10e6b102c964bbd4a7cb0a4b7a341e17fcb9f8a2c8a5d6a3b30dfb5c394", "price_changes": [{"asset_id": "115258259561547414610995893322363332894307320697384633557391293684664191320185", "price": "0.92", "size": "610.99", "side": "BUY", "hash": "3dfd8ab3d9b57c0ec2cfac6f694d832a05225d3e", "best_bid": "0.93", "best_ask": "0.95"}, {"asset_id": "17477959378122758499540906149943925432690452353416410038176243997158408694887", "price": "0.08", "size": "610.99", "side": "SELL", "hash": "c8e7bdd4b0fd6373b3c11badae055e641b1911ec", "best_bid": "0.05", "best_ask": "0.07"}], "timestamp": "1769384822304", "event_type": "price_change"}}
{"_local_timestamp": "2026-01-25T23:47:15.152445+00:00", "data": {"market": "0x9767768d75f0fde1ad998e52b83999315cd5f45152a143a0153366915513e0d2", "price_changes": [{"asset_id": "60881151017130321740345136601526104676952077782755755891584789189096989545525", "price": "0.54", "size": "0", "side": "BUY", "hash": "4125b781b2350108cbf9565ada03a40fdb1531b6", "best_bid": "0.93", "best_ask": "0.96"}, {"asset_id": "69673263487139231624315897585768201230841320475352635832819992690850228911127", "price": "0.46", "size": "0", "side": "SELL", "hash": "a18895a552e82c4f93872f212ad10ce3d8996e4c", "best_bid": "0.04", "best_ask": "0.07"}], "timestamp": "1769384835056", "event_type": "price_change"}}
{"_local_timestamp": "2026-01-25T23:47:15.254111+00:00", "data": {"market": "0x9767768d75f0fde1ad998e52b83999315cd5f45152a143a0153366915513e0d2", "price_changes": [{"asset_id": "60881151017130321740345136601526104676952077782755755891584789189096989545525", "price": "0.56", "size": "10", "side": "BUY", "hash": "3783c1c6a6d66c300576d361bd0cd7bf131ca3ca", "best_bid": "0.93", "best_ask": "0.96"}, {"asset_id": "69673263487139231624315897585768201230841320475352635832819992690850228911127", "price": "0.44", "size": "10", "side": "SELL", "hash": "5f90f942c409a8bb4b5940ee8f203a8855382324", "best_bid": "0.04", "best_ask": "0.07"}], "timestamp": "1769384835182", "event_type": "price_change"}}
{"_local_timestamp": "2026-01-25T23:47:18.722749+00:00", "data": {"market": "0x9767768d75f0fde1ad998e52b83999315cd5f45152a143a0153366915513e0d2", "price_changes": [{"asset_id": "60881151017130321740345136601526104676952077782755755891584789189096989545525", "price": "0.55", "size": "0", "side": "BUY", "hash": "f6d1a220409b3158fbd5d07f059db21abfaba225", "best_bid": "0.93", "best_ask": "0.96"}, {"asset_id": "69673263487139231624315897585768201230841320475352635832819992690850228911127", "price": "0.45", "size": "0", "side": "SELL", "hash": "be942a94c8b18c3e5c31f76eede69ba7613bda0f", "best_bid": "0.04", "best_ask": "0.07"}], "timestamp": "1769384838646", "event_type": "price_change"}}
{"_local_timestamp": "2026-01-25T23:47:18.739865+00:00", "data": {"market": "0x9767768d75f0fde1ad998e52b83999315cd5f45152a143a0153366915513e0d2", "price_changes": [{"asset_id": "60881151017130321740345136601526104676952077782755755891584789189096989545525", "price": "0.57", "size": "20", "side": "BUY", "hash": "a35919015cae49e86edda9ab719bd5ac0c2c7ed4", "best_bid": "0.93", "best_ask": "0.96"}, {"asset_id": "69673263487139231624315897585768201230841320475352635832819992690850228911127", "price": "0.43", "size": "20", "side": "SELL", "hash": "24270db1e7bd09a17349941b6e533cee7e609acd", "best_bid": "0.04", "best_ask": "0.07"}], "timestamp": "1769384838673", "event_type": "price_change"}}
{"_local_timestamp": "2026-01-25T23:47:24.056268+00:00", "data": {"market": "0x9767768d75f0fde1ad998e52b83999315cd5f45152a143a0153366915513e0d2", "price_changes": [{"asset_id": "69673263487139231624315897585768201230841320475352635832819992690850228911127", "price": "0.02", "size": "350", "side": "BUY", "hash": "2200ddb25470adb9440d7adc829cbaf4b5fac757", "best_bid": "0.04", "best_ask": "0.07"}, {"asset_id": "60881151017130321740345136601526104676952077782755755891584789189096989545525", "price": "0.98", "size": "350", "side": "SELL", "hash": "cc9d9782b3ab48cfe684d88fd558a97c774fc666", "best_bid": "0.93", "best_ask": "0.96"}], "timestamp": "1769384843992", "event_type": "price_change"}}
{"_local_timestamp": "2026-01-25T23:47:24.057087+00:00", "data": {"market": "0x9767768d75f0fde1ad998e52b83999315cd5f45152a143a0153366915513e0d2", "price_changes": [{"asset_id": "69673263487139231624315897585768201230841320475352635832819992690850228911127", "price": "0.03", "size": "1838.39", "side": "BUY", "hash": "2200ddb25470adb9440d7adc829cbaf4b5fac757", "best_bid": "0.04", "best_ask": "0.07"}, {"asset_id": "60881151017130321740345136601526104676952077782755755891584789189096989545525", "price": "0.97", "size": "1838.39", "side": "SELL", "hash": "cc9d9782b3ab48cfe684d88fd558a97c774fc666", "best_bid": "0.93", "best_ask": "0.96"}], "timestamp": "1769384843992", "event_type": "price_change"}}
{"_local_timestamp": "2026-01-25T23:47:24.501572+00:00", "data": {"market": "0x9767768d75f0fde1ad998e52b83999315cd5f45152a143a0153366915513e0d2", "price_changes": [{"asset_id": "69673263487139231624315897585768201230841320475352635832819992690850228911127", "price": "0.03", "size": "1854.63", "side": "BUY", "hash": "901333346dff00f825af71b25040fe91680fd338", "best_bid": "0.04", "best_ask": "0.07"}, {"asset_id": "60881151017130321740345136601526104676952077782755755891584789189096989545525", "price": "0.97", "size": "1854.63", "side": "SELL", "hash": "7e5b6e3f86d1c7a65193091589d8de9828af8f8c", "best_bid": "0.93", "best_ask": "0.96"}], "timestamp": "1769384844432", "event_type": "price_change"}}
{"_local_timestamp": "2026-01-25T23:47:24.507777+00:00", "data": {"market": "0x9767768d75f0fde1ad998e52b83999315cd5f45152a143a0153366915513e0d2", "price_changes": [{"asset_id": "69673263487139231624315897585768201230841320475352635832819992690850228911127", "price": "0.02", "size": "375.62", "side": "BUY", "hash": "1c2eef55d79672415cbb75da6ba1887bae6be530", "best_bid": "0.04", "best_ask": "0.07"}, {"asset_id": "60881151017130321740345136601526104676952077782755755891584789189096989545525", "price": "0.98", "size": "375.62", "side": "SELL", "hash": "b1bff34551a11b5b949035d87498899825191970", "best_bid": "0.93", "best_ask": "0.96"}], "timestamp": "1769384844438", "event_type": "price_change"}}
{"_local_timestamp": "2026-01-25T23:47:24.686913+00:00", "data": {"market": "0x9767768d75f0fde1ad998e52b83999315cd5f45152a143a0153366915513e0d2", "price_changes": [{"asset_id": "69673263487139231624315897585768201230841320475352635832819992690850228911127", "price": "0.02", "size": "401.24", "side": "BUY", "hash": "20f89a286b1c72d88258528e259de508e2db7cae", "best_bid": "0.04", "best_ask": "0.07"}, {"asset_id": "60881151017130321740345136601526104676952077782755755891584789189096989545525", "price": "0.98", "size": "401.24", "side": "SELL", "hash": "7a2887fe31b3d2d9aa6d1a39b6a164e6bf4229a6", "best_bid": "0.93", "best_ask": "0.96"}], "timestamp": "1769384844624", "event_type": "price_change"}}
{"_local_timestamp": "2026-01-25T23:47:24.696982+00:00", "data": {"market": "0x9767768d75f0fde1ad998e52b83999315cd5f45152a143a0153366915513e0d2", "price_changes": [{"asset_id": "69673263487139231624315897585768201230841320475352635832819992690850228911127", "price": "0.03", "size": "1870.87", "side": "BUY", "hash": "ba2c221ce7cfd7469f81491891e225d22221aa35", "best_bid": "0.04", "best_ask": "0.07"}, {"asset_id": "60881151017130321740345136601526104676952077782755755891584789189096989545525", "price": "0.97", "size": "1870.87", "side": "SELL", "hash": "b343848031c7c28ea3662bad7ba2847578fe8708", "best_bid": "0.93", "best_ask": "0.96"}], "timestamp": "1769384844630", "event_type": "price_change"}}
{"_local_timestamp": "2026-01-25T23:47:26.300441+00:00", "data": {"market": "0x9767768d75f0fde1ad998e52b83999315cd5f45152a143a0153366915513e0d2", "price_changes": [{"asset_id": "60881151017130321740345136601526104676952077782755755891584789189096989545525", "price": "0.48", "size": "0", "side": "BUY", "hash": "c8effbc6a7a699b7ae432c288c15c2c9dd412215", "best_bid": "0.93", "best_ask": "0.96"}, {"asset_id": "69673263487139231624315897585768201230841320475352635832819992690850228911127", "price": "0.52", "size": "0", "side": "SELL", "hash": "abb9b81a4db237b2d67da93ed477e46a204c65c9", "best_bid": "0.04", "best_ask": "0.07"}], "timestamp": "1769384846228", "event_type": "price_change"}}
{"_local_timestamp": "2026-01-25T23:47:26.487316+00:00", "data": {"market": "0x9767768d75f0fde1ad998e52b83999315cd5f45152a143a0153366915513e0d2", "price_changes": [{"asset_id": "60881151017130321740345136601526104676952077782755755891584789189096989545525", "price": "0.48", "size": "3414", "side": "BUY", "hash": "c5e20351ce0d423b71e0b727864873e99a219cd0", "best_bid": "0.93", "best_ask": "0.96"}, {"asset_id": "69673263487139231624315897585768201230841320475352635832819992690850228911127", "price": "0.52", "size": "3414", "side": "SELL", "hash": "8c61468e0867c8fd7466c059ac733c7796a27ffb", "best_bid": "0.04", "best_ask": "0.07"}], "timestamp": "1769384846410", "event_type": "price_change"}}
{"_local_timestamp": "2026-01-25T23:47:27.064048+00:00", "data": {"market": "0x1b7fa10e6b102c964bbd4a7cb0a4b7a341e17fcb9f8a2c8a5d6a3b30dfb5c394", "price_changes": [{"asset_id": "115258259561547414610995893322363332894307320697384633557391293684664191320185", "price": "0.45", "size": "0", "side": "BUY", "hash": "26ebc2bd3d3e889ea6b9797e16742e34fab80003", "best_bid": "0.93", "best_ask": "0.95"}, {"asset_id": "17477959378122758499540906149943925432690452353416410038176243997158408694887", "price": "0.55", "size": "0", "side": "SELL", "hash": "be4feff083f29e5dae68f42925aa5eecbf8f854b", "best_bid": "0.05", "best_ask": "0.07"}], "timestamp": "1769384846976", "event_type": "price_change"}}
{"_local_timestamp": "2026-01-25T23:47:27.273848+00:00", "data": {"market": "0x1b7fa10e6b102c964bbd4a7cb0a4b7a341e17fcb9f8a2c8a5d6a3b30dfb5c394", "price_changes": [{"asset_id": "115258259561547414610995893322363332894307320697384633557391293684664191320185", "price": "0.45", "size": "3615", "side": "BUY", "hash": "f874d5826fb8c054c45a09c4228e3d79ed2e69e4", "best_bid": "0.93", "best_ask": "0.95"}, {"asset_id": "17477959378122758499540906149943925432690452353416410038176243997158408694887", "price": "0.55", "size": "3615", "side": "SELL", "hash": "61f9e3e3deeaefd213737b0fa5d43c27eda83592", "best_bid": "0.05", "best_ask": "0.07"}], "timestamp": "1769384847206", "event_type": "price_change"}}
{"_local_timestamp": "2026-01-25T23:47:41.299819+00:00", "data": {"market": "0x9767768d75f0fde1ad998e52b83999315cd5f45152a143a0153366915513e0d2", "price_changes": [{"asset_id": "60881151017130321740345136601526104676952077782755755891584789189096989545525", "price": "0.22", "size": "3000", "side": "BUY", "hash": "4484cec527fb61432e47567c32b429a637b24813", "best_bid": "0.93", "best_ask": "0.96"}, {"asset_id": "69673263487139231624315897585768201230841320475352635832819992690850228911127", "price": "0.78", "size": "3000", "side": "SELL", "hash": "64595019a6b28544522fe51df18a64823363dcd4", "best_bid": "0.04", "best_ask": "0.07"}], "timestamp": "1769384861237", "event_type": "price_change"}}
{"_local_timestamp": "2026-01-25T23:47:42.061708+00:00", "data": {"market": "0x9767768d75f0fde1ad998e52b83999315cd5f45152a143a0153366915513e0d2", "price_changes": [{"asset_id": "60881151017130321740345136601526104676952077782755755891584789189096989545525", "price": "0.92", "size": "1415", "side": "BUY", "hash": "6fc3d4d801468ea00c42c525016b6c4045ae1f39", "best_bid": "0.93", "best_ask": "0.96"}, {"asset_id": "69673263487139231624315897585768201230841320475352635832819992690850228911127", "price": "0.08", "size": "1415", "side": "SELL", "hash": "6e1d16b27dbbb0d7c2dd03dd43e3f787e8ffc6c5", "best_bid": "0.04", "best_ask": "0.07"}], "timestamp": "1769384861953", "event_type": "price_change"}}
{"_local_timestamp": "2026-01-25T23:47:42.298049+00:00", "data": {"market": "0x9767768d75f0fde1ad998e52b83999315cd5f45152a143a0153366915513e0d2", "price_changes": [{"asset_id": "60881151017130321740345136601526104676952077782755755891584789189096989545525", "price": "0.92", "size": "1089", "side": "BUY", "hash": "0928b14677e7bb6b308a76fff99a8cf2158474e3", "best_bid": "0.93", "best_ask": "0.96"}, {"asset_id": "69673263487139231624315897585768201230841320475352635832819992690850228911127", "price": "0.08", "size": "1089", "side": "SELL", "hash": "82974e2d52d230d0fc40d00091e4c28d8b4366ca", "best_bid": "0.04", "best_ask": "0.07"}], "timestamp": "1769384862228", "event_type": "price_change"}}
{"_local_timestamp": "2026-01-25T23:47:43.853442+00:00", "data": {"market": "0x1b7fa10e6b102c964bbd4a7cb0a4b7a341e17fcb9f8a2c8a5d6a3b30dfb5c394", "price_changes": [{"asset_id": "115258259561547414610995893322363332894307320697384633557391293684664191320185", "price": "0.14", "size": "242.85", "side": "BUY", "hash": "1167af660977d8500b083156401ec3d1ccd64e64", "best_bid": "0.93", "best_ask": "0.95"}, {"asset_id": "17477959378122758499540906149943925432690452353416410038176243997158408694887", "price": "0.86", "size": "242.85", "side": "SELL", "hash": "300bc3ab38b6d479542666bec1571d94a439081d", "best_bid": "0.05", "best_ask": "0.07"}], "timestamp": "1769384863787", "event_type": "price_change"}}
{"_local_timestamp": "2026-01-25T23:47:52.724753+00:00", "data": {"market": "0x9767768d75f0fde1ad998e52b83999315cd5f45152a143a0153366915513e0d2", "price_changes": [{"asset_id": "60881151017130321740345136601526104676952077782755755891584789189096989545525", "price": "0.22", "size": "0", "side": "BUY", "hash": "6813a4eacd3b0d812043539ed64170eceb212556", "best_bid": "0.93", "best_ask": "0.96"}, {"asset_id": "69673263487139231624315897585768201230841320475352635832819992690850228911127", "price": "0.78", "size": "0", "side": "SELL", "hash": "cbb0953e44e84969aa4e5def65960d1b7bfa59c8", "best_bid": "0.04", "best_ask": "0.07"}], "timestamp": "1769384872654", "event_type": "price_change"}}
{"_local_timestamp": "2026-01-25T23:47:55.557115+00:00", "data": {"market": "0x1b7fa10e6b102c964bbd4a7cb0a4b7a341e17fcb9f8a2c8a5d6a3b30dfb5c394", "price_changes": [{"asset_id": "115258259561547414610995893322363332894307320697384633557391293684664191320185", "price": "0.24", "size": "0", "side": "BUY", "hash": "3ec7fda87f0d6d6260105238162c4fd74a01a1e8", "best_bid": "0.93", "best_ask": "0.95"}, {"asset_id": "17477959378122758499540906149943925432690452353416410038176243997158408694887", "price": "0.76", "size": "0", "side": "SELL", "hash": "7d3ac9c338e15b25fab6a729db33cc009586cb31", "best_bid": "0.05", "best_ask": "0.07"}], "timestamp": "1769384875410", "event_type": "price_change"}}
{"_local_timestamp": "2026-01-25T23:47:55.557728+00:00", "data": {"market": "0x9767768d75f0fde1ad998e52b83999315cd5f45152a143a0153366915513e0d2", "price_changes": [{"asset_id": "60881151017130321740345136601526104676952077782755755891584789189096989545525", "price": "0.28", "size": "0", "side": "BUY", "hash": "deefdfd5104bea52be350ae222f994265e15f437", "best_bid": "0.93", "best_ask": "0.96"}, {"asset_id": "69673263487139231624315897585768201230841320475352635832819992690850228911127", "price": "0.72", "size": "0", "side": "SELL", "hash": "cfea1d922fc24e037282e8d34cac40b518c3b3fc", "best_bid": "0.04", "best_ask": "0.07"}], "timestamp": "1769384875409", "event_type": "price_change"}}
{"_local_timestamp": "2026-01-25T23:48:05.618275+00:00", "data": {"market": "0x9767768d75f0fde1ad998e52b83999315cd5f45152a143a0153366915513e0d2", "price_changes": [{"asset_id": "69673263487139231624315897585768201230841320475352635832819992690850228911127", "price": "0.02", "size": "350", "side": "BUY", "hash": "edb47b8d95ca878be968775e5a80cdac6d2d34d9", "best_bid": "0.04", "best_ask": "0.07"}, {"asset_id": "60881151017130321740345136601526104676952077782755755891584789189096989545525", "price": "0.98", "size": "350", "side": "SELL", "hash": "f544c38d12df57dab68dbf8ad8c2c693c8b0974a", "best_bid": "0.93", "best_ask": "0.96"}], "timestamp": "1769384885427", "event_type": "price_change"}}
{"_local_timestamp": "2026-01-25T23:48:05.627024+00:00", "data": {"market": "0x9767768d75f0fde1ad998e52b83999315cd5f45152a143a0153366915513e0d2", "price_changes": [{"asset_id": "69673263487139231624315897585768201230841320475352635832819992690850228911127", "price": "0.03", "size": "1838.39", "side": "BUY", "hash": "edb47b8d95ca878be968775e5a80cdac6d2d34d9", "best_bid": "0.04", "best_ask": "0.07"}, {"asset_id": "60881151017130321740345136601526104676952077782755755891584789189096989545525", "price": "0.97", "size": "1838.39", "side": "SELL", "hash": "f544c38d12df57dab68dbf8ad8c2c693c8b0974a", "best_bid": "0.93", "best_ask": "0.96"}], "timestamp": "1769384885427", "event_type": "price_change"}}
{"_local_timestamp": "2026-01-25T23:48:06.174934+00:00", "data": {"market": "0x9767768d75f0fde1ad998e52b83999315cd5f45152a143a0153366915513e0d2", "price_changes": [{"asset_id": "69673263487139231624315897585768201230841320475352635832819992690850228911127", "price": "0.03", "size": "1854.63", "side": "BUY", "hash": "f140353a71e6a748c79258dfa0654c7b8f68fb2b", "best_bid": "0.04", "best_ask": "0.07"}, {"asset_id": "60881151017130321740345136601526104676952077782755755891584789189096989545525", "price": "0.97", "size": "1854.63", "side": "SELL", "hash": "115afa70aa64d520c18ac44fd4aae7d488070189", "best_bid": "0.93", "best_ask": "0.96"}], "timestamp": "1769384885951", "event_type": "price_change"}}
{"_local_timestamp": "2026-01-25T23:48:06.175575+00:00", "data": {"market": "0x9767768d75f0fde1ad998e52b83999315cd5f45152a143a0153366915513e0d2", "price_changes": [{"asset_id": "69673263487139231624315897585768201230841320475352635832819992690850228911127", "price": "0.02", "size": "375.62", "side": "BUY", "hash": "1d831290d705b4678babb09d28ce7791b53e6340", "best_bid": "0.04", "best_ask": "0.07"}, {"asset_id": "60881151017130321740345136601526104676952077782755755891584789189096989545525", "price": "0.98", "size": "375.62", "side": "SELL", "hash": "5a41038a7f7d85549da8a0f59a3e6da0e202a429", "best_bid": "0.93", "best_ask": "0.96"}], "timestamp": "1769384885953", "event_type": "price_change"}}
{"_local_timestamp": "2026-01-25T23:48:20.196654+00:00", "data": {"market": "0x1b7fa10e6b102c964bbd4a7cb0a4b7a341e17fcb9f8a2c8a5d6a3b30dfb5c394", "price_changes": [{"asset_id": "115258259561547414610995893322363332894307320697384633557391293684664191320185", "price": "0.14", "size": "3242.85", "side": "BUY", "hash": "d4a58f3640bdb326cc0eac57f80a987c99fc5241", "best_bid": "0.93", "best_ask": "0.95"}, {"asset_id": "17477959378122758499540906149943925432690452353416410038176243997158408694887", "price": "0.86", "size": "3242.85", "side": "SELL", "hash": "71583b3bc0e037e30f452b60f2972caa44f9452d", "best_bid": "0.05", "best_ask": "0.07"}], "timestamp": "1769384899978", "event_type": "price_change"}}
{"_local_timestamp": "2026-01-25T23:48:21.354373+00:00", "data": {"market": "0x1b7fa10e6b102c964bbd4a7cb0a4b7a341e17fcb9f8a2c8a5d6a3b30dfb5c394", "price_changes": [{"asset_id": "115258259561547414610995893322363332894307320697384633557391293684664191320185", "price": "0.26", "size": "1614", "side": "BUY", "hash": "45545036e810b23f6a79e2771dbb32e44865e0be", "best_bid": "0.93", "best_ask": "0.95"}, {"asset_id": "17477959378122758499540906149943925432690452353416410038176243997158408694887", "price": "0.74", "size": "1614", "side": "SELL", "hash": "9c4487bcc758269216703c101c2a686cd9730f5b", "best_bid": "0.05", "best_ask": "0.07"}], "timestamp": "1769384901082", "event_type": "price_change"}}
{"_local_timestamp": "2026-01-25T23:48:22.149956+00:00", "data": {"market": "0x9767768d75f0fde1ad998e52b83999315cd5f45152a143a0153366915513e0d2", "price_changes": [{"asset_id": "60881151017130321740345136601526104676952077782755755891584789189096989545525", "price": "0.56", "size": "0", "side": "BUY", "hash": "22200b79ffc573d4053e8ffcaaa09997e488a8c6", "best_bid": "0.93", "best_ask": "0.96"}, {"asset_id": "69673263487139231624315897585768201230841320475352635832819992690850228911127", "price": "0.44", "size": "0", "side": "SELL", "hash": "fd5078f1fa447eee5b5278a54efb8713d9c4498c", "best_bid": "0.04", "best_ask": "0.07"}], "timestamp": "1769384901942", "event_type": "price_change"}}
{"_local_timestamp": "2026-01-25T23:48:22.296441+00:00", "data": {"market": "0x9767768d75f0fde1ad998e52b83999315cd5f45152a143a0153366915513e0d2", "price_changes": [{"asset_id": "60881151017130321740345136601526104676952077782755755891584789189096989545525", "price": "0.58", "size": "10", "side": "BUY", "hash": "70de83335f51994c5ed2c0928e1b708a972c81eb", "best_bid": "0.93", "best_ask": "0.96"}, {"asset_id": "69673263487139231624315897585768201230841320475352635832819992690850228911127", "price": "0.42", "size": "10", "side": "SELL", "hash": "bec09abeb825e630b8e162ae03d4b1cce86f879b", "best_bid": "0.04", "best_ask": "0.07"}], "timestamp": "1769384902042", "event_type": "price_change"}}
{"_local_timestamp": "2026-01-25T23:48:22.533851+00:00", "data": {"market": "0x1b7fa10e6b102c964bbd4a7cb0a4b7a341e17fcb9f8a2c8a5d6a3b30dfb5c394", "price_changes": [{"asset_id": "115258259561547414610995893322363332894307320697384633557391293684664191320185", "price": "0.92", "size": "852.29", "side": "BUY", "hash": "c024d8aeed5c23b11085c3889449c2992fa4697f", "best_bid": "0.93", "best_ask": "0.95"}, {"asset_id": "17477959378122758499540906149943925432690452353416410038176243997158408694887", "price": "0.08", "size": "852.29", "side": "SELL", "hash": "202f817bf2af70fb449829d7b4dd6c2728292d9b", "best_bid": "0.05", "best_ask": "0.07"}], "timestamp": "1769384902308", "event_type": "price_change"}}
{"_local_timestamp": "2026-01-25T23:48:22.861329+00:00", "data": {"market": "0x1b7fa10e6b102c964bbd4a7cb0a4b7a341e17fcb9f8a2c8a5d6a3b30dfb5c394", "price_changes": [{"asset_id": "115258259561547414610995893322363332894307320697384633557391293684664191320185", "price": "0.92", "size": "610.99", "side": "BUY", "hash": "284c84068b1c86fe861f26c70eae94b4c2ad301e", "best_bid": "0.93", "best_ask": "0.95"}, {"asset_id": "17477959378122758499540906149943925432690452353416410038176243997158408694887", "price": "0.08", "size": "610.99", "side": "SELL", "hash": "8ff6749eba0499d9148a47ed71e0e779639caf2d", "best_bid": "0.05", "best_ask": "0.07"}], "timestamp": "1769384902664", "event_type": "price_change"}}
{"_local_timestamp": "2026-01-25T23:48:25.509465+00:00", "data": {"market": "0x9767768d75f0fde1ad998e52b83999315cd5f45152a143a0153366915513e0d2", "price_changes": [{"asset_id": "60881151017130321740345136601526104676952077782755755891584789189096989545525", "price": "0.22", "size": "3000", "side": "BUY", "hash": "de92c3cd2fba6aa7c0a72a475f9ed14c5982c2ae", "best_bid": "0.93", "best_ask": "0.96"}, {"asset_id": "69673263487139231624315897585768201230841320475352635832819992690850228911127", "price": "0.78", "size": "3000", "side": "SELL", "hash": "fe1f96336458bddb372b0f660b41615c8d8c2e9f", "best_bid": "0.04", "best_ask": "0.07"}], "timestamp": "1769384905264", "event_type": "price_change"}}
{"_local_timestamp": "2026-01-25T23:48:27.211299+00:00", "data": {"market": "0x9767768d75f0fde1ad998e52b83999315cd5f45152a143a0153366915513e0d2", "price_changes": [{"asset_id": "60881151017130321740345136601526104676952077782755755891584789189096989545525", "price": "0.57", "size": "0", "side": "BUY", "hash": "30b18d688354d04bc8360d7cb876018bab340390", "best_bid": "0.93", "best_ask": "0.96"}, {"asset_id": "69673263487139231624315897585768201230841320475352635832819992690850228911127", "price": "0.43", "size": "0", "side": "SELL", "hash": "8eec6d099e6fdd2dcdfdddfe7ba9dc23504cec42", "best_bid": "0.04", "best_ask": "0.07"}], "timestamp": "1769384906969", "event_type": "price_change"}}
{"_local_timestamp": "2026-01-25T23:48:27.238747+00:00", "data": {"market": "0x9767768d75f0fde1ad998e52b83999315cd5f45152a143a0153366915513e0d2", "price_changes": [{"asset_id": "60881151017130321740345136601526104676952077782755755891584789189096989545525", "price": "0.59", "size": "20", "side": "BUY", "hash": "7921575690a96248b5dbcf8d9e3890f4e81de04f", "best_bid": "0.93", "best_ask": "0.96"}, {"asset_id": "69673263487139231624315897585768201230841320475352635832819992690850228911127", "price": "0.41", "size": "20", "side": "SELL", "hash": "584468071802a28d6602cf529c9be8545dcb2e03", "best_bid": "0.04", "best_ask": "0.07"}], "timestamp": "1769384906997", "event_type": "price_change"}}
{"_local_timestamp": "2026-01-25T23:48:36.250278+00:00", "data": {"market": "0x1b7fa10e6b102c964bbd4a7cb0a4b7a341e17fcb9f8a2c8a5d6a3b30dfb5c394", "price_changes": [{"asset_id": "17477959378122758499540906149943925432690452353416410038176243997158408694887", "price": "0.03", "size": "2767.34", "side": "BUY", "hash": "45405ef140a77de2cb91beb4c5bd5c440d38f563", "best_bid": "0.05", "best_ask": "0.07"}, {"asset_id": "115258259561547414610995893322363332894307320697384633557391293684664191320185", "price": "0.97", "size": "2767.34", "side": "SELL", "hash": "e3e88ae6978b4e0334ad19da59bcbe7ee6c3e2a8", "best_bid": "0.93", "best_ask": "0.95"}], "timestamp": "1769384916001", "event_type": "price_change"}}
{"_local_timestamp": "2026-01-25T23:48:38.367253+00:00", "data": {"market": "0x1b7fa10e6b102c964bbd4a7cb0a4b7a341e17fcb9f8a2c8a5d6a3b30dfb5c394", "price_changes": [{"asset_id": "17477959378122758499540906149943925432690452353416410038176243997158408694887", "price": "0.03", "size": "2787.34", "side": "BUY", "hash": "7b95adc35dbf7ccd0806391dbd58f414638e7f22", "best_bid": "0.05", "best_ask": "0.07"}, {"asset_id": "115258259561547414610995893322363332894307320697384633557391293684664191320185", "price": "0.97", "size": "2787.34", "side": "SELL", "hash": "d5ccaaa484507f4459b84fe5fa7fb7341fb5b31f", "best_bid": "0.93", "best_ask": "0.95"}], "timestamp": "1769384918088", "event_type": "price_change"}}
{"_local_timestamp": "2026-01-25T23:48:39.707646+00:00", "data": {"market": "0x9767768d75f0fde1ad998e52b83999315cd5f45152a143a0153366915513e0d2", "price_changes": [{"asset_id": "60881151017130321740345136601526104676952077782755755891584789189096989545525", "price": "0.24", "size": "1864.66", "side": "BUY", "hash": "651e9afb7b1ad0f5c38af685aa9b12d7cd8c860f", "best_bid": "0.93", "best_ask": "0.96"}, {"asset_id": "69673263487139231624315897585768201230841320475352635832819992690850228911127", "price": "0.76", "size": "1864.66", "side": "SELL", "hash": "841fbcb4eae800357a6ac354510f74009a02efd7", "best_bid": "0.04", "best_ask": "0.07"}], "timestamp": "1769384919487", "event_type": "price_change"}}
{"_local_timestamp": "2026-01-25T23:48:40.831116+00:00", "data": {"market": "0x9767768d75f0fde1ad998e52b83999315cd5f45152a143a0153366915513e0d2", "price_changes": [{"asset_id": "60881151017130321740345136601526104676952077782755755891584789189096989545525", "price": "0.92", "size": "1415", "side": "BUY", "hash": "b495665295b6ae10a760860912181d1546135ecd", "best_bid": "0.93", "best_ask": "0.96"}, {"asset_id": "69673263487139231624315897585768201230841320475352635832819992690850228911127", "price": "0.08", "size": "1415", "side": "SELL", "hash": "bb4f01a7bb396cd79b34cfe8b25502e782c2c98b", "best_bid": "0.04", "best_ask": "0.07"}], "timestamp": "1769384920604", "event_type": "price_change"}}
{"_local_timestamp": "2026-01-25T23:48:41.166585+00:00", "data": {"market": "0x9767768d75f0fde1ad998e52b83999315cd5f45152a143a0153366915513e0d2", "price_changes": [{"asset_id": "60881151017130321740345136601526104676952077782755755891584789189096989545525", "price": "0.92", "size": "1089", "side": "BUY", "hash": "b5cbb6ce431a57f05fd8f37f15d04f3074c75aa4", "best_bid": "0.93", "best_ask": "0.96"}, {"asset_id": "69673263487139231624315897585768201230841320475352635832819992690850228911127", "price": "0.08", "size": "1089", "side": "SELL", "hash": "871425361fb737da3a849a8a24e542d849d64a11", "best_bid": "0.04", "best_ask": "0.07"}], "timestamp": "1769384920928", "event_type": "price_change"}}
{"_local_timestamp": "2026-01-25T23:48:57.395820+00:00", "data": {"market": "0x1b7fa10e6b102c964bbd4a7cb0a4b7a341e17fcb9f8a2c8a5d6a3b30dfb5c394", "price_changes": [{"asset_id": "115258259561547414610995893322363332894307320697384633557391293684664191320185", "price": "0.14", "size": "242.85", "side": "BUY", "hash": "603ac112dabcbbd6fa8f28a06801e32df7f94805", "best_bid": "0.93", "best_ask": "0.95"}, {"asset_id": "17477959378122758499540906149943925432690452353416410038176243997158408694887", "price": "0.86", "size": "242.85", "side": "SELL", "hash": "b9186e888f39e1879d25709b4f27442f9eb146ca", "best_bid": "0.05", "best_ask": "0.07"}], "timestamp": "1769384937326", "event_type": "price_change"}}
{"_local_timestamp": "2026-01-25T23:48:57.724610+00:00", "data": {"market": "0x1b7fa10e6b102c964bbd4a7cb0a4b7a341e17fcb9f8a2c8a5d6a3b30dfb5c394", "price_changes": [{"asset_id": "17477959378122758499540906149943925432690452353416410038176243997158408694887", "price": "0.02", "size": "5250", "side": "BUY", "hash": "012bb1e4f93dafb30fc11c4137f1ed4e53406d05", "best_bid": "0.05", "best_ask": "0.07"}, {"asset_id": "115258259561547414610995893322363332894307320697384633557391293684664191320185", "price": "0.98", "size": "5250", "side": "SELL", "hash": "1056a25ad6491565c0de52f1d02cf0e16f4938d1", "best_bid": "0.93", "best_ask": "0.95"}], "timestamp": "1769384937645", "event_type": "price_change"}}
{"_local_timestamp": "2026-01-25T23:48:57.725345+00:00", "data": {"market": "0x1b7fa10e6b102c964bbd4a7cb0a4b7a341e17fcb9f8a2c8a5d6a3b30dfb5c394", "price_changes": [{"asset_id": "17477959378122758499540906149943925432690452353416410038176243997158408694887", "price": "0.03", "size": "2770", "side": "BUY", "hash": "012bb1e4f93dafb30fc11c4137f1ed4e53406d05", "best_bid": "0.05", "best_ask": "0.07"}, {"asset_id": "115258259561547414610995893322363332894307320697384633557391293684664191320185", "price": "0.97", "size": "2770", "side": "SELL", "hash": "1056a25ad6491565c0de52f1d02cf0e16f4938d1", "best_bid": "0.93", "best_ask": "0.95"}], "timestamp": "1769384937645", "event_type": "price_change"}}
{"_local_timestamp": "2026-01-25T23:48:58.173417+00:00", "data": {"market": "0x1b7fa10e6b102c964bbd4a7cb0a4b7a341e17fcb9f8a2c8a5d6a3b30dfb5c394", "price_changes": [{"asset_id": "17477959378122758499540906149943925432690452353416410038176243997158408694887", "price": "0.02", "size": "5277.09", "side": "BUY", "hash": "67813d516c53279d0476243bb16ef19578e143f3", "best_bid": "0.05", "best_ask": "0.07"}, {"asset_id": "115258259561547414610995893322363332894307320697384633557391293684664191320185", "price": "0.98", "size": "5277.09", "side": "SELL", "hash": "d9d695c4b10e26530634290209208f3406f1ec76", "best_bid": "0.93", "best_ask": "0.95"}], "timestamp": "1769384938099", "event_type": "price_change"}}
{"_local_timestamp": "2026-01-25T23:48:58.191571+00:00", "data": {"market": "0x1b7fa10e6b102c964bbd4a7cb0a4b7a341e17fcb9f8a2c8a5d6a3b30dfb5c394", "price_changes": [{"asset_id": "17477959378122758499540906149943925432690452353416410038176243997158408694887", "price": "0.03", "size": "2787.34", "side": "BUY", "hash": "ef7537c416ca14f23842dcb9873002894235de65", "best_bid": "0.05", "best_ask": "0.07"}, {"asset_id": "115258259561547414610995893322363332894307320697384633557391293684664191320185", "price": "0.97", "size": "2787.34", "side": "SELL", "hash": "238d6290fe19be67d348687db01b11cbdfd2f588", "best_bid": "0.93", "best_ask": "0.95"}], "timestamp": "1769384938106", "event_type": "price_change"}}
{"_local_timestamp": "2026-01-25T23:48:58.192278+00:00", "data": {"market": "0x1b7fa10e6b102c964bbd4a7cb0a4b7a341e17fcb9f8a2c8a5d6a3b30dfb5c394", "price_changes": [{"asset_id": "17477959378122758499540906149943925432690452353416410038176243997158408694887", "price": "0.04", "size": "233.5", "side": "BUY", "hash": "38e03c138b0bde428d965d4ac7beb72549ca0688", "best_bid": "0.05", "best_ask": "0.07"}, {"asset_id": "115258259561547414610995893322363332894307320697384633557391293684664191320185", "price": "0.96", "size": "233.5", "side": "SELL", "hash": "8254c724b636192e4be30153d68e54e577c98117", "best_bid": "0.93", "best_ask": "0.95"}], "timestamp": "1769384938116", "event_type": "price_change"}}
{"_local_timestamp": "2026-01-25T23:49:07.146162+00:00", "data": {"market": "0x1b7fa10e6b102c964bbd4a7cb0a4b7a341e17fcb9f8a2c8a5d6a3b30dfb5c394", "price_changes": [{"asset_id": "115258259561547414610995893322363332894307320697384633557391293684664191320185", "price": "0.14", "size": "3242.85", "side": "BUY", "hash": "21644ca68c0b6604460e98a55bcc64e4fd8c7e00", "best_bid": "0.93", "best_ask": "0.95"}, {"asset_id": "17477959378122758499540906149943925432690452353416410038176243997158408694887", "price": "0.86", "size": "3242.85", "side": "SELL", "hash": "9944640c002e88c4c4fef3c48125566e793a190f", "best_bid": "0.05", "best_ask": "0.07"}], "timestamp": "1769384947081", "event_type": "price_change"}}
{"_local_timestamp": "2026-01-25T23:49:16.875750+00:00", "data": {"market": "0x9767768d75f0fde1ad998e52b83999315cd5f45152a143a0153366915513e0d2", "price_changes": [{"asset_id": "60881151017130321740345136601526104676952077782755755891584789189096989545525", "price": "0.58", "size": "0", "side": "BUY", "hash": "1d5d92e86d528df60df039a6629997cdd41e80a0", "best_bid": "0.93", "best_ask": "0.96"}, {"asset_id": "69673263487139231624315897585768201230841320475352635832819992690850228911127", "price": "0.42", "size": "0", "side": "SELL", "hash": "8d5f8bc60701e39a9a705295d49d033ab22a0b69", "best_bid": "0.04", "best_ask": "0.07"}], "timestamp": "1769384956800", "event_type": "price_change"}}
{"_local_timestamp": "2026-01-25T23:49:16.960441+00:00", "data": {"market": "0x9767768d75f0fde1ad998e52b83999315cd5f45152a143a0153366915513e0d2", "price_changes": [{"asset_id": "60881151017130321740345136601526104676952077782755755891584789189096989545525", "price": "0.6", "size": "10", "side": "BUY", "hash": "9bff48bae152a4e16c110caeca52a751228f3ed1", "best_bid": "0.93", "best_ask": "0.96"}, {"asset_id": "69673263487139231624315897585768201230841320475352635832819992690850228911127", "price": "0.4", "size": "10", "side": "SELL", "hash": "1574dcdf04eff4fb388e3d64c29e4628a40b8b7d", "best_bid": "0.04", "best_ask": "0.07"}], "timestamp": "1769384956892", "event_type": "price_change"}}
{"_local_timestamp": "2026-01-25T23:49:17.847252+00:00", "data": {"market": "0x9767768d75f0fde1ad998e52b83999315cd5f45152a143a0153366915513e0d2", "price_changes": [{"asset_id": "60881151017130321740345136601526104676952077782755755891584789189096989545525", "price": "0.22", "size": "0", "side": "BUY", "hash": "b43638ebe75540eb9c722bc6755c4dbbd35fe62b", "best_bid": "0.93", "best_ask": "0.96"}, {"asset_id": "69673263487139231624315897585768201230841320475352635832819992690850228911127", "price": "0.78", "size": "0", "side": "SELL", "hash": "aa44b1b48d97661149a9c14771286bbeb3fa9470", "best_bid": "0.04", "best_ask": "0.07"}], "timestamp": "1769384957776", "event_type": "price_change"}}
{"_local_timestamp": "2026-01-25T23:49:20.426611+00:00", "data": {"market": "0x9767768d75f0fde1ad998e52b83999315cd5f45152a143a0153366915513e0d2", "price_changes": [{"asset_id": "60881151017130321740345136601526104676952077782755755891584789189096989545525", "price": "0.59", "size": "0", "side": "BUY", "hash": "0343858654ae731b04eb646146a507c618fecb1f", "best_bid": "0.93", "best_ask": "0.96"}, {"asset_id": "69673263487139231624315897585768201230841320475352635832819992690850228911127", "price": "0.41", "size": "0", "side": "SELL", "hash": "ea09d52d20a732d6e6c2fb2fea378015b3e16b61", "best_bid": "0.04", "best_ask": "0.07"}], "timestamp": "1769384960358", "event_type": "price_change"}}
{"_local_timestamp": "2026-01-25T23:49:20.448376+00:00", "data": {"market": "0x9767768d75f0fde1ad998e52b83999315cd5f45152a143a0153366915513e0d2", "price_changes": [{"asset_id": "60881151017130321740345136601526104676952077782755755891584789189096989545525", "price": "0.61", "size": "20", "side": "BUY", "hash": "25bc5e4f6f48430be58aa6ab1fcdb2f9f4f2cd58", "best_bid": "0.93", "best_ask": "0.96"}, {"asset_id": "69673263487139231624315897585768201230841320475352635832819992690850228911127", "price": "0.39", "size": "20", "side": "SELL", "hash": "e340c53decffd5e6f436cea0e90913aa57e7b984", "best_bid": "0.04", "best_ask": "0.07"}], "timestamp": "1769384960382", "event_type": "price_change"}}
