{"_local_timestamp": "2026-01-25T23:33:24.594100+00:00", "data": [{"market": "0x0a1b551058f78174cf64ed9d61edb103a76c4df88232ee1188dbc9e390896e7d", "asset_id": "56474994774559829851462437736234567725783260130778254578352001078848194168934", "timestamp": "1769383975852", "hash": "c0c10f6c0a9a29de53baa0d0e5b6c75d871d72f5", "bids": [{"price": "0.01", "size": "5510.19"}, {"price": "0.02", "size": "2000"}, {"price": "0.03", "size": "10.64"}, {"price": "0.05", "size": "300"}, {"price": "0.07", "size": "300"}, {"price": "0.1", "size": "800"}, {"price": "0.11", "size": "5.26"}, {"price": "0.13", "size": "325"}, {"price": "0.14", "size": "162"}, {"price": "0.2", "size": "300"}, {"price": "0.22", "size": "9"}, {"price": "0.23", "size": "100"}, {"price": "0.34", "size": "100"}, {"price": "0.35", "size": "66.66"}, {"price": "0.46", "size": "28.26"}, {"price": "0.47", "size": "23.4"}, {"price": "0.48", "size": "66.66"}, {"price": "0.5", "size": "300"}, {"price": "0.52", "size": "100"}, {"price": "0.55", "size": "66.66"}, {"price": "0.56", "size": "67.85"}, {"price": "0.57", "size": "5"}], "asks": [{"price": "0.99", "size": "2110.84"}, {"price": "0.98", "size": "750"}, {"price": "0.97", "size": "5.6"}, {"price": "0.93", "size": "585.33"}, {"price": "0.81", "size": "20"}, {"price": "0.8", "size": "200"}, {"price": "0.79", "size": "72.93"}, {"price": "0.78", "size": "50"}, {"price": "0.77", "size": "256.52"}, {"price": "0.72", "size": "72.93"}, {"price": "0.71", "size": "50"}], "event_type": "book", "last_trade_price": "0.350"}, {"market": "0x0a1b551058f78174cf64ed9d61edb103a76c4df88232ee1188dbc9e390896e7d", "asset_id": "68841043137419682742407917950323128757425564408860523030307999893432460743024", "timestamp": "1769383975852", "hash": "7ad63fdc3b13860bce1510dfd7c9b4d7599e2f94", "bids": [{"price": "0.01", "size": "2110.84"}, {"price": "0.02", "size": "750"}, {"price": "0.03", "size": "5.6"}, {"price": "0.07", "size": "585.33"}, {"price": "0.19", "size": "20"}, {"price": "0.2", "size": "200"}, {"price": "0.21", "size": "72.93"}, {"price": "0.22", "size": "50"}, {"price": "0.23", "size": "256.52"}, {"price": "0.28", "size": "72.93"}, {"price": "0.29", "size": "50"}], "asks": [{"price": "0.99", "size": "5510.19"}, {"price": "0.98", "size": "2000"}, {"price": "0.97", "size": "10.64"}, {"price": "0.95", "size": "300"}, {"price": "0.93", "size": "300"}, {"price": "0.9", "size": "800"}, {"price": "0.89", "size": "5.26"}, {"price": "0.87", "size": "325"}, {"price": "0.86", "size": "162"}, {"price": "0.8", "size": "300"}, {"price": "0.78", "size": "9"}, {"price": "0.77", "size": "100"}, {"price": "0.66", "size": "100"}, {"price": "0.65", "size": "66.66"}, {"price": "0.54", "size": "28.26"}, {"price": "0.53", "size": "23.4"}, {"price": "0.52", "size": "66.66"}, {"price": "0.5", "size": "300"}, {"price": "0.48", "size": "100"}, {"price": "0.45", "size": "66.66"}, {"price": "0.44", "size": "67.85"}, {"price": "0.43", "size": "5"}], "event_type": "book", "last_trade_price": "0.350"}]}
{"_local_timestamp": "2026-01-25T23:33:50.231936+00:00", "data": {"market": "0x0a1b551058f78174cf64ed9d61edb103a76c4df88232ee1188dbc9e390896e7d", "price_changes": [{"asset_id": "56474994774559829851462437736234567725783260130778254578352001078848194168934", "price": "0.56", "size": "0", "side": "BUY", "hash": "1e6e0ea27f7cc01c0196e8d13cf586bb827770f6", "best_bid": "0.57", "best_ask": "0.71"}, {"asset_id": "68841043137419682742407917950323128757425564408860523030307999893432460743024", "price": "0.44", "size": "0", "side": "SELL", "hash": "f08491d23481048becbcdce5af01bbae6afc9ae5", "best_bid": "0.29", "best_ask": "0.43"}], "timestamp": "1769384030159", "event_type": "price_change"}}
{"_local_timestamp": "2026-01-25T23:34:01.661945+00:00", "data": {"market": "0x0a1b551058f78174cf64ed9d61edb103a76c4df88232ee1188dbc9e390896e7d", "price_changes": [{"asset_id": "68841043137419682742407917950323128757425564408860523030307999893432460743024", "price": "0.02", "size": "1150", "side": "BUY", "hash": "17f1a2a1046260c6ac20d17b56aab1d7867bec47", "best_bid": "0.29", "best_ask": "0.43"}, {"asset_id": "56474994774559829851462437736234567725783260130778254578352001078848194168934", "price": "0.98", "size": "1150", "side": "SELL", "hash": "09eeb1e0e38cc975f0b28c2e7fadc4402d0c7ccb", "best_bid": "0.57", "best_ask": "0.71"}], "timestamp": "1769384041563", "event_type": "price_change"}}
{"_local_timestamp": "2026-01-25T23:34:01.667061+00:00", "data": {"market": "0x0a1b551058f78174cf64ed9d61edb103a76c4df88232ee1188dbc9e390896e7d", "price_changes": [{"asset_id": "68841043137419682742407917950323128757425564408860523030307999893432460743024", "price": "0.01", "size": "3110.84", "side": "BUY", "hash": "802a096cee9116e19092e5f3a88f615a227fde31", "best_bid": "0.29", "best_ask": "0.43"}, {"asset_id": "56474994774559829851462437736234567725783260130778254578352001078848194168934", "price": "0.99", "size": "3110.84", "side": "SELL", "hash": "60a194348048af768689eb61c108a74869464770", "best_bid": "0.57", "best_ask": "0.71"}], "timestamp": "1769384041567", "event_type": "price_change"}}
{"_local_timestamp": "2026-01-25T23:34:23.116548+00:00", "data": {"market": "0x0a1b551058f78174cf64ed9d61edb103a76c4df88232ee1188dbc9e390896e7d", "price_changes": [{"asset_id": "68841043137419682742407917950323128757425564408860523030307999893432460743024", "price": "0.07", "size": "575", "side": "BUY", "hash": "296afdf59a044414315c7dcc50b51aaa727ff46d", "best_bid": "0.29", "best_ask": "0.43"}, {"asset_id": "56474994774559829851462437736234567725783260130778254578352001078848194168934", "price": "0.93", "size": "575", "side": "SELL", "hash": "2fbea221ce3a09d5d0046b624e00c1d4f2754272", "best_bid": "0.57", "best_ask": "0.71"}], "timestamp": "1769384063041", "event_type": "price_change"}}
{"_local_timestamp": "2026-01-25T23:34:23.356753+00:00", "data": {"market": "0x0a1b551058f78174cf64ed9d61edb103a76c4df88232ee1188dbc9e390896e7d", "price_changes": [{"asset_id": "68841043137419682742407917950323128757425564408860523030307999893432460743024", "price": "0.08", "size": "9.04", "side": "BUY", "hash": "12d26b4329938a99c4ffef60e7bc38a0fe8c0a70", "best_bid": "0.29", "best_ask": "0.43"}, {"asset_id": "56474994774559829851462437736234567725783260130778254578352001078848194168934", "price": "0.92", "size": "9.04", "side": "SELL", "hash": "ac756719bb260a98b165338a91952f5137aab8af", "best_bid": "0.57", "best_ask": "0.71"}], "timestamp": "1769384063281", "event_type": "price_change"}}
{"_local_timestamp": "2026-01-25T23:34:23.652249+00:00", "data": {"market": "0x0a1b551058f78174cf64ed9d61edb103a76c4df88232ee1188dbc9e390896e7d", "price_changes": [{"asset_id": "68841043137419682742407917950323128757425564408860523030307999893432460743024", "price": "0.28", "size": "0", "side": "BUY", "hash": "78fe5e679b5510ced3813ec72c36a290e81ef595", "best_bid": "0.29", "best_ask": "0.43"}, {"asset_id": "56474994774559829851462437736234567725783260130778254578352001078848194168934", "price": "0.72", "size": "0", "side": "SELL", "hash": "8c100ab35fe3d46bc031aca550af644409e50b68", "best_bid": "0.57", "best_ask": "0.71"}], "timestamp": "1769384063579", "event_type": "price_change"}}
{"_local_timestamp": "2026-01-25T23:34:23.659918+00:00", "data": {"market": "0x0a1b551058f78174cf64ed9d61edb103a76c4df88232ee1188dbc9e390896e7d", "price_changes": [{"asset_id": "68841043137419682742407917950323128757425564408860523030307999893432460743024", "price": "0.21", "size": "0", "side": "BUY", "hash": "78fe5e679b5510ced3813ec72c36a290e81ef595", "best_bid": "0.29", "best_ask": "0.43"}, {"asset_id": "56474994774559829851462437736234567725783260130778254578352001078848194168934", "price": "0.79", "size": "0", "side": "SELL", "hash": "8c100ab35fe3d46bc031aca550af644409e50b68", "best_bid": "0.57", "best_ask": "0.71"}], "timestamp": "1769384063579", "event_type": "price_change"}}
{"_local_timestamp": "2026-01-25T23:34:24.287194+00:00", "data": {"market": "0x0a1b551058f78174cf64ed9d61edb103a76c4df88232ee1188dbc9e390896e7d", "price_changes": [{"asset_id": "68841043137419682742407917950323128757425564408860523030307999893432460743024", "price": "0.25", "size": "48.62", "side": "BUY", "hash": "7ee39f1565b81685995f1a03021ee3d51c4122a6", "best_bid": "0.29", "best_ask": "0.43"}, {"asset_id": "56474994774559829851462437736234567725783260130778254578352001078848194168934", "price": "0.75", "size": "48.62", "side": "SELL", "hash": "ebe73a81fb1e716a087fd0c2c458fb99776ed6ae", "best_bid": "0.57", "best_ask": "0.71"}], "timestamp": "1769384064221", "event_type": "price_change"}}
{"_local_timestamp": "2026-01-25T23:34:24.295498+00:00", "data": {"market": "0x0a1b551058f78174cf64ed9d61edb103a76c4df88232ee1188dbc9e390896e7d", "price_changes": [{"asset_id": "68841043137419682742407917950323128757425564408860523030307999893432460743024", "price": "0.3", "size": "48.62", "side": "BUY", "hash": "a51d33a3a85cc97a55a6c47777254ab64174a24e", "best_bid": "0.3", "best_ask": "0.43"}, {"asset_id": "56474994774559829851462437736234567725783260130778254578352001078848194168934", "price": "0.7", "size": "48.62", "side": "SELL", "hash": "d030104e5bcbd8ef8e8747ebbb1266a90426313a", "best_bid": "0.57", "best_ask": "0.7"}], "timestamp": "1769384064224", "event_type": "price_change"}}
{"_local_timestamp": "2026-01-25T23:34:24.333379+00:00", "data": {"market": "0x0a1b551058f78174cf64ed9d61edb103a76c4df88232ee1188dbc9e390896e7d", "price_changes": [{"asset_id": "68841043137419682742407917950323128757425564408860523030307999893432460743024", "price": "0.21", "size": "48.62", "side": "BUY", "hash": "c4d4520671e995e564b674136e311bbdf06eb8bb", "best_bid": "0.3", "best_ask": "0.43"}, {"asset_id": "56474994774559829851462437736234567725783260130778254578352001078848194168934", "price": "0.79", "size": "48.62", "side": "SELL", "hash": "9253433d5e007ae5502546bb9df949eb3d8b12db", "best_bid": "0.57", "best_ask": "0.7"}], "timestamp": "1769384064264", "event_type": "price_change"}}
{"_local_timestamp": "2026-01-25T23:35:17.290036+00:00", "data": {"market": "0x0a1b551058f78174cf64ed9d61edb103a76c4df88232ee1188dbc9e390896e7d", "price_changes": [{"asset_id": "56474994774559829851462437736234567725783260130778254578352001078848194168934", "price": "0.56", "size": "67.85", "side": "BUY", "hash": "db52e64c85fd69a5c222cba7e890a63d3d2713cc", "best_bid": "0.57", "best_ask": "0.7"}, {"asset_id": "68841043137419682742407917950323128757425564408860523030307999893432460743024", "price": "0.44", "size": "67.85", "side": "SELL", "hash": "f52afcb0d645372cee04c40336cff7029229fb19", "best_bid": "0.3", "best_ask": "0.43"}], "timestamp": "1769384117191", "event_type": "price_change"}}
{"_local_timestamp": "2026-01-25T23:35:31.368945+00:00", "data": {"market": "0x0a1b551058f78174cf64ed9d61edb103a76c4df88232ee1188dbc9e390896e7d", "price_changes": [{"asset_id": "68841043137419682742407917950323128757425564408860523030307999893432460743024", "price": "0.29", "size": "25", "side": "BUY", "hash": "9992212ccb9cea634853fdb80898b5886dfe02ef", "best_bid": "0.3", "best_ask": "0.43"}, {"asset_id": "56474994774559829851462437736234567725783260130778254578352001078848194168934", "price": "0.71", "size": "25", "side": "SELL", "hash": "11e92de3e27caf15707ec925bab9be3749ca4fa2", "best_bid": "0.57", "best_ask": "0.7"}], "timestamp": "1769384131246", "event_type": "price_change"}}
{"_local_timestamp": "2026-01-25T23:36:33.453037+00:00", "data": {"market": "0x0a1b551058f78174cf64ed9d61edb103a76c4df88232ee1188dbc9e390896e7d", "price_changes": [{"asset_id": "68841043137419682742407917950323128757425564408860523030307999893432460743024", "price": "0.31", "size": "29", "side": "BUY", "hash": "5df08910123b5c77457404504ad03dd95172d65e", "best_bid": "0.31", "best_ask": "0.43"}, {"asset_id": "56474994774559829851462437736234567725783260130778254578352001078848194168934", "price": "0.69", "size": "29", "side": "SELL", "hash": "4bb63a3deff79cc8a9794eacc47ad0d1c78b7cc5", "best_bid": "0.57", "best_ask": "0.69"}], "timestamp": "1769384193382", "event_type": "price_change"}}
{"_local_timestamp": "2026-01-25T23:36:35.105303+00:00", "data": {"market": "0x0a1b551058f78174cf64ed9d61edb103a76c4df88232ee1188dbc9e390896e7d", "price_changes": [{"asset_id": "68841043137419682742407917950323128757425564408860523030307999893432460743024", "price": "0.29", "size": "0", "side": "BUY", "hash": "9ddf7233bfbc48f2804707c619d7b6aec1656ebf", "best_bid": "0.31", "best_ask": "0.43"}, {"asset_id": "56474994774559829851462437736234567725783260130778254578352001078848194168934", "price": "0.71", "size": "0", "side": "SELL", "hash": "78d076a68c6b8857ee3d416ad05d0c0c50dd2c46", "best_bid": "0.57", "best_ask": "0.69"}], "timestamp": "1769384195033", "event_type": "price_change"}}
{"_local_timestamp": "2026-01-25T23:36:55.222115+00:00", "data": {"market": "0x0a1b551058f78174cf64ed9d61edb103a76c4df88232ee1188dbc9e390896e7d", "price_changes": [{"asset_id": "56474994774559829851462437736234567725783260130778254578352001078848194168934", "price": "0.13", "size": "125", "side": "BUY", "hash": "214fd3cc6c47fa0f8b6257284340dc9827a06843", "best_bid": "0.57", "best_ask": "0.69"}, {"asset_id": "68841043137419682742407917950323128757425564408860523030307999893432460743024", "price": "0.87", "size": "125", "side": "SELL", "hash": "7a08777227bcc82c532f624b616053bde2aa2713", "best_bid": "0.31", "best_ask": "0.43"}], "timestamp": "1769384215019", "event_type": "price_change"}}
{"_local_timestamp": "2026-01-25T23:36:55.256479+00:00", "data": {"market": "0x0a1b551058f78174cf64ed9d61edb103a76c4df88232ee1188dbc9e390896e7d", "price_changes": [{"asset_id": "56474994774559829851462437736234567725783260130778254578352001078848194168934", "price": "0.1", "size": "500", "side": "BUY", "hash": "eb1e31a32da3851d0d4ad22834c9791e95134ee8", "best_bid": "0.57", "best_ask": "0.69"}, {"asset_id": "68841043137419682742407917950323128757425564408860523030307999893432460743024", "price": "0.9", "size": "500", "side": "SELL", "hash": "5919e85aea4f9d15febf9c289f570b35301e2d9c", "best_bid": "0.31", "best_ask": "0.43"}], "timestamp": "1769384215029", "event_type": "price_change"}}
{"_local_timestamp": "2026-01-25T23:36:55.256914+00:00", "data": {"market": "0x0a1b551058f78174cf64ed9d61edb103a76c4df88232ee1188dbc9e390896e7d", "price_changes": [{"asset_id": "56474994774559829851462437736234567725783260130778254578352001078848194168934", "price": "0.23", "size": "0", "side": "BUY", "hash": "eb1e31a32da3851d0d4ad22834c9791e95134ee8", "best_bid": "0.57", "best_ask": "0.69"}, {"asset_id": "68841043137419682742407917950323128757425564408860523030307999893432460743024", "price": "0.77", "size": "0", "side": "SELL", "hash": "5919e85aea4f9d15febf9c289f570b35301e2d9c", "best_bid": "0.31", "best_ask": "0.43"}], "timestamp": "1769384215029", "event_type": "price_change"}}
{"_local_timestamp": "2026-01-25T23:36:56.194164+00:00", "data": {"market": "0x0a1b551058f78174cf64ed9d61edb103a76c4df88232ee1188dbc9e390896e7d", "price_changes": [{"asset_id": "56474994774559829851462437736234567725783260130778254578352001078848194168934", "price": "0.01", "size": "5810.19", "side": "BUY", "hash": "a2d9dfd1387c7c2514f11f99504dd115927a243c", "best_bid": "0.57", "best_ask": "0.69"}, {"asset_id": "68841043137419682742407917950323128757425564408860523030307999893432460743024", "price": "0.99", "size": "5810.19", "side": "SELL", "hash": "8e112922e9d68c465963bf1f2d6f292ac4ead6a3", "best_bid": "0.31", "best_ask": "0.43"}], "timestamp": "1769384215691", "event_type": "price_change"}}
{"_local_timestamp": "2026-01-25T23:36:56.274779+00:00", "data": {"market": "0x0a1b551058f78174cf64ed9d61edb103a76c4df88232ee1188dbc9e390896e7d", "price_changes": [{"asset_id": "56474994774559829851462437736234567725783260130778254578352001078848194168934", "price": "0.21", "size": "100", "side": "BUY", "hash": "93a4984bbf7480116eee1c708bc6c64a79906ee6", "best_bid": "0.57", "best_ask": "0.69"}, {"asset_id": "68841043137419682742407917950323128757425564408860523030307999893432460743024", "price": "0.79", "size": "100", "side": "SELL", "hash": "c331d3acfc0a9e86026237f0e2d79bb56f48712a", "best_bid": "0.31", "best_ask": "0.43"}], "timestamp": "1769384215765", "event_type": "price_change"}}
{"_local_timestamp": "2026-01-25T23:36:56.314944+00:00", "data": {"market": "0x0a1b551058f78174cf64ed9d61edb103a76c4df88232ee1188dbc9e390896e7d", "price_changes": [{"asset_id": "56474994774559829851462437736234567725783260130778254578352001078848194168934", "price": "0.14", "size": "362", "side": "BUY", "hash": "65718f89badb4773d8254a00f796d9d871ae1afb", "best_bid": "0.57", "best_ask": "0.69"}, {"asset_id": "68841043137419682742407917950323128757425564408860523030307999893432460743024", "price": "0.86", "size": "362", "side": "SELL", "hash": "44292aad2720555a9ae07c8647e9678c2749a6a2", "best_bid": "0.31", "best_ask": "0.43"}], "timestamp": "1769384215778", "event_type": "price_change"}}
{"_local_timestamp": "2026-01-25T23:36:57.876128+00:00", "data": {"market": "0x0a1b551058f78174cf64ed9d61edb103a76c4df88232ee1188dbc9e390896e7d", "price_changes": [{"asset_id": "68841043137419682742407917950323128757425564408860523030307999893432460743024", "price": "0.07", "size": "300", "side": "BUY", "hash": "50a6f93610ed862ad379af4bdb4e12fe4c192f24", "best_bid": "0.31", "best_ask": "0.43"}, {"asset_id": "56474994774559829851462437736234567725783260130778254578352001078848194168934", "price": "0.93", "size": "300", "side": "SELL", "hash": "fba8f2f333f40d3ec3a4b75c0ef66b68dc31786f", "best_bid": "0.57", "best_ask": "0.69"}], "timestamp": "1769384217248", "event_type": "price_change"}}
{"_local_timestamp": "2026-01-25T23:37:03.253642+00:00", "data": {"market": "0x0a1b551058f78174cf64ed9d61edb103a76c4df88232ee1188dbc9e390896e7d", "price_changes": [{"asset_id": "56474994774559829851462437736234567725783260130778254578352001078848194168934", "price": "0.56", "size": "0", "side": "BUY", "hash": "1d1142e28078cd43d861c1de39383671fba58e3a", "best_bid": "0.57", "best_ask": "0.69"}, {"asset_id": "68841043137419682742407917950323128757425564408860523030307999893432460743024", "price": "0.44", "size": "0", "side": "SELL", "hash": "18fe38c30b1d6cf5e3e5b8f429927bcebb56d3d9", "best_bid": "0.31", "best_ask": "0.43"}], "timestamp": "1769384223078", "event_type": "price_change"}}
{"_local_timestamp": "2026-01-25T23:37:07.761077+00:00", "data": {"market": "0x0a1b551058f78174cf64ed9d61edb103a76c4df88232ee1188dbc9e390896e7d", "price_changes": [{"asset_id": "68841043137419682742407917950323128757425564408860523030307999893432460743024", "price": "0.3", "size": "0", "side": "BUY", "hash": "321187677f577c2381604008551c681c2ac13b5a", "best_bid": "0.31", "best_ask": "0.43"}, {"asset_id": "56474994774559829851462437736234567725783260130778254578352001078848194168934", "price": "0.7", "size": "0", "side": "SELL", "hash": "20b8993fc8fc3b7658cdd5e989e78ed2074cfa09", "best_bid": "0.57", "best_ask": "0.69"}], "timestamp": "1769384227529", "event_type": "price_change"}}
{"_local_timestamp": "2026-01-25T23:37:08.520121+00:00", "data": {"market": "0x0a1b551058f78174cf64ed9d61edb103a76c4df88232ee1188dbc9e390896e7d", "price_changes": [{"asset_id": "68841043137419682742407917950323128757425564408860523030307999893432460743024", "price": "0.32", "size": "48.62", "side": "BUY", "hash": "efbe94a91d39ad625d9af80ace6a5a522be79586", "best_bid": "0.32", "best_ask": "0.43"}, {"asset_id": "56474994774559829851462437736234567725783260130778254578352001078848194168934", "price": "0.68", "size": "48.62", "side": "SELL", "hash": "020fdd2073da3b2a80d38b2038f3f2a207716e7c", "best_bid": "0.57", "best_ask": "0.68"}], "timestamp": "1769384228259", "event_type": "price_change"}}
{"_local_timestamp": "2026-01-25T23:37:09.913083+00:00", "data": {"market": "0x0a1b551058f78174cf64ed9d61edb103a76c4df88232ee1188dbc9e390896e7d", "price_changes": [{"asset_id": "68841043137419682742407917950323128757425564408860523030307999893432460743024", "price": "0.08", "size": "296.04", "side": "BUY", "hash": "decda152275a4f8591ee13f7407a730ad9d86a94", "best_bid": "0.32", "best_ask": "0.43"}, {"asset_id": "56474994774559829851462437736234567725783260130778254578352001078848194168934", "price": "0.92", "size": "296.04", "side": "SELL", "hash": "8f812e362ab2ba62b54d915d025ba8b71b38b785", "best_bid": "0.57", "best_ask": "0.68"}], "timestamp": "1769384229835", "event_type": "price_change"}}
{"_local_timestamp": "2026-01-25T23:37:24.980894+00:00", "data": {"market": "0x0a1b551058f78174cf64ed9d61edb103a76c4df88232ee1188dbc9e390896e7d", "price_changes": [{"asset_id": "68841043137419682742407917950323128757425564408860523030307999893432460743024", "price": "0.07", "size": "0", "side": "BUY", "hash": "00afab37aa4e77403eb41fdb97533876fba48fcc", "best_bid": "0.32", "best_ask": "0.43"}, {"asset_id": "56474994774559829851462437736234567725783260130778254578352001078848194168934", "price": "0.93", "size": "0", "side": "SELL", "hash": "11569773028a8af2f801f362d4cae13a1228f8ae", "best_bid": "0.57", "best_ask": "0.68"}], "timestamp": "1769384244888", "event_type": "price_change"}}
{"_local_timestamp": "2026-01-25T23:37:25.236649+00:00", "data": {"market": "0x0a1b551058f78174cf64ed9d61edb103a76c4df88232ee1188dbc9e390896e7d", "price_changes": [{"asset_id": "68841043137419682742407917950323128757425564408860523030307999893432460743024", "price": "0.08", "size": "396.04", "side": "BUY", "hash": "385cfb28f242e594f9a7ba464b6bc73b943e8016", "best_bid": "0.32", "best_ask": "0.43"}, {"asset_id": "56474994774559829851462437736234567725783260130778254578352001078848194168934", "price": "0.92", "size": "396.04", "side": "SELL", "hash": "387480cc2c81f0c5cb42170dc233f9ff9eabecfa", "best_bid": "0.57", "best_ask": "0.68"}], "timestamp": "1769384245155", "event_type": "price_change"}}
{"_local_timestamp": "2026-01-25T23:37:32.630306+00:00", "data": {"market": "0x0a1b551058f78174cf64ed9d61edb103a76c4df88232ee1188dbc9e390896e7d", "price_changes": [{"asset_id": "68841043137419682742407917950323128757425564408860523030307999893432460743024", "price": "0.02", "size": "750", "side": "BUY", "hash": "33880a3b714e0fe29e1d57147c8ee4d3fa5023a3", "best_bid": "0.32", "best_ask": "0.43"}, {"asset_id": "56474994774559829851462437736234567725783260130778254578352001078848194168934", "price": "0.98", "size": "750", "side": "SELL", "hash": "e083f40ae91ea18c8555f1c3068587a79960032b", "best_bid": "0.57", "best_ask": "0.68"}], "timestamp": "1769384252542", "event_type": "price_change"}}
{"_local_timestamp": "2026-01-25T23:37:32.630870+00:00", "data": {"market": "0x0a1b551058f78174cf64ed9d61edb103a76c4df88232ee1188dbc9e390896e7d", "price_changes": [{"asset_id": "68841043137419682742407917950323128757425564408860523030307999893432460743024", "price": "0.01", "size": "2110.84", "side": "BUY", "hash": "33880a3b714e0fe29e1d57147c8ee4d3fa5023a3", "best_bid": "0.32", "best_ask": "0.43"}, {"asset_id": "56474994774559829851462437736234567725783260130778254578352001078848194168934", "price": "0.99", "size": "2110.84", "side": "SELL", "hash": "e083f40ae91ea18c8555f1c3068587a79960032b", "best_bid": "0.57", "best_ask": "0.68"}], "timestamp": "1769384252542", "event_type": "price_change"}}
