{"_local_timestamp": "2026-01-25T23:40:36.027883+00:00", "data": [{"market": "0x0a1b551058f78174cf64ed9d61edb103a76c4df88232ee1188dbc9e390896e7d", "asset_id": "56474994774559829851462437736234567725783260130778254578352001078848194168934", "timestamp": "1769384420292", "hash": "9e82ed03f2dd17e11fa9d29e41af421016e089c1", "bids": [{"price": "0.01", "size": "5810.19"}, {"price": "0.02", "size": "2000"}, {"price": "0.03", "size": "10.64"}, {"price": "0.05", "size": "300"}, {"price": "0.07", "size": "814.28"}, {"price": "0.1", "size": "840"}, {"price": "0.11", "size": "5.26"}, {"price": "0.13", "size": "246.15"}, {"price": "0.14", "size": "487"}, {"price": "0.17", "size": "164.7"}, {"price": "0.2", "size": "430"}, {"price": "0.21", "size": "100"}, {"price": "0.22", "size": "9"}, {"price": "0.23", "size": "104.34"}, {"price": "0.27", "size": "74.07"}, {"price": "0.34", "size": "100"}, {"price": "0.46", "size": "28.26"}, {"price": "0.47", "size": "23.4"}, {"price": "0.48", "size": "66.66"}, {"price": "0.5", "size": "300"}, {"price": "0.52", "size": "166.66"}, {"price": "0.55", "size": "66.66"}, {"price": "0.57", "size": "0.46"}], "asks": [{"price": "0.99", "size": "2110.84"}, {"price": "0.98", "size": "750"}, {"price": "0.97", "size": "5.6"}, {"price": "0.92", "size": "387"}, {"price": "0.91", "size": "8.03"}, {"price": "0.81", "size": "20"}, {"price": "0.8", "size": "200"}, {"price": "0.79", "size": "48.62"}, {"price": "0.78", "size": "50"}, {"price": "0.77", "size": "256.52"}, {"price": "0.75", "size": "48.62"}, {"price": "0.67", "size": "27"}, {"price": "0.66", "size": "48.62"}], "event_type": "book", "last_trade_price": "0.570"}, {"market": "0x0a1b551058f78174cf64ed9d61edb103a76c4df88232ee1188dbc9e390896e7d", "asset_id": "68841043137419682742407917950323128757425564408860523030307999893432460743024", "timestamp": "1769384420292", "hash": "478efbb33861fd50b5daeaf811a430c6a74106b1", "bids": [{"price": "0.01", "size": "2110.84"}, {"price": "0.02", "size": "750"}, {"price": "0.03", "size": "5.6"}, {"price": "0.08", "size": "387"}, {"price": "0.09", "size": "8.03"}, {"price": "0.19", "size": "20"}, {"price": "0.2", "size": "200"}, {"price": "0.21", "size": "48.62"}, {"price": "0.22", "size": "50"}, {"price": "0.23", "size": "256.52"}, {"price": "0.25", "size": "48.62"}, {"price": "0.33", "size": "27"}, {"price": "0.34", "size": "48.62"}], "asks": [{"price": "0.99", "size": "5810.19"}, {"price": "0.98", "size": "2000"}, {"price": "0.97", "size": "10.64"}, {"price": "0.95", "size": "300"}, {"price": "0.93", "size": "814.28"}, {"price": "0.9", "size": "840"}, {"price": "0.89", "size": "5.26"}, {"price": "0.87", "size": "246.15"}, {"price": "0.86", "size": "487"}, {"price": "0.83", "size": "164.7"}, {"price": "0.8", "size": "430"}, {"price": "0.79", "size": "100"}, {"price": "0.78", "size": "9"}, {"price": "0.77", "size": "104.34"}, {"price": "0.73", "size": "74.07"}, {"price": "0.66", "size": "100"}, {"price": "0.54", "size": "28.26"}, {"price": "0.53", "size": "23.4"}, {"price": "0.52", "size": "66.66"}, {"price": "0.5", "size": "300"}, {"price": "0.48", "size": "166.66"}, {"price": "0.45", "size": "66.66"}, {"price": "0.43", "size": "0.46"}], "event_type": "book", "last_trade_price": "0.570"}]}
{"_local_timestamp": "2026-01-25T23:41:51.037934+00:00", "data": {"market": "0x0a1b551058f78174cf64ed9d61edb103a76c4df88232ee1188dbc9e390896e7d", "price_changes": [{"asset_id": "56474994774559829851462437736234567725783260130778254578352001078848194168934", "price": "0.01", "size": "5510.19", "side": "BUY", "hash": "c25624787994950bc945b8a4096684cd807fc0b0", "best_bid": "0.57", "best_ask": "0.66"}, {"asset_id": "68841043137419682742407917950323128757425564408860523030307999893432460743024", "price": "0.99", "size": "5510.19", "side": "SELL", "hash": "ea5a39f36fe2a65fd014271a909a1be7dd0c5779", "best_bid": "0.34", "best_ask": "0.43"}], "timestamp": "1769384510970", "event_type": "price_change"}}
{"_local_timestamp": "2026-01-25T23:41:51.038894+00:00", "data": {"market": "0x0a1b551058f78174cf64ed9d61edb103a76c4df88232ee1188dbc9e390896e7d", "price_changes": [{"asset_id": "56474994774559829851462437736234567725783260130778254578352001078848194168934", "price": "0.21", "size": "0", "side": "BUY", "hash": "c25624787994950bc945b8a4096684cd807fc0b0", "best_bid": "0.57", "best_ask": "0.66"}, {"asset_id": "68841043137419682742407917950323128757425564408860523030307999893432460743024", "price": "0.79", "size": "0", "side": "SELL", "hash": "ea5a39f36fe2a65fd014271a909a1be7dd0c5779", "best_bid": "0.34", "best_ask": "0.43"}], "timestamp": "1769384510970", "event_type": "price_change"}}
{"_local_timestamp": "2026-01-25T23:41:52.871204+00:00", "data": {"market": "0x0a1b551058f78174cf64ed9d61edb103a76c4df88232ee1188dbc9e390896e7d", "price_changes": [{"asset_id": "56474994774559829851462437736234567725783260130778254578352001078848194168934", "price": "0.1", "size": "1140", "side": "BUY", "hash": "46b82ec1a5d5da82e0a60349210ba15d300e7422", "best_bid": "0.57", "best_ask": "0.66"}, {"asset_id": "68841043137419682742407917950323128757425564408860523030307999893432460743024", "price": "0.9", "size": "1140", "side": "SELL", "hash": "8aa74b7e0f0c9b820aaa942f83c7c3f373c53c02", "best_bid": "0.34", "best_ask": "0.43"}], "timestamp": "1769384511828", "event_type": "price_change"}}
{"_local_timestamp": "2026-01-25T23:41:53.000058+00:00", "data": {"market": "0x0a1b551058f78174cf64ed9d61edb103a76c4df88232ee1188dbc9e390896e7d", "price_changes": [{"asset_id": "56474994774559829851462437736234567725783260130778254578352001078848194168934", "price": "0.23", "size": "204.34", "side": "BUY", "hash": "2ef3102b0216624adc4ff4d808e418294ed5b10c", "best_bid": "0.57", "best_ask": "0.66"}, {"asset_id": "68841043137419682742407917950323128757425564408860523030307999893432460743024", "price": "0.77", "size": "204.34", "side": "SELL", "hash": "3ba9dc93af127404d07980dfc626ecab79a24ca1", "best_bid": "0.34", "best_ask": "0.43"}], "timestamp": "1769384512668", "event_type": "price_change"}}
{"_local_timestamp": "2026-01-25T23:41:53.758314+00:00", "data": {"market": "0x0a1b551058f78174cf64ed9d61edb103a76c4df88232ee1188dbc9e390896e7d", "price_changes": [{"asset_id": "56474994774559829851462437736234567725783260130778254578352001078848194168934", "price": "0.56", "size": "67.85", "side": "BUY", "hash": "ceed202a27305a6df6b3678b3e258b2c248bd074", "best_bid": "0.57", "best_ask": "0.66"}, {"asset_id": "68841043137419682742407917950323128757425564408860523030307999893432460743024", "price": "0.44", "size": "67.85", "side": "SELL", "hash": "d9bb500a777955aba5ea8cb62c2dd350a2ed80db", "best_bid": "0.34", "best_ask": "0.43"}], "timestamp": "1769384513689", "event_type": "price_change"}}
{"_local_timestamp": "2026-01-25T23:42:41.283177+00:00", "data": {"market": "0x0a1b551058f78174cf64ed9d61edb103a76c4df88232ee1188dbc9e390896e7d", "price_changes": [{"asset_id": "56474994774559829851462437736234567725783260130778254578352001078848194168934", "price": "0.22", "size": "0", "side": "BUY", "hash": "5fbf4e221636c0cefaf8f7cec01786706f0a34b2", "best_bid": "0.57", "best_ask": "0.66"}, {"asset_id": "68841043137419682742407917950323128757425564408860523030307999893432460743024", "price": "0.78", "size": "0", "side": "SELL", "hash": "8a5cc263973a0c8525e63e7a8eaee38684f122b2", "best_bid": "0.34", "best_ask": "0.43"}], "timestamp": "1769384561138", "event_type": "price_change"}}
{"_local_timestamp": "2026-01-25T23:42:41.330418+00:00", "data": {"market": "0x0a1b551058f78174cf64ed9d61edb103a76c4df88232ee1188dbc9e390896e7d", "price_changes": [{"asset_id": "56474994774559829851462437736234567725783260130778254578352001078848194168934", "price": "0.24", "size": "8", "side": "BUY", "hash": "c1dcdf6dd4ee167cc6d69ccffb616fd8628e66c5", "best_bid": "0.57", "best_ask": "0.66"}, {"asset_id": "68841043137419682742407917950323128757425564408860523030307999893432460743024", "price": "0.76", "size": "8", "side": "SELL", "hash": "af50980397f081eebc9c17961ece4e32c3867bcf", "best_bid": "0.34", "best_ask": "0.43"}], "timestamp": "1769384561188", "event_type": "price_change"}}
{"_local_timestamp": "2026-01-25T23:42:54.326444+00:00", "data": {"market": "0x0a1b551058f78174cf64ed9d61edb103a76c4df88232ee1188dbc9e390896e7d", "price_changes": [{"asset_id": "68841043137419682742407917950323128757425564408860523030307999893432460743024", "price": "0.09", "size": "0", "side": "BUY", "hash": "cebb274893bb894990ee0643037c2e7a3ecba6f8", "best_bid": "0.34", "best_ask": "0.43"}, {"asset_id": "56474994774559829851462437736234567725783260130778254578352001078848194168934", "price": "0.91", "size": "0", "side": "SELL", "hash": "741ac3953faee1501a63cbe0d07c94eac770a972", "best_bid": "0.57", "best_ask": "0.66"}], "timestamp": "1769384574178", "event_type": "price_change"}}
{"_local_timestamp": "2026-01-25T23:42:56.016115+00:00", "data": {"market": "0x0a1b551058f78174cf64ed9d61edb103a76c4df88232ee1188dbc9e390896e7d", "price_changes": [{"asset_id": "68841043137419682742407917950323128757425564408860523030307999893432460743024", "price": "0.09", "size": "8.04", "side": "BUY", "hash": "6046c588571ace69388c9e7054e7ad75536f7294", "best_bid": "0.34", "best_ask": "0.43"}, {"asset_id": "56474994774559829851462437736234567725783260130778254578352001078848194168934", "price": "0.91", "size": "8.04", "side": "SELL", "hash": "2b715913e6ffcb3070aeb37d7180b8f3075f333b", "best_bid": "0.57", "best_ask": "0.66"}], "timestamp": "1769384575874", "event_type": "price_change"}}
{"_local_timestamp": "2026-01-25T23:43:28.919034+00:00", "data": {"market": "0x0a1b551058f78174cf64ed9d61edb103a76c4df88232ee1188dbc9e390896e7d", "price_changes": [{"asset_id": "68841043137419682742407917950323128757425564408860523030307999893432460743024", "price": "0.33", "size": "0", "side": "BUY", "hash": "d8f252a9010a2172e86cc49311185f01f0b4f5b2", "best_bid": "0.34", "best_ask": "0.43"}, {"asset_id": "56474994774559829851462437736234567725783260130778254578352001078848194168934", "price": "0.67", "size": "0", "side": "SELL", "hash": "5ca80d760c5300d7d13a3c93ca4d35d09ec8e7e5", "best_bid": "0.57", "best_ask": "0.66"}], "timestamp": "1769384608782", "event_type": "price_change"}}
{"_local_timestamp": "2026-01-25T23:43:31.051488+00:00", "data": {"market": "0x0a1b551058f78174cf64ed9d61edb103a76c4df88232ee1188dbc9e390896e7d", "price_changes": [{"asset_id": "68841043137419682742407917950323128757425564408860523030307999893432460743024", "price": "0.35", "size": "25", "side": "BUY", "hash": "9fa818d5b70fd0e35cab23a6ac765ef7c746eb09", "best_bid": "0.35", "best_ask": "0.43"}, {"asset_id": "56474994774559829851462437736234567725783260130778254578352001078848194168934", "price": "0.65", "size": "25", "side": "SELL", "hash": "463d3ba10c452e4989e775e948f0f5151999f5b3", "best_bid": "0.57", "best_ask": "0.65"}], "timestamp": "1769384610939", "event_type": "price_change"}}
{"_local_timestamp": "2026-01-25T23:43:31.710581+00:00", "data": {"market": "0x0a1b551058f78174cf64ed9d61edb103a76c4df88232ee1188dbc9e390896e7d", "price_changes": [{"asset_id": "56474994774559829851462437736234567725783260130778254578352001078848194168934", "price": "0.07", "size": "300", "side": "BUY", "hash": "bc4a8effc100044eb4a497a222922b4e997cbca6", "best_bid": "0.57", "best_ask": "0.65"}, {"asset_id": "68841043137419682742407917950323128757425564408860523030307999893432460743024", "price": "0.93", "size": "300", "side": "SELL", "hash": "85538aacc642b0dbb47227b72a3da0e270eba904", "best_bid": "0.35", "best_ask": "0.43"}], "timestamp": "1769384611605", "event_type": "price_change"}}
{"_local_timestamp": "2026-01-25T23:43:31.711122+00:00", "data": {"market": "0x0a1b551058f78174cf64ed9d61edb103a76c4df88232ee1188dbc9e390896e7d", "price_changes": [{"asset_id": "56474994774559829851462437736234567725783260130778254578352001078848194168934", "price": "0.13", "size": "0", "side": "BUY", "hash": "bc4a8effc100044eb4a497a222922b4e997cbca6", "best_bid": "0.57", "best_ask": "0.65"}, {"asset_id": "68841043137419682742407917950323128757425564408860523030307999893432460743024", "price": "0.87", "size": "0", "side": "SELL", "hash": "85538aacc642b0dbb47227b72a3da0e270eba904", "best_bid": "0.35", "best_ask": "0.43"}], "timestamp": "1769384611605", "event_type": "price_change"}}
{"_local_timestamp": "2026-01-25T23:43:31.711588+00:00", "data": {"market": "0x0a1b551058f78174cf64ed9d61edb103a76c4df88232ee1188dbc9e390896e7d", "price_changes": [{"asset_id": "56474994774559829851462437736234567725783260130778254578352001078848194168934", "price": "0.1", "size": "800", "side": "BUY", "hash": "bc4a8effc100044eb4a497a222922b4e997cbca6", "best_bid": "0.57", "best_ask": "0.65"}, {"asset_id": "68841043137419682742407917950323128757425564408860523030307999893432460743024", "price": "0.9", "size": "800", "side": "SELL", "hash": "85538aacc642b0dbb47227b72a3da0e270eba904", "best_bid": "0.35", "best_ask": "0.43"}], "timestamp": "1769384611605", "event_type": "price_change"}}
{"_local_timestamp": "2026-01-25T23:43:31.719735+00:00", "data": {"market": "0x0a1b551058f78174cf64ed9d61edb103a76c4df88232ee1188dbc9e390896e7d", "price_changes": [{"asset_id": "56474994774559829851462437736234567725783260130778254578352001078848194168934", "price": "0.23", "size": "100", "side": "BUY", "hash": "bc4a8effc100044eb4a497a222922b4e997cbca6", "best_bid": "0.57", "best_ask": "0.65"}, {"asset_id": "68841043137419682742407917950323128757425564408860523030307999893432460743024", "price": "0.77", "size": "100", "side": "SELL", "hash": "85538aacc642b0dbb47227b72a3da0e270eba904", "best_bid": "0.35", "best_ask": "0.43"}], "timestamp": "1769384611605", "event_type": "price_change"}}
{"_local_timestamp": "2026-01-25T23:43:31.720289+00:00", "data": {"market": "0x0a1b551058f78174cf64ed9d61edb103a76c4df88232ee1188dbc9e390896e7d", "price_changes": [{"asset_id": "56474994774559829851462437736234567725783260130778254578352001078848194168934", "price": "0.27", "size": "0", "side": "BUY", "hash": "bc4a8effc100044eb4a497a222922b4e997cbca6", "best_bid": "0.57", "best_ask": "0.65"}, {"asset_id": "68841043137419682742407917950323128757425564408860523030307999893432460743024", "price": "0.73", "size": "0", "side": "SELL", "hash": "85538aacc642b0dbb47227b72a3da0e270eba904", "best_bid": "0.35", "best_ask": "0.43"}], "timestamp": "1769384611605", "event_type": "price_change"}}
{"_local_timestamp": "2026-01-25T23:43:31.720726+00:00", "data": {"market": "0x0a1b551058f78174cf64ed9d61edb103a76c4df88232ee1188dbc9e390896e7d", "price_changes": [{"asset_id": "56474994774559829851462437736234567725783260130778254578352001078848194168934", "price": "0.17", "size": "0", "side": "BUY", "hash": "bc4a8effc100044eb4a497a222922b4e997cbca6", "best_bid": "0.57", "best_ask": "0.65"}, {"asset_id": "68841043137419682742407917950323128757425564408860523030307999893432460743024", "price": "0.83", "size": "0", "side": "SELL", "hash": "85538aacc642b0dbb47227b72a3da0e270eba904", "best_bid": "0.35", "best_ask": "0.43"}], "timestamp": "1769384611605", "event_type": "price_change"}}
{"_local_timestamp": "2026-01-25T23:43:31.721144+00:00", "data": {"market": "0x0a1b551058f78174cf64ed9d61edb103a76c4df88232ee1188dbc9e390896e7d", "price_changes": [{"asset_id": "56474994774559829851462437736234567725783260130778254578352001078848194168934", "price": "0.2", "size": "300", "side": "BUY", "hash": "bc4a8effc100044eb4a497a222922b4e997cbca6", "best_bid": "0.57", "best_ask": "0.65"}, {"asset_id": "68841043137419682742407917950323128757425564408860523030307999893432460743024", "price": "0.8", "size": "300", "side": "SELL", "hash": "85538aacc642b0dbb47227b72a3da0e270eba904", "best_bid": "0.35", "best_ask": "0.43"}], "timestamp": "1769384611605", "event_type": "price_change"}}
{"_local_timestamp": "2026-01-25T23:43:31.750250+00:00", "data": {"market": "0x0a1b551058f78174cf64ed9d61edb103a76c4df88232ee1188dbc9e390896e7d", "price_changes": [{"asset_id": "56474994774559829851462437736234567725783260130778254578352001078848194168934", "price": "0.26", "size": "76.92", "side": "BUY", "hash": "5916126e3ef8a8bd8dc23503569fddbec6655184", "best_bid": "0.57", "best_ask": "0.65"}, {"asset_id": "68841043137419682742407917950323128757425564408860523030307999893432460743024", "price": "0.74", "size": "76.92", "side": "SELL", "hash": "0e6dcaf047e23085e7af2a599571220b74785b9b", "best_bid": "0.35", "best_ask": "0.43"}], "timestamp": "1769384611651", "event_type": "price_change"}}
{"_local_timestamp": "2026-01-25T23:43:31.798673+00:00", "data": {"market": "0x0a1b551058f78174cf64ed9d61edb103a76c4df88232ee1188dbc9e390896e7d", "price_changes": [{"asset_id": "56474994774559829851462437736234567725783260130778254578352001078848194168934", "price": "0.23", "size": "204.34", "side": "BUY", "hash": "51f1d83c9d8dabc2f9ef27984df2c755f97a4f7b", "best_bid": "0.57", "best_ask": "0.65"}, {"asset_id": "68841043137419682742407917950323128757425564408860523030307999893432460743024", "price": "0.77", "size": "204.34", "side": "SELL", "hash": "18fc0737710fcdc4c0f5f517f6c473d06bf07c50", "best_bid": "0.35", "best_ask": "0.43"}], "timestamp": "1769384611698", "event_type": "price_change"}}
{"_local_timestamp": "2026-01-25T23:43:31.840972+00:00", "data": {"market": "0x0a1b551058f78174cf64ed9d61edb103a76c4df88232ee1188dbc9e390896e7d", "price_changes": [{"asset_id": "56474994774559829851462437736234567725783260130778254578352001078848194168934", "price": "0.2", "size": "430", "side": "BUY", "hash": "e2b0789f6dd4df47847fcdb136d893f269375737", "best_bid": "0.57", "best_ask": "0.65"}, {"asset_id": "68841043137419682742407917950323128757425564408860523030307999893432460743024", "price": "0.8", "size": "430", "side": "SELL", "hash": "64427e6ef6fc07d2f3e98be540434fbb0595ae56", "best_bid": "0.35", "best_ask": "0.43"}], "timestamp": "1769384611745", "event_type": "price_change"}}
{"_local_timestamp": "2026-01-25T23:43:31.886067+00:00", "data": {"market": "0x0a1b551058f78174cf64ed9d61edb103a76c4df88232ee1188dbc9e390896e7d", "price_changes": [{"asset_id": "56474994774559829851462437736234567725783260130778254578352001078848194168934", "price": "0.16", "size": "175", "side": "BUY", "hash": "ef551c974b132544ca5bfe31aa63441214476872", "best_bid": "0.57", "best_ask": "0.65"}, {"asset_id": "68841043137419682742407917950323128757425564408860523030307999893432460743024", "price": "0.84", "size": "175", "side": "SELL", "hash": "5e729410ab15503e20ea83fe8fbb360699594608", "best_bid": "0.35", "best_ask": "0.43"}], "timestamp": "1769384611789", "event_type": "price_change"}}
{"_local_timestamp": "2026-01-25T23:43:31.934823+00:00", "data": {"market": "0x0a1b551058f78174cf64ed9d61edb103a76c4df88232ee1188dbc9e390896e7d", "price_changes": [{"asset_id": "56474994774559829851462437736234567725783260130778254578352001078848194168934", "price": "0.13", "size": "246.15", "side": "BUY", "hash": "606f0d70bfbfdfb64165603dc83b9c79f1d83512", "best_bid": "0.57", "best_ask": "0.65"}, {"asset_id": "68841043137419682742407917950323128757425564408860523030307999893432460743024", "price": "0.87", "size": "246.15", "side": "SELL", "hash": "d2dea2e8eea0dedac8eb9675988193498e82b1dc", "best_bid": "0.35", "best_ask": "0.43"}], "timestamp": "1769384611833", "event_type": "price_change"}}
{"_local_timestamp": "2026-01-25T23:43:31.982496+00:00", "data": {"market": "0x0a1b551058f78174cf64ed9d61edb103a76c4df88232ee1188dbc9e390896e7d", "price_changes": [{"asset_id": "56474994774559829851462437736234567725783260130778254578352001078848194168934", "price": "0.1", "size": "1140", "side": "BUY", "hash": "300ea1d160f8719f59948ea9b1ddf6c2354600fa", "best_bid": "0.57", "best_ask": "0.65"}, {"asset_id": "68841043137419682742407917950323128757425564408860523030307999893432460743024", "price": "0.9", "size": "1140", "side": "SELL", "hash": "9af218d5f518b277b7c491bdc63e852e2c115ea7", "best_bid": "0.35", "best_ask": "0.43"}], "timestamp": "1769384611879", "event_type": "price_change"}}
{"_local_timestamp": "2026-01-25T23:43:32.022083+00:00", "data": {"market": "0x0a1b551058f78174cf64ed9d61edb103a76c4df88232ee1188dbc9e390896e7d", "price_changes": [{"asset_id": "56474994774559829851462437736234567725783260130778254578352001078848194168934", "price": "0.06", "size": "600", "side": "BUY", "hash": "2fdbed6fbf0b53f1f2f5ad2d3c0f00bcf07a03fb", "best_bid": "0.57", "best_ask": "0.65"}, {"asset_id": "68841043137419682742407917950323128757425564408860523030307999893432460743024", "price": "0.94", "size": "600", "side": "SELL", "hash": "2ae7d1621a1c085eaa87461dadc5b1820b334046", "best_bid": "0.35", "best_ask": "0.43"}], "timestamp": "1769384611922", "event_type": "price_change"}}
{"_local_timestamp": "2026-01-25T23:43:42.220197+00:00", "data": {"market": "0x0a1b551058f78174cf64ed9d61edb103a76c4df88232ee1188dbc9e390896e7d", "price_changes": [{"asset_id": "56474994774559829851462437736234567725783260130778254578352001078848194168934", "price": "0.56", "size": "0", "side": "BUY", "hash": "9900e596d150bce178c9e1edaa48433e996d307d", "best_bid": "0.57", "best_ask": "0.65"}, {"asset_id": "68841043137419682742407917950323128757425564408860523030307999893432460743024", "price": "0.44", "size": "0", "side": "SELL", "hash": "6787f61b812868732a47e449b742f7285a994c14", "best_bid": "0.35", "best_ask": "0.43"}], "timestamp": "1769384622132", "event_type": "price_change"}}
{"_local_timestamp": "2026-01-25T23:43:56.706043+00:00", "data": {"market": "0x0a1b551058f78174cf64ed9d61edb103a76c4df88232ee1188dbc9e390896e7d", "price_changes": [{"asset_id": "56474994774559829851462437736234567725783260130778254578352001078848194168934", "price": "0.05", "size": "0", "side": "BUY", "hash": "ceae96e86941de07b65341262e5d3a220c213167", "best_bid": "0.57", "best_ask": "0.65"}, {"asset_id": "68841043137419682742407917950323128757425564408860523030307999893432460743024", "price": "0.95", "size": "0", "side": "SELL", "hash": "4c65865dfd4ab056887fb28e5ac8d8f047eeeef7", "best_bid": "0.35", "best_ask": "0.43"}], "timestamp": "1769384636531", "event_type": "price_change"}}
{"_local_timestamp": "2026-01-25T23:43:56.925292+00:00", "data": {"market": "0x0a1b551058f78174cf64ed9d61edb103a76c4df88232ee1188dbc9e390896e7d", "price_changes": [{"asset_id": "56474994774559829851462437736234567725783260130778254578352001078848194168934", "price": "0.06", "size": "900", "side": "BUY", "hash": "5acf06d2b5baace90da6d7fc5268152cee0b4b40", "best_bid": "0.57", "best_ask": "0.65"}, {"asset_id": "68841043137419682742407917950323128757425564408860523030307999893432460743024", "price": "0.94", "size": "900", "side": "SELL", "hash": "5ef36120519766652fbfedbc4853be4795574dbd", "best_bid": "0.35", "best_ask": "0.43"}], "timestamp": "1769384636790", "event_type": "price_change"}}
{"_local_timestamp": "2026-01-25T23:44:09.083256+00:00", "data": {"market": "0x0a1b551058f78174cf64ed9d61edb103a76c4df88232ee1188dbc9e390896e7d", "price_changes": [{"asset_id": "56474994774559829851462437736234567725783260130778254578352001078848194168934", "price": "0.23", "size": "254.34", "side": "BUY", "hash": "7b1035d7988c11b8483626274dfa3652a18597ce", "best_bid": "0.57", "best_ask": "0.65"}, {"asset_id": "68841043137419682742407917950323128757425564408860523030307999893432460743024", "price": "0.77", "size": "254.34", "side": "SELL", "hash": "fba5596e67f17a86c895d148a170c5f63afa3728", "best_bid": "0.35", "best_ask": "0.43"}], "timestamp": "1769384648765", "event_type": "price_change"}}
{"_local_timestamp": "2026-01-25T23:45:12.485963+00:00", "data": {"market": "0x0a1b551058f78174cf64ed9d61edb103a76c4df88232ee1188dbc9e390896e7d", "price_changes": [{"asset_id": "56474994774559829851462437736234567725783260130778254578352001078848194168934", "price": "0.56", "size": "67.85", "side": "BUY", "hash": "85265cdf8a43555a8dbbf5020446271733123945", "best_bid": "0.57", "best_ask": "0.65"}, {"asset_id": "68841043137419682742407917950323128757425564408860523030307999893432460743024", "price": "0.44", "size": "67.85", "side": "SELL", "hash": "6ebee6350323ed4a76ad90fe34689f703dac2e29", "best_bid": "0.35", "best_ask": "0.43"}], "timestamp": "1769384712405", "event_type": "price_change"}}
{"_local_timestamp": "2026-01-25T23:45:14.944313+00:00", "data": {"market": "0x0a1b551058f78174cf64ed9d61edb103a76c4df88232ee1188dbc9e390896e7d", "price_changes": [{"asset_id": "68841043137419682742407917950323128757425564408860523030307999893432460743024", "price": "0.34", "size": "0", "side": "BUY", "hash": "b117e1f1cac1c4f9e026d5148c2311b5df0342af", "best_bid": "0.35", "best_ask": "0.43"}, {"asset_id": "56474994774559829851462437736234567725783260130778254578352001078848194168934", "price": "0.66", "size": "0", "side": "SELL", "hash": "e10ab665694bf01009fbb1a13c17c917b349a6bf", "best_bid": "0.57", "best_ask": "0.65"}], "timestamp": "1769384714870", "event_type": "price_change"}}
{"_local_timestamp": "2026-01-25T23:45:14.946832+00:00", "data": {"market": "0x0a1b551058f78174cf64ed9d61edb103a76c4df88232ee1188dbc9e390896e7d", "price_changes": [{"asset_id": "68841043137419682742407917950323128757425564408860523030307999893432460743024", "price": "0.25", "size": "0", "side": "BUY", "hash": "b117e1f1cac1c4f9e026d5148c2311b5df0342af", "best_bid": "0.35", "best_ask": "0.43"}, {"asset_id": "56474994774559829851462437736234567725783260130778254578352001078848194168934", "price": "0.75", "size": "0", "side": "SELL", "hash": "e10ab665694bf01009fbb1a13c17c917b349a6bf", "best_bid": "0.57", "best_ask": "0.65"}], "timestamp": "1769384714870", "event_type": "price_change"}}
{"_local_timestamp": "2026-01-25T23:45:14.947423+00:00", "data": {"market": "0x0a1b551058f78174cf64ed9d61edb103a76c4df88232ee1188dbc9e390896e7d", "price_changes": [{"asset_id": "68841043137419682742407917950323128757425564408860523030307999893432460743024", "price": "0.21", "size": "0", "side": "BUY", "hash": "b117e1f1cac1c4f9e026d5148c2311b5df0342af", "best_bid": "0.35", "best_ask": "0.43"}, {"asset_id": "56474994774559829851462437736234567725783260130778254578352001078848194168934", "price": "0.79", "size": "0", "side": "SELL", "hash": "e10ab665694bf01009fbb1a13c17c917b349a6bf", "best_bid": "0.57", "best_ask": "0.65"}], "timestamp": "1769384714870", "event_type": "price_change"}}
{"_local_timestamp": "2026-01-25T23:45:15.607724+00:00", "data": {"market": "0x0a1b551058f78174cf64ed9d61edb103a76c4df88232ee1188dbc9e390896e7d", "price_changes": [{"asset_id": "68841043137419682742407917950323128757425564408860523030307999893432460743024", "price": "0.21", "size": "72.93", "side": "BUY", "hash": "790a42a2db8a7d4e05b2c654b74a69a4feb04a89", "best_bid": "0.35", "best_ask": "0.43"}, {"asset_id": "56474994774559829851462437736234567725783260130778254578352001078848194168934", "price": "0.79", "size": "72.93", "side": "SELL", "hash": "2222677e9697ccd00bfc192adaa8cecdde539852", "best_bid": "0.57", "best_ask": "0.65"}], "timestamp": "1769384715531", "event_type": "price_change"}}
{"_local_timestamp": "2026-01-25T23:45:15.624743+00:00", "data": {"market": "0x0a1b551058f78174cf64ed9d61edb103a76c4df88232ee1188dbc9e390896e7d", "price_changes": [{"asset_id": "68841043137419682742407917950323128757425564408860523030307999893432460743024", "price": "0.28", "size": "72.93", "side": "BUY", "hash": "20397c6f3720b7a4721e1c939a99a1ed0203e626", "best_bid": "0.35", "best_ask": "0.43"}, {"asset_id": "56474994774559829851462437736234567725783260130778254578352001078848194168934", "price": "0.72", "size": "72.93", "side": "SELL", "hash": "61a34fa9e969b56bd45867a860c322cab7c6d27f", "best_bid": "0.57", "best_ask": "0.65"}], "timestamp": "1769384715552", "event_type": "price_change"}}
{"_local_timestamp": "2026-01-25T23:45:19.423183+00:00", "data": {"market": "0x0a1b551058f78174cf64ed9d61edb103a76c4df88232ee1188dbc9e390896e7d", "price_changes": [{"asset_id": "68841043137419682742407917950323128757425564408860523030307999893432460743024", "price": "0.35", "size": "0", "side": "BUY", "hash": "b3ee03962424ac5899416c868b1d657e59a1e6d0", "best_bid": "0.28", "best_ask": "0.43"}, {"asset_id": "56474994774559829851462437736234567725783260130778254578352001078848194168934", "price": "0.65", "size": "0", "side": "SELL", "hash": "50e7901f5f9ab3c468c3bca024a7fcb3dc74fd12", "best_bid": "0.57", "best_ask": "0.72"}], "timestamp": "1769384719347", "event_type": "price_change"}}
{"_local_timestamp": "2026-01-25T23:45:19.655490+00:00", "data": {"market": "0x0a1b551058f78174cf64ed9d61edb103a76c4df88232ee1188dbc9e390896e7d", "price_changes": [{"asset_id": "68841043137419682742407917950323128757425564408860523030307999893432460743024", "price": "0.24", "size": "25", "side": "BUY", "hash": "79ba1a0a889ecc5a56d7f64e53ad049b47447d77", "best_bid": "0.28", "best_ask": "0.43"}, {"asset_id": "56474994774559829851462437736234567725783260130778254578352001078848194168934", "price": "0.76", "size": "25", "side": "SELL", "hash": "005a9a955a8efd2107ad53dfc293804910af17e5", "best_bid": "0.57", "best_ask": "0.72"}], "timestamp": "1769384719583", "event_type": "price_change"}}
{"_local_timestamp": "2026-01-25T23:45:20.368978+00:00", "data": {"market": "0x0a1b551058f78174cf64ed9d61edb103a76c4df88232ee1188dbc9e390896e7d", "price_changes": [{"asset_id": "56474994774559829851462437736234567725783260130778254578352001078848194168934", "price": "0.16", "size": "0", "side": "BUY", "hash": "8a5bdb674f87105e7461b0190ae94a5baad252ba", "best_bid": "0.57", "best_ask": "0.72"}, {"asset_id": "68841043137419682742407917950323128757425564408860523030307999893432460743024", "price": "0.84", "size": "0", "side": "SELL", "hash": "a550aef0a116de0863f2581e9d4450a3aa8351c2", "best_bid": "0.28", "best_ask": "0.43"}], "timestamp": "1769384720299", "event_type": "price_change"}}
{"_local_timestamp": "2026-01-25T23:45:20.369560+00:00", "data": {"market": "0x0a1b551058f78174cf64ed9d61edb103a76c4df88232ee1188dbc9e390896e7d", "price_changes": [{"asset_id": "56474994774559829851462437736234567725783260130778254578352001078848194168934", "price": "0.26", "size": "0", "side": "BUY", "hash": "8a5bdb674f87105e7461b0190ae94a5baad252ba", "best_bid": "0.57", "best_ask": "0.72"}, {"asset_id": "68841043137419682742407917950323128757425564408860523030307999893432460743024", "price": "0.74", "size": "0", "side": "SELL", "hash": "a550aef0a116de0863f2581e9d4450a3aa8351c2", "best_bid": "0.28", "best_ask": "0.43"}], "timestamp": "1769384720299", "event_type": "price_change"}}
{"_local_timestamp": "2026-01-25T23:45:20.370045+00:00", "data": {"market": "0x0a1b551058f78174cf64ed9d61edb103a76c4df88232ee1188dbc9e390896e7d", "price_changes": [{"asset_id": "56474994774559829851462437736234567725783260130778254578352001078848194168934", "price": "0.06", "size": "300", "side": "BUY", "hash": "8a5bdb674f87105e7461b0190ae94a5baad252ba", "best_bid": "0.57", "best_ask": "0.72"}, {"asset_id": "68841043137419682742407917950323128757425564408860523030307999893432460743024", "price": "0.94", "size": "300", "side": "SELL", "hash": "a550aef0a116de0863f2581e9d4450a3aa8351c2", "best_bid": "0.28", "best_ask": "0.43"}], "timestamp": "1769384720299", "event_type": "price_change"}}
{"_local_timestamp": "2026-01-25T23:45:20.370532+00:00", "data": {"market": "0x0a1b551058f78174cf64ed9d61edb103a76c4df88232ee1188dbc9e390896e7d", "price_changes": [{"asset_id": "56474994774559829851462437736234567725783260130778254578352001078848194168934", "price": "0.23", "size": "150", "side": "BUY", "hash": "8a5bdb674f87105e7461b0190ae94a5baad252ba", "best_bid": "0.57", "best_ask": "0.72"}, {"asset_id": "68841043137419682742407917950323128757425564408860523030307999893432460743024", "price": "0.77", "size": "150", "side": "SELL", "hash": "a550aef0a116de0863f2581e9d4450a3aa8351c2", "best_bid": "0.28", "best_ask": "0.43"}], "timestamp": "1769384720299", "event_type": "price_change"}}
{"_local_timestamp": "2026-01-25T23:45:20.371002+00:00", "data": {"market": "0x0a1b551058f78174cf64ed9d61edb103a76c4df88232ee1188dbc9e390896e7d", "price_changes": [{"asset_id": "56474994774559829851462437736234567725783260130778254578352001078848194168934", "price": "0.13", "size": "0", "side": "BUY", "hash": "8a5bdb674f87105e7461b0190ae94a5baad252ba", "best_bid": "0.57", "best_ask": "0.72"}, {"asset_id": "68841043137419682742407917950323128757425564408860523030307999893432460743024", "price": "0.87", "size": "0", "side": "SELL", "hash": "a550aef0a116de0863f2581e9d4450a3aa8351c2", "best_bid": "0.28", "best_ask": "0.43"}], "timestamp": "1769384720299", "event_type": "price_change"}}
{"_local_timestamp": "2026-01-25T23:45:20.371463+00:00", "data": {"market": "0x0a1b551058f78174cf64ed9d61edb103a76c4df88232ee1188dbc9e390896e7d", "price_changes": [{"asset_id": "56474994774559829851462437736234567725783260130778254578352001078848194168934", "price": "0.2", "size": "300", "side": "BUY", "hash": "8a5bdb674f87105e7461b0190ae94a5baad252ba", "best_bid": "0.57", "best_ask": "0.72"}, {"asset_id": "68841043137419682742407917950323128757425564408860523030307999893432460743024", "price": "0.8", "size": "300", "side": "SELL", "hash": "a550aef0a116de0863f2581e9d4450a3aa8351c2", "best_bid": "0.28", "best_ask": "0.43"}], "timestamp": "1769384720299", "event_type": "price_change"}}
{"_local_timestamp": "2026-01-25T23:45:20.371989+00:00", "data": {"market": "0x0a1b551058f78174cf64ed9d61edb103a76c4df88232ee1188dbc9e390896e7d", "price_changes": [{"asset_id": "56474994774559829851462437736234567725783260130778254578352001078848194168934", "price": "0.1", "size": "800", "side": "BUY", "hash": "8a5bdb674f87105e7461b0190ae94a5baad252ba", "best_bid": "0.57", "best_ask": "0.72"}, {"asset_id": "68841043137419682742407917950323128757425564408860523030307999893432460743024", "price": "0.9", "size": "800", "side": "SELL", "hash": "a550aef0a116de0863f2581e9d4450a3aa8351c2", "best_bid": "0.28", "best_ask": "0.43"}], "timestamp": "1769384720299", "event_type": "price_change"}}
{"_local_timestamp": "2026-01-25T23:45:41.702960+00:00", "data": {"market": "0x0a1b551058f78174cf64ed9d61edb103a76c4df88232ee1188dbc9e390896e7d", "price_changes": [{"asset_id": "56474994774559829851462437736234567725783260130778254578352001078848194168934", "price": "0.06", "size": "0", "side": "BUY", "hash": "a14124c18407e5f348eb3204509c93ed3fa0e597", "best_bid": "0.57", "best_ask": "0.72"}, {"asset_id": "68841043137419682742407917950323128757425564408860523030307999893432460743024", "price": "0.94", "size": "0", "side": "SELL", "hash": "a6e700c482a73ee4238091543a07a75c8ab52930", "best_bid": "0.28", "best_ask": "0.43"}], "timestamp": "1769384741631", "event_type": "price_change"}}
{"_local_timestamp": "2026-01-25T23:45:42.026907+00:00", "data": {"market": "0x0a1b551058f78174cf64ed9d61edb103a76c4df88232ee1188dbc9e390896e7d", "price_changes": [{"asset_id": "56474994774559829851462437736234567725783260130778254578352001078848194168934", "price": "0.05", "size": "300", "side": "BUY", "hash": "4d857ece69f947eefa4a5dc58c627f029299525e", "best_bid": "0.57", "best_ask": "0.72"}, {"asset_id": "68841043137419682742407917950323128757425564408860523030307999893432460743024", "price": "0.95", "size": "300", "side": "SELL", "hash": "0fcb760111730cf188762b78ada1baffaea74aa7", "best_bid": "0.28", "best_ask": "0.43"}], "timestamp": "1769384741914", "event_type": "price_change"}}
