{"_local_timestamp": "2026-01-25T23:40:36.027883+00:00", "data": [{"market": "0x0a1b551058f78174cf64ed9d61edb103a76c4df88232ee1188dbc9e390896e7d", "asset_id": "56474994774559829851462437736234567725783260130778254578352001078848194168934", "timestamp": "1769384420292", "hash": "9e82ed03f2dd17e11fa9d29e41af421016e089c1", "bids": [{"price": "0.01", "size": "5810.19"}, {"price": "0.02", "size": "2000"}, {"price": "0.03", "size": "10.64"}, {"price": "0.05", "size": "300"}, {"price": "0.07", "size": "814.28"}, {"price": "0.1", "size": "840"}, {"price": "0.11", "size": "5.26"}, {"price": "0.13", "size": "246.15"}, {"price": "0.14", "size": "487"}, {"price": "0.17", "size": "164.7"}, {"price": "0.2", "size": "430"}, {"price": "0.21", "size": "100"}, {"price": "0.22", "size": "9"}, {"price": "0.23", "size": "104.34"}, {"price": "0.27", "size": "74.07"}, {"price": "0.34", "size": "100"}, {"price": "0.46", "size": "28.26"}, {"price": "0.47", "size": "23.4"}, {"price": "0.48", "size": "66.66"}, {"price": "0.5", "size": "300"}, {"price": "0.52", "size": "166.66"}, {"price": "0.55", "size": "66.66"}, {"price": "0.57", "size": "0.46"}], "asks": [{"price": "0.99", "size": "2110.84"}, {"price": "0.98", "size": "750"}, {"price": "0.97", "size": "5.6"}, {"price": "0.92", "size": "387"}, {"price": "0.91", "size": "8.03"}, {"price": "0.81", "size": "20"}, {"price": "0.8", "size": "200"}, {"price": "0.79", "size": "48.62"}, {"price": "0.78", "size": "50"}, {"price": "0.77", "size": "256.52"}, {"price": "0.75", "size": "48.62"}, {"price": "0.67", "size": "27"}, {"price": "0.66", "size": "48.62"}], "event_type": "book", "last_trade_price": "0.570"}, {"market": "0x0a1b551058f78174cf64ed9d61edb103a76c4df88232ee1188dbc9e390896e7d", "asset_id": "68841043137419682742407917950323128757425564408860523030307999893432460743024", "timestamp": "1769384420292", "hash": "478efbb33861fd50b5daeaf811a430c6a74106b1", "bids": [{"price": "0.01", "size": "2110.84"}, {"price": "0.02", "size": "750"}, {"price": "0.03", "size": "5.6"}, {"price": "0.08", "size": "387"}, {"price": "0.09", "size": "8.03"}, {"price": "0.19", "size": "20"}, {"price": "0.2", "size": "200"}, {"price": "0.21", "size": "48.62"}, {"price": "0.22", "size": "50"}, {"price": "0.23", "size": "256.52"}, {"price": "0.25", "size": "48.62"}, {"price": "0.33", "size": "27"}, {"price": "0.34", "size": "48.62"}], "asks": [{"price": "0.99", "size": "5810.19"}, {"price": "0.98", "size": "2000"}, {"price": "0.97", "size": "10.64"}, {"price": "0.95", "size": "300"}, {"price": "0.93", "size": "814.28"}, {"price": "0.9", "size": "840"}, {"price": "0.89", "size": "5.26"}, {"price": "0.87", "size": "246.15"}, {"price": "0.86", "size": "487"}, {"price": "0.83", "size": "164.7"}, {"price": "0.8", "size": "430"}, {"price": "0.79", "size": "100"}, {"price": "0.78", "size": "9"}, {"price": "0.77", "size": "104.34"}, {"price": "0.73", "size": "74.07"}, {"price": "0.66", "size": "100"}, {"price": "0.54", "size": "28.26"}, {"price": "0.53", "size": "23.4"}, {"price": "0.52", "size": "66.66"}, {"price": "0.5", "size": "300"}, {"price": "0.48", "size": "166.66"}, {"price": "0.45", "size": "66.66"}, {"price": "0.43", "size": "0.46"}], "event_type": "book", "last_trade_price": "0.570"}]}
{"_local_timestamp": "2026-01-25T23:41:51.037934+00:00", "data": {"market": "0x0a1b551058f78174cf64ed9d61edb103a76c4df88232ee1188dbc9e390896e7d", "price_changes": [{"asset_id": "56474994774559829851462437736234567725783260130778254578352001078848194168934", "price": "0.01", "size": "5510.19", "side": "BUY", "hash": "c25624787994950bc945b8a4096684cd807fc0b0", "best_bid": "0.57", "best_ask": "0.66"}, {"asset_id": "68841043137419682742407917950323128757425564408860523030307999893432460743024", "price": "0.99", "size": "5510.19", "side": "SELL", "hash": "ea5a39f36fe2a65fd014271a909a1be7dd0c5779", "best_bid": "0.34", "best_ask": "0.43"}], "timestamp": "1769384510970", "event_type": "price_change"}}
{"_local_timestamp": "2026-01-25T23:41:51.038894+00:00", "data": {"market": "0x0a1b551058f78174cf64ed9d61edb103a76c4df88232ee1188dbc9e390896e7d", "price_changes": [{"asset_id": "56474994774559829851462437736234567725783260130778254578352001078848194168934", "price": "0.21", "size": "0", "side": "BUY", "hash": "c25624787994950bc945b8a4096684cd807fc0b0", "best_bid": "0.57", "best_ask": "0.66"}, {"asset_id": "68841043137419682742407917950323128757425564408860523030307999893432460743024", "price": "0.79", "size": "0", "side": "SELL", "hash": "ea5a39f36fe2a65fd014271a909a1be7dd0c5779", "best_bid": "0.34", "best_ask": "0.43"}], "timestamp": "1769384510970", "event_type": "price_change"}}
{"_local_timestamp": "2026-01-25T23:41:52.871204+00:00", "data": {"market": "0x0a1b551058f78174cf64ed9d61edb103a76c4df88232ee1188dbc9e390896e7d", "price_changes": [{"asset_id": "56474994774559829851462437736234567725783260130778254578352001078848194168934", "price": "0.1", "size": "1140", "side": "BUY", "hash": "46b82ec1a5d5da82e0a60349210ba15d300e7422", "best_bid": "0.57", "best_ask": "0.66"}, {"asset_id": "68841043137419682742407917950323128757425564408860523030307999893432460743024", "price": "0.9", "size": "1140", "side": "SELL", "hash": "8aa74b7e0f0c9b820aaa942f83c7c3f373c53c02", "best_bid": "0.34", "best_ask": "0.43"}], "timestamp": "1769384511828", "event_type": "price_change"}}
{"_local_timestamp": "2026-01-25T23:41:53.000058+00:00", "data": {"market": "0x0a1b551058f78174cf64ed9d61edb103a76c4df88232ee1188dbc9e390896e7d", "price_changes": [{"asset_id": "56474994774559829851462437736234567725783260130778254578352001078848194168934", "price": "0.23", "size": "204.34", "side": "BUY", "hash": "2ef3102b0216624adc4ff4d808e418294ed5b10c", "best_bid": "0.57", "best_ask": "0.66"}, {"asset_id": "68841043137419682742407917950323128757425564408860523030307999893432460743024", "price": "0.77", "size": "204.34", "side": "SELL", "hash": "3ba9dc93af127404d07980dfc626ecab79a24ca1", "best_bid": "0.34", "best_ask": "0.43"}], "timestamp": "1769384512668", "event_type": "price_change"}}
{"_local_timestamp": "2026-01-25T23:41:53.758314+00:00", "data": {"market": "0x0a1b551058f78174cf64ed9d61edb103a76c4df88232ee1188dbc9e390896e7d", "price_changes": [{"asset_id": "56474994774559829851462437736234567725783260130778254578352001078848194168934", "price": "0.56", "size": "67.85", "side": "BUY", "hash": "ceed202a27305a6df6b3678b3e258b2c248bd074", "best_bid": "0.57", "best_ask": "0.66"}, {"asset_id": "68841043137419682742407917950323128757425564408860523030307999893432460743024", "price": "0.44", "size": "67.85", "side": "SELL", "hash": "d9bb500a777955aba5ea8cb62c2dd350a2ed80db", "best_bid": "0.34", "best_ask": "0.43"}], "timestamp": "1769384513689", "event_type": "price_change"}}
{"_local_timestamp": "2026-01-25T23:42:41.283177+00:00", "data": {"market": "0x0a1b551058f78174cf64ed9d61edb103a76c4df88232ee1188dbc9e390896e7d", "price_changes": [{"asset_id": "56474994774559829851462437736234567725783260130778254578352001078848194168934", "price": "0.22", "size": "0", "side": "BUY", "hash": "5fbf4e221636c0cefaf8f7cec01786706f0a34b2", "best_bid": "0.57", "best_ask": "0.66"}, {"asset_id": "68841043137419682742407917950323128757425564408860523030307999893432460743024", "price": "0.78", "size": "0", "side": "SELL", "hash": "8a5cc263973a0c8525e63e7a8eaee38684f122b2", "best_bid": "0.34", "best_ask": "0.43"}], "timestamp": "1769384561138", "event_type": "price_change"}}
{"_local_timestamp": "2026-01-25T23:42:41.330418+00:00", "data": {"market": "0x0a1b551058f78174cf64ed9d61edb103a76c4df88232ee1188dbc9e390896e7d", "price_changes": [{"asset_id": "56474994774559829851462437736234567725783260130778254578352001078848194168934", "price": "0.24", "size": "8", "side": "BUY", "hash": "c1dcdf6dd4ee167cc6d69ccffb616fd8628e66c5", "best_bid": "0.57", "best_ask": "0.66"}, {"asset_id": "68841043137419682742407917950323128757425564408860523030307999893432460743024", "price": "0.76", "size": "8", "side": "SELL", "hash": "af50980397f081eebc9c17961ece4e32c3867bcf", "best_bid": "0.34", "best_ask": "0.43"}], "timestamp": "1769384561188", "event_type": "price_change"}}
{"_local_timestamp": "2026-01-25T23:42:54.326444+00:00", "data": {"market": "0x0a1b551058f78174cf64ed9d61edb103a76c4df88232ee1188dbc9e390896e7d", "price_changes": [{"asset_id": "68841043137419682742407917950323128757425564408860523030307999893432460743024", "price": "0.09", "size": "0", "side": "BUY", "hash": "cebb274893bb894990ee0643037c2e7a3ecba6f8", "best_bid": "0.34", "best_ask": "0.43"}, {"asset_id": "56474994774559829851462437736234567725783260130778254578352001078848194168934", "price": "0.91", "size": "0", "side": "SELL", "hash": "741ac3953faee1501a63cbe0d07c94eac770a972", "best_bid": "0.57", "best_ask": "0.66"}], "timestamp": "1769384574178", "event_type": "price_change"}}
{"_local_timestamp": "2026-01-25T23:42:56.016115+00:00", "data": {"market": "0x0a1b551058f78174cf64ed9d61edb103a76c4df88232ee1188dbc9e390896e7d", "price_changes": [{"asset_id": "68841043137419682742407917950323128757425564408860523030307999893432460743024", "price": "0.09", "size": "8.04", "side": "BUY", "hash": "6046c588571ace69388c9e7054e7ad75536f7294", "best_bid": "0.34", "best_ask": "0.43"}, {"asset_id": "56474994774559829851462437736234567725783260130778254578352001078848194168934", "price": "0.91", "size": "8.04", "side": "SELL", "hash": "2b715913e6ffcb3070aeb37d7180b8f3075f333b", "best_bid": "0.57", "best_ask": "0.66"}], "timestamp": "1769384575874", "event_type": "price_change"}}
{"_local_timestamp": "2026-01-25T23:43:28.919034+00:00", "data": {"market": "0x0a1b551058f78174cf64ed9d61edb103a76c4df88232ee1188dbc9e390896e7d", "price_changes": [{"asset_id": "68841043137419682742407917950323128757425564408860523030307999893432460743024", "price": "0.33", "size": "0", "side": "BUY", "hash": "d8f252a9010a2172e86cc49311185f01f0b4f5b2", "best_bid": "0.34", "best_ask": "0.43"}, {"asset_id": "56474994774559829851462437736234567725783260130778254578352001078848194168934", "price": "0.67", "size": "0", "side": "SELL", "hash": "5ca80d760c5300d7d13a3c93ca4d35d09ec8e7e5", "best_bid": "0.57", "best_ask": "0.66"}], "timestamp": "1769384608782", "event_type": "price_change"}}
{"_local_timestamp": "2026-01-25T23:43:31.051488+00:00", "data": {"market": "0x0a1b551058f78174cf64ed9d61edb103a76c4df88232ee1188dbc9e390896e7d", "price_changes": [{"asset_id": "68841043137419682742407917950323128757425564408860523030307999893432460743024", "price": "0.35", "size": "25", "side": "BUY", "hash": "9fa818d5b70fd0e35cab23a6ac765ef7c746eb09", "best_bid": "0.35", "best_ask": "0.43"}, {"asset_id": "56474994774559829851462437736234567725783260130778254578352001078848194168934", "price": "0.65", "size": "25", "side": "SELL", "hash": "463d3ba10c452e4989e775e948f0f5151999f5b3", "best_bid": "0.57", "best_ask": "0.65"}], "timestamp": "1769384610939", "event_type": "price_change"}}
{"_local_timestamp": "2026-01-25T23:43:31.710581+00:00", "data": {"market": "0x0a1b551058f78174cf64ed9d61edb103a76c4df88232ee1188dbc9e390896e7d", "price_changes": [{"asset_id": "56474994774559829851462437736234567725783260130778254578352001078848194168934", "price": "0.07", "size": "300", "side": "BUY", "hash": "bc4a8effc100044eb4a497a222922b4e997cbca6", "best_bid": "0.57", "best_ask": "0.65"}, {"asset_id": "68841043137419682742407917950323128757425564408860523030307999893432460743024", "price": "0.93", "size": "300", "side": "SELL", "hash": "85538aacc642b0dbb47227b72a3da0e270eba904", "best_bid": "0.35", "best_ask": "0.43"}], "timestamp": "1769384611605", "event_type": "price_change"}}
{"_local_timestamp": "2026-01-25T23:43:31.711122+00:00", "data": {"market": "0x0a1b551058f78174cf64ed9d61edb103a76c4df88232ee1188dbc9e390896e7d", "price_changes": [{"asset_id": "56474994774559829851462437736234567725783260130778254578352001078848194168934", "price": "0.13", "size": "0", "side": "BUY", "hash": "bc4a8effc100044eb4a497a222922b4e997cbca6", "best_bid": "0.57", "best_ask": "0.65"}, {"asset_id": "68841043137419682742407917950323128757425564408860523030307999893432460743024", "price": "0.87", "size": "0", "side": "SELL", "hash": "85538aacc642b0dbb47227b72a3da0e270eba904", "best_bid": "0.35", "best_ask": "0.43"}], "timestamp": "1769384611605", "event_type": "price_change"}}
{"_local_timestamp": "2026-01-25T23:43:31.711588+00:00", "data": {"market": "0x0a1b551058f78174cf64ed9d61edb103a76c4df88232ee1188dbc9e390896e7d", "price_changes": [{"asset_id": "56474994774559829851462437736234567725783260130778254578352001078848194168934", "price": "0.1", "size": "800", "side": "BUY", "hash": "bc4a8effc100044eb4a497a222922b4e997cbca6", "best_bid": "0.57", "best_ask": "0.65"}, {"asset_id": "68841043137419682742407917950323128757425564408860523030307999893432460743024", "price": "0.9", "size": "800", "side": "SELL", "hash": "85538aacc642b0dbb47227b72a3da0e270eba904", "best_bid": "0.35", "best_ask": "0.43"}], "timestamp": "1769384611605", "event_type": "price_change"}}
{"_local_timestamp": "2026-01-25T23:43:31.719735+00:00", "data": {"market": "0x0a1b551058f78174cf64ed9d61edb103a76c4df88232ee1188dbc9e390896e7d", "price_changes": [{"asset_id": "56474994774559829851462437736234567725783260130778254578352001078848194168934", "price": "0.23", "size": "100", "side": "BUY", "hash": "bc4a8effc100044eb4a497a222922b4e997cbca6", "best_bid": "0.57", "best_ask": "0.65"}, {"asset_id": "68841043137419682742407917950323128757425564408860523030307999893432460743024", "price": "0.77", "size": "100", "side": "SELL", "hash": "85538aacc642b0dbb47227b72a3da0e270eba904", "best_bid": "0.35", "best_ask": "0.43"}], "timestamp": "1769384611605", "event_type": "price_change"}}
{"_local_timestamp": "2026-01-25T23:43:31.720289+00:00", "data": {"market": "0x0a1b551058f78174cf64ed9d61edb103a76c4df88232ee1188dbc9e390896e7d", "price_changes": [{"asset_id": "56474994774559829851462437736234567725783260130778254578352001078848194168934", "price": "0.27", "size": "0", "side": "BUY", "hash": "bc4a8effc100044eb4a497a222922b4e997cbca6", "best_bid": "0.57", "best_ask": "0.65"}, {"asset_id": "68841043137419682742407917950323128757425564408860523030307999893432460743024", "price": "0.73", "size": "0", "side": "SELL", "hash": "85538aacc642b0dbb47227b72a3da0e270eba904", "best_bid": "0.35", "best_ask": "0.43"}], "timestamp": "1769384611605", "event_type": "price_change"}}
{"_local_timestamp": "2026-01-25T23:43:31.720726+00:00", "data": {"market": "0x0a1b551058f78174cf64ed9d61edb103a76c4df88232ee1188dbc9e390896e7d", "price_changes": [{"asset_id": "56474994774559829851462437736234567725783260130778254578352001078848194168934", "price": "0.17", "size": "0", "side": "BUY", "hash": "bc4a8effc100044eb4a497a222922b4e997cbca6", "best_bid": "0.57", "best_ask": "0.65"}, {"asset_id": "68841043137419682742407917950323128757425564408860523030307999893432460743024", "price": "0.83", "size": "0", "side": "SELL", "hash": "85538aacc642b0dbb47227b72a3da0e270eba904", "best_bid": "0.35", "best_ask": "0.43"}], "timestamp": "1769384611605", "event_type": "price_change"}}
{"_local_timestamp": "2026-01-25T23:43:31.721144+00:00", "data": {"market": "0x0a1b551058f78174cf64ed9d61edb103a76c4df88232ee1188dbc9e390896e7d", "price_changes": [{"asset_id": "56474994774559829851462437736234567725783260130778254578352001078848194168934", "price": "0.2", "size": "300", "side": "BUY", "hash": "bc4a8effc100044eb4a497a222922b4e997cbca6", "best_bid": "0.57", "best_ask": "0.65"}, {"asset_id": "68841043137419682742407917950323128757425564408860523030307999893432460743024", "price": "0.8", "size": "300", "side": "SELL", "hash": "85538aacc642b0dbb47227b72a3da0e270eba904", "best_bid": "0.35", "best_ask": "0.43"}], "timestamp": "1769384611605", "event_type": "price_change"}}
{"_local_timestamp": "2026-01-25T23:43:31.750250+00:00", "data": {"market": "0x0a1b551058f78174cf64ed9d61edb103a76c4df88232ee1188dbc9e390896e7d", "price_changes": [{"asset_id": "56474994774559829851462437736234567725783260130778254578352001078848194168934", "price": "0.26", "size": "76.92", "side": "BUY", "hash": "5916126e3ef8a8bd8dc23503569fddbec6655184", "best_bid": "0.57", "best_ask": "0.65"}, {"asset_id": "68841043137419682742407917950323128757425564408860523030307999893432460743024", "price": "0.74", "size": "76.92", "side": "SELL", "hash": "0e6dcaf047e23085e7af2a599571220b74785b9b", "best_bid": "0.35", "best_ask": "0.43"}], "timestamp": "1769384611651", "event_type": "price_change"}}
{"_local_timestamp": "2026-01-25T23:43:31.798673+00:00", "data": {"market": "0x0a1b551058f78174cf64ed9d61edb103a76c4df88232ee1188dbc9e390896e7d", "price_changes": [{"asset_id": "56474994774559829851462437736234567725783260130778254578352001078848194168934", "price": "0.23", "size": "204.34", "side": "BUY", "hash": "51f1d83c9d8dabc2f9ef27984df2c755f97a4f7b", "best_bid": "0.57", "best_ask": "0.65"}, {"asset_id": "68841043137419682742407917950323128757425564408860523030307999893432460743024", "price": "0.77", "size": "204.34", "side": "SELL", "hash": "18fc0737710fcdc4c0f5f517f6c473d06bf07c50", "best_bid": "0.35", "best_ask": "0.43"}], "timestamp": "1769384611698", "event_type": "price_change"}}
{"_local_timestamp": "2026-01-25T23:43:31.840972+00:00", "data": {"market": "0x0a1b551058f78174cf64ed9d61edb103a76c4df88232ee1188dbc9e390896e7d", "price_changes": [{"asset_id": "56474994774559829851462437736234567725783260130778254578352001078848194168934", "price": "0.2", "size": "430", "side": "BUY", "hash": "e2b0789f6dd4df47847fcdb136d893f269375737", "best_bid": "0.57", "best_ask": "0.65"}, {"asset_id": "68841043137419682742407917950323128757425564408860523030307999893432460743024", "price": "0.8", "size": "430", "side": "SELL", "hash": "64427e6ef6fc07d2f3e98be540434fbb0595ae56", "best_bid": "0.35", "best_ask": "0.43"}], "timestamp": "1769384611745", "event_type": "price_change"}}
{"_local_timestamp": "2026-01-25T23:43:31.886067+00:00", "data": {"market": "0x0a1b551058f78174cf64ed9d61edb103a76c4df88232ee1188dbc9e390896e7d", "price_changes": [{"asset_id": "56474994774559829851462437736234567725783260130778254578352001078848194168934", "price": "0.16", "size": "175", "side": "BUY", "hash": "ef551c974b132544ca5bfe31aa63441214476872", "best_bid": "0.57", "best_ask": "0.65"}, {"asset_id": "68841043137419682742407917950323128757425564408860523030307999893432460743024", "price": "0.84", "size": "175", "side": "SELL", "hash": "5e729410ab15503e20ea83fe8fbb360699594608", "best_bid": "0.35", "best_ask": "0.43"}], "timestamp": "1769384611789", "event_type": "price_change"}}
{"_local_timestamp": "2026-01-25T23:43:31.934823+00:00", "data": {"market": "0x0a1b551058f78174cf64ed9d61edb103a76c4df88232ee1188dbc9e390896e7d", "price_changes": [{"asset_id": "56474994774559829851462437736234567725783260130778254578352001078848194168934", "price": "0.13", "size": "246.15", "side": "BUY", "hash": "606f0d70bfbfdfb64165603dc83b9c79f1d83512", "best_bid": "0.57", "best_ask": "0.65"}, {"asset_id": "68841043137419682742407917950323128757425564408860523030307999893432460743024", "price": "0.87", "size": "246.15", "side": "SELL", "hash": "d2dea2e8eea0dedac8eb9675988193498e82b1dc", "best_bid": "0.35", "best_ask": "0.43"}], "timestamp": "1769384611833", "event_type": "price_change"}}
{"_local_timestamp": "2026-01-25T23:43:31.982496+00:00", "data": {"market": "0x0a1b551058f78174cf64ed9d61edb103a76c4df88232ee1188dbc9e390896e7d", "price_changes": [{"asset_id": "56474994774559829851462437736234567725783260130778254578352001078848194168934", "price": "0.1", "size": "1140", "side": "BUY", "hash": "300ea1d160f8719f59948ea9b1ddf6c2354600fa", "best_bid": "0.57", "best_ask": "0.65"}, {"asset_id": "68841043137419682742407917950323128757425564408860523030307999893432460743024", "price": "0.9", "size": "1140", "side": "SELL", "hash": "9af218d5f518b277b7c491bdc63e852e2c115ea7", "best_bid": "0.35", "best_ask": "0.43"}], "timestamp": "1769384611879", "event_type": "price_change"}}
{"_local_timestamp": "2026-01-25T23:43:32.022083+00:00", "data": {"market": "0x0a1b551058f78174cf64ed9d61edb103a76c4df88232ee1188dbc9e390896e7d", "price_changes": [{"asset_id": "56474994774559829851462437736234567725783260130778254578352001078848194168934", "price": "0.06", "size": "600", "side": "BUY", "hash": "2fdbed6fbf0b53f1f2f5ad2d3c0f00bcf07a03fb", "best_bid": "0.57", "best_ask": "0.65"}, {"asset_id": "68841043137419682742407917950323128757425564408860523030307999893432460743024", "price": "0.94", "size": "600", "side": "SELL", "hash": "2ae7d1621a1c085eaa87461dadc5b1820b334046", "best_bid": "0.35", "best_ask": "0.43"}], "timestamp": "1769384611922", "event_type": "price_change"}}
{"_local_timestamp": "2026-01-25T23:43:42.220197+00:00", "data": {"market": "0x0a1b551058f78174cf64ed9d61edb103a76c4df88232ee1188dbc9e390896e7d", "price_changes": [{"asset_id": "56474994774559829851462437736234567725783260130778254578352001078848194168934", "price": "0.56", "size": "0", "side": "BUY", "hash": "9900e596d150bce178c9e1edaa48433e996d307d", "best_bid": "0.57", "best_ask": "0.65"}, {"asset_id": "68841043137419682742407917950323128757425564408860523030307999893432460743024", "price": "0.44", "size": "0", "side": "SELL", "hash": "6787f61b812868732a47e449b742f7285a994c14", "best_bid": "0.35", "best_ask": "0.43"}], "timestamp": "1769384622132", "event_type": "price_change"}}
{"_local_timestamp": "2026-01-25T23:43:56.706043+00:00", "data": {"market": "0x0a1b551058f78174cf64ed9d61edb103a76c4df88232ee1188dbc9e390896e7d", "price_changes": [{"asset_id": "56474994774559829851462437736234567725783260130778254578352001078848194168934", "price": "0.05", "size": "0", "side": "BUY", "hash": "ceae96e86941de07b65341262e5d3a220c213167", "best_bid": "0.57", "best_ask": "0.65"}, {"asset_id": "68841043137419682742407917950323128757425564408860523030307999893432460743024", "price": "0.95", "size": "0", "side": "SELL", "hash": "4c65865dfd4ab056887fb28e5ac8d8f047eeeef7", "best_bid": "0.35", "best_ask": "0.43"}], "timestamp": "1769384636531", "event_type": "price_change"}}
{"_local_timestamp": "2026-01-25T23:43:56.925292+00:00", "data": {"market": "0x0a1b551058f78174cf64ed9d61edb103a76c4df88232ee1188dbc9e390896e7d", "price_changes": [{"asset_id": "56474994774559829851462437736234567725783260130778254578352001078848194168934", "price": "0.06", "size": "900", "side": "BUY", "hash": "5acf06d2b5baace90da6d7fc5268152cee0b4b40", "best_bid": "0.57", "best_ask": "0.65"}, {"asset_id": "68841043137419682742407917950323128757425564408860523030307999893432460743024", "price": "0.94", "size": "900", "side": "SELL", "hash": "5ef36120519766652fbfedbc4853be4795574dbd", "best_bid": "0.35", "best_ask": "0.43"}], "timestamp": "1769384636790", "event_type": "price_change"}}
{"_local_timestamp": "2026-01-25T23:44:09.083256+00:00", "data": {"market": "0x0a1b551058f78174cf64ed9d61edb103a76c4df88232ee1188dbc9e390896e7d", "price_changes": [{"asset_id": "56474994774559829851462437736234567725783260130778254578352001078848194168934", "price": "0.23", "size": "254.34", "side": "BUY", "hash": "7b1035d7988c11b8483626274dfa3652a18597ce", "best_bid": "0.57", "best_ask": "0.65"}, {"asset_id": "68841043137419682742407917950323128757425564408860523030307999893432460743024", "price": "0.77", "size": "254.34", "side": "SELL", "hash": "fba5596e67f17a86c895d148a170c5f63afa3728", "best_bid": "0.35", "best_ask": "0.43"}], "timestamp": "1769384648765", "event_type": "price_change"}}
{"_local_timestamp": "2026-01-25T23:45:12.485963+00:00", "data": {"market": "0x0a1b551058f78174cf64ed9d61edb103a76c4df88232ee1188dbc9e390896e7d", "price_changes": [{"asset_id": "56474994774559829851462437736234567725783260130778254578352001078848194168934", "price": "0.56", "size": "67.85", "side": "BUY", "hash": "85265cdf8a43555a8dbbf5020446271733123945", "best_bid": "0.57", "best_ask": "0.65"}, {"asset_id": "68841043137419682742407917950323128757425564408860523030307999893432460743024", "price": "0.44", "size": "67.85", "side": "SELL", "hash": "6ebee6350323ed4a76ad90fe34689f703dac2e29", "best_bid": "0.35", "best_ask": "0.43"}], "timestamp": "1769384712405", "event_type": "price_change"}}
{"_local_timestamp": "2026-01-25T23:45:14.944313+00:00", "data": {"market": "0x0a1b551058f78174cf64ed9d61edb103a76c4df88232ee1188dbc9e390896e7d", "price_changes": [{"asset_id": "68841043137419682742407917950323128757425564408860523030307999893432460743024", "price": "0.34", "size": "0", "side": "BUY", "hash": "b117e1f1cac1c4f9e026d5148c2311b5df0342af", "best_bid": "0.35", "best_ask": "0.43"}, {"asset_id": "56474994774559829851462437736234567725783260130778254578352001078848194168934", "price": "0.66", "size": "0", "side": "SELL", "hash": "e10ab665694bf01009fbb1a13c17c917b349a6bf", "best_bid": "0.57", "best_ask": "0.65"}], "timestamp": "1769384714870", "event_type": "price_change"}}
{"_local_timestamp": "2026-01-25T23:45:14.946832+00:00", "data": {"market": "0x0a1b551058f78174cf64ed9d61edb103a76c4df88232ee1188dbc9e390896e7d", "price_changes": [{"asset_id": "68841043137419682742407917950323128757425564408860523030307999893432460743024", "price": "0.25", "size": "0", "side": "BUY", "hash": "b117e1f1cac1c4f9e026d5148c2311b5df0342af", "best_bid": "0.35", "best_ask": "0.43"}, {"asset_id": "56474994774559829851462437736234567725783260130778254578352001078848194168934", "price": "0.75", "size": "0", "side": "SELL", "hash": "e10ab665694bf01009fbb1a13c17c917b349a6bf", "best_bid": "0.57", "best_ask": "0.65"}], "timestamp": "1769384714870", "event_type": "price_change"}}
{"_local_timestamp": "2026-01-25T23:45:14.947423+00:00", "data": {"market": "0x0a1b551058f78174cf64ed9d61edb103a76c4df88232ee1188dbc9e390896e7d", "price_changes": [{"asset_id": "68841043137419682742407917950323128757425564408860523030307999893432460743024", "price": "0.21", "size": "0", "side": "BUY", "hash": "b117e1f1cac1c4f9e026d5148c2311b5df0342af", "best_bid": "0.35", "best_ask": "0.43"}, {"asset_id": "56474994774559829851462437736234567725783260130778254578352001078848194168934", "price": "0.79", "size": "0", "side": "SELL", "hash": "e10ab665694bf01009fbb1a13c17c917b349a6bf", "best_bid": "0.57", "best_ask": "0.65"}], "timestamp": "1769384714870", "event_type": "price_change"}}
{"_local_timestamp": "2026-01-25T23:45:15.607724+00:00", "data": {"market": "0x0a1b551058f78174cf64ed9d61edb103a76c4df88232ee1188dbc9e390896e7d", "price_changes": [{"asset_id": "68841043137419682742407917950323128757425564408860523030307999893432460743024", "price": "0.21", "size": "72.93", "side": "BUY", "hash": "790a42a2db8a7d4e05b2c654b74a69a4feb04a89", "best_bid": "0.35", "best_ask": "0.43"}, {"asset_id": "56474994774559829851462437736234567725783260130778254578352001078848194168934", "price": "0.79", "size": "72.93", "side": "SELL", "hash": "2222677e9697ccd00bfc192adaa8cecdde539852", "best_bid": "0.57", "best_ask": "0.65"}], "timestamp": "1769384715531", "event_type": "price_change"}}
{"_local_timestamp": "2026-01-25T23:45:15.624743+00:00", "data": {"market": "0x0a1b551058f78174cf64ed9d61edb103a76c4df88232ee1188dbc9e390896e7d", "price_changes": [{"asset_id": "68841043137419682742407917950323128757425564408860523030307999893432460743024", "price": "0.28", "size": "72.93", "side": "BUY", "hash": "20397c6f3720b7a4721e1c939a99a1ed0203e626", "best_bid": "0.35", "best_ask": "0.43"}, {"asset_id": "56474994774559829851462437736234567725783260130778254578352001078848194168934", "price": "0.72", "size": "72.93", "side": "SELL", "hash": "61a34fa9e969b56bd45867a860c322cab7c6d27f", "best_bid": "0.57", "best_ask": "0.65"}], "timestamp": "1769384715552", "event_type": "price_change"}}
{"_local_timestamp": "2026-01-25T23:45:19.423183+00:00", "data": {"market": "0x0a1b551058f78174cf64ed9d61edb103a76c4df88232ee1188dbc9e390896e7d", "price_changes": [{"asset_id": "68841043137419682742407917950323128757425564408860523030307999893432460743024", "price": "0.35", "size": "0", "side": "BUY", "hash": "b3ee03962424ac5899416c868b1d657e59a1e6d0", "best_bid": "0.28", "best_ask": "0.43"}, {"asset_id": "56474994774559829851462437736234567725783260130778254578352001078848194168934", "price": "0.65", "size": "0", "side": "SELL", "hash": "50e7901f5f9ab3c468c3bca024a7fcb3dc74fd12", "best_bid": "0.57", "best_ask": "0.72"}], "timestamp": "1769384719347", "event_type": "price_change"}}
{"_local_timestamp": "2026-01-25T23:45:19.655490+00:00", "data": {"market": "0x0a1b551058f78174cf64ed9d61edb103a76c4df88232ee1188dbc9e390896e7d", "price_changes": [{"asset_id": "68841043137419682742407917950323128757425564408860523030307999893432460743024", "price": "0.24", "size": "25", "side": "BUY", "hash": "79ba1a0a889ecc5a56d7f64e53ad049b47447d77", "best_bid": "0.28", "best_ask": "0.43"}, {"asset_id": "56474994774559829851462437736234567725783260130778254578352001078848194168934", "price": "0.76", "size": "25", "side": "SELL", "hash": "005a9a955a8efd2107ad53dfc293804910af17e5", "best_bid": "0.57", "best_ask": "0.72"}], "timestamp": "1769384719583", "event_type": "price_change"}}
{"_local_timestamp": "2026-01-25T23:45:20.368978+00:00", "data": {"market": "0x0a1b551058f78174cf64ed9d61edb103a76c4df88232ee1188dbc9e390896e7d", "price_changes": [{"asset_id": "56474994774559829851462437736234567725783260130778254578352001078848194168934", "price": "0.16", "size": "0", "side": "BUY", "hash": "8a5bdb674f87105e7461b0190ae94a5baad252ba", "best_bid": "0.57", "best_ask": "0.72"}, {"asset_id": "68841043137419682742407917950323128757425564408860523030307999893432460743024", "price": "0.84", "size": "0", "side": "SELL", "hash": "a550aef0a116de0863f2581e9d4450a3aa8351c2", "best_bid": "0.28", "best_ask": "0.43"}], "timestamp": "1769384720299", "event_type": "price_change"}}
{"_local_timestamp": "2026-01-25T23:45:20.369560+00:00", "data": {"market": "0x0a1b551058f78174cf64ed9d61edb103a76c4df88232ee1188dbc9e390896e7d", "price_changes": [{"asset_id": "56474994774559829851462437736234567725783260130778254578352001078848194168934", "price": "0.26", "size": "0", "side": "BUY", "hash": "8a5bdb674f87105e7461b0190ae94a5baad252ba", "best_bid": "0.57", "best_ask": "0.72"}, {"asset_id": "68841043137419682742407917950323128757425564408860523030307999893432460743024", "price": "0.74", "size": "0", "side": "SELL", "hash": "a550aef0a116de0863f2581e9d4450a3aa8351c2", "best_bid": "0.28", "best_ask": "0.43"}], "timestamp": "1769384720299", "event_type": "price_change"}}
{"_local_timestamp": "2026-01-25T23:45:20.370045+00:00", "data": {"market": "0x0a1b551058f78174cf64ed9d61edb103a76c4df88232ee1188dbc9e390896e7d", "price_changes": [{"asset_id": "56474994774559829851462437736234567725783260130778254578352001078848194168934", "price": "0.06", "size": "300", "side": "BUY", "hash": "8a5bdb674f87105e7461b0190ae94a5baad252ba", "best_bid": "0.57", "best_ask": "0.72"}, {"asset_id": "68841043137419682742407917950323128757425564408860523030307999893432460743024", "price": "0.94", "size": "300", "side": "SELL", "hash": "a550aef0a116de0863f2581e9d4450a3aa8351c2", "best_bid": "0.28", "best_ask": "0.43"}], "timestamp": "1769384720299", "event_type": "price_change"}}
{"_local_timestamp": "2026-01-25T23:45:20.370532+00:00", "data": {"market": "0x0a1b551058f78174cf64ed9d61edb103a76c4df88232ee1188dbc9e390896e7d", "price_changes": [{"asset_id": "56474994774559829851462437736234567725783260130778254578352001078848194168934", "price": "0.23", "size": "150", "side": "BUY", "hash": "8a5bdb674f87105e7461b0190ae94a5baad252ba", "best_bid": "0.57", "best_ask": "0.72"}, {"asset_id": "68841043137419682742407917950323128757425564408860523030307999893432460743024", "price": "0.77", "size": "150", "side": "SELL", "hash": "a550aef0a116de0863f2581e9d4450a3aa8351c2", "best_bid": "0.28", "best_ask": "0.43"}], "timestamp": "1769384720299", "event_type": "price_change"}}
{"_local_timestamp": "2026-01-25T23:45:20.371002+00:00", "data": {"market": "0x0a1b551058f78174cf64ed9d61edb103a76c4df88232ee1188dbc9e390896e7d", "price_changes": [{"asset_id": "56474994774559829851462437736234567725783260130778254578352001078848194168934", "price": "0.13", "size": "0", "side": "BUY", "hash": "8a5bdb674f87105e7461b0190ae94a5baad252ba", "best_bid": "0.57", "best_ask": "0.72"}, {"asset_id": "68841043137419682742407917950323128757425564408860523030307999893432460743024", "price": "0.87", "size": "0", "side": "SELL", "hash": "a550aef0a116de0863f2581e9d4450a3aa8351c2", "best_bid": "0.28", "best_ask": "0.43"}], "timestamp": "1769384720299", "event_type": "price_change"}}
{"_local_timestamp": "2026-01-25T23:45:20.371463+00:00", "data": {"market": "0x0a1b551058f78174cf64ed9d61edb103a76c4df88232ee1188dbc9e390896e7d", "price_changes": [{"asset_id": "56474994774559829851462437736234567725783260130778254578352001078848194168934", "price": "0.2", "size": "300", "side": "BUY", "hash": "8a5bdb674f87105e7461b0190ae94a5baad252ba", "best_bid": "0.57", "best_ask": "0.72"}, {"asset_id": "68841043137419682742407917950323128757425564408860523030307999893432460743024", "price": "0.8", "size": "300", "side": "SELL", "hash": "a550aef0a116de0863f2581e9d4450a3aa8351c2", "best_bid": "0.28", "best_ask": "0.43"}], "timestamp": "1769384720299", "event_type": "price_change"}}
{"_local_timestamp": "2026-01-25T23:45:20.371989+00:00", "data": {"market": "0x0a1b551058f78174cf64ed9d61edb103a76c4df88232ee1188dbc9e390896e7d", "price_changes": [{"asset_id": "56474994774559829851462437736234567725783260130778254578352001078848194168934", "price": "0.1", "size": "800", "side": "BUY", "hash": "8a5bdb674f87105e7461b0190ae94a5baad252ba", "best_bid": "0.57", "best_ask": "0.72"}, {"asset_id": "68841043137419682742407917950323128757425564408860523030307999893432460743024", "price": "0.9", "size": "800", "side": "SELL", "hash": "a550aef0a116de0863f2581e9d4450a3aa8351c2", "best_bid": "0.28", "best_ask": "0.43"}], "timestamp": "1769384720299", "event_type": "price_change"}}
{"_local_timestamp": "2026-01-25T23:45:41.702960+00:00", "data": {"market": "0x0a1b551058f78174cf64ed9d61edb103a76c4df88232ee1188dbc9e390896e7d", "price_changes": [{"asset_id": "56474994774559829851462437736234567725783260130778254578352001078848194168934", "price": "0.06", "size": "0", "side": "BUY", "hash": "a14124c18407e5f348eb3204509c93ed3fa0e597", "best_bid": "0.57", "best_ask": "0.72"}, {"asset_id": "68841043137419682742407917950323128757425564408860523030307999893432460743024", "price": "0.94", "size": "0", "side": "SELL", "hash": "a6e700c482a73ee4238091543a07a75c8ab52930", "best_bid": "0.28", "best_ask": "0.43"}], "timestamp": "1769384741631", "event_type": "price_change"}}
{"_local_timestamp": "2026-01-25T23:45:42.026907+00:00", "data": {"market": "0x0a1b551058f78174cf64ed9d61edb103a76c4df88232ee1188dbc9e390896e7d", "price_changes": [{"asset_id": "56474994774559829851462437736234567725783260130778254578352001078848194168934", "price": "0.05", "size": "300", "side": "BUY", "hash": "4d857ece69f947eefa4a5dc58c627f029299525e", "best_bid": "0.57", "best_ask": "0.72"}, {"asset_id": "68841043137419682742407917950323128757425564408860523030307999893432460743024", "price": "0.95", "size": "300", "side": "SELL", "hash": "0fcb760111730cf188762b78ada1baffaea74aa7", "best_bid": "0.28", "best_ask": "0.43"}], "timestamp": "1769384741914", "event_type": "price_change"}}
{"_local_timestamp": "2026-01-25T23:45:53.273075+00:00", "data": {"market": "0x0a1b551058f78174cf64ed9d61edb103a76c4df88232ee1188dbc9e390896e7d", "price_changes": [{"asset_id": "56474994774559829851462437736234567725783260130778254578352001078848194168934", "price": "0.23", "size": "100", "side": "BUY", "hash": "6c84c1d1ba0846e028ad7504d7e03f59cc9cfb1d", "best_bid": "0.57", "best_ask": "0.72"}, {"asset_id": "68841043137419682742407917950323128757425564408860523030307999893432460743024", "price": "0.77", "size": "100", "side": "SELL", "hash": "a721c90fd13103dd4f4a5abf6d0aee825a807666", "best_bid": "0.28", "best_ask": "0.43"}], "timestamp": "1769384753029", "event_type": "price_change"}}
{"_local_timestamp": "2026-01-25T23:45:56.548365+00:00", "data": {"market": "0x0a1b551058f78174cf64ed9d61edb103a76c4df88232ee1188dbc9e390896e7d", "price_changes": [{"asset_id": "56474994774559829851462437736234567725783260130778254578352001078848194168934", "price": "0.14", "size": "325", "side": "BUY", "hash": "90f79bb86c2af142c23ac44a6ac94f9fade27491", "best_bid": "0.57", "best_ask": "0.72"}, {"asset_id": "68841043137419682742407917950323128757425564408860523030307999893432460743024", "price": "0.86", "size": "325", "side": "SELL", "hash": "82734107d6636800ca5f90124b240eb87a2ae788", "best_bid": "0.28", "best_ask": "0.43"}], "timestamp": "1769384756083", "event_type": "price_change"}}
{"_local_timestamp": "2026-01-25T23:45:56.857043+00:00", "data": {"market": "0x0a1b551058f78174cf64ed9d61edb103a76c4df88232ee1188dbc9e390896e7d", "price_changes": [{"asset_id": "68841043137419682742407917950323128757425564408860523030307999893432460743024", "price": "0.08", "size": "100", "side": "BUY", "hash": "0cb4498fe89772443c6105f21c06efc0f67011b3", "best_bid": "0.28", "best_ask": "0.43"}, {"asset_id": "56474994774559829851462437736234567725783260130778254578352001078848194168934", "price": "0.92", "size": "100", "side": "SELL", "hash": "d87b31d3dac1677b431dbd5ff0e5b0dcad1b6470", "best_bid": "0.57", "best_ask": "0.72"}], "timestamp": "1769384756126", "event_type": "price_change"}}
{"_local_timestamp": "2026-01-25T23:46:11.172990+00:00", "data": {"market": "0x0a1b551058f78174cf64ed9d61edb103a76c4df88232ee1188dbc9e390896e7d", "price_changes": [{"asset_id": "56474994774559829851462437736234567725783260130778254578352001078848194168934", "price": "0.24", "size": "135", "side": "BUY", "hash": "1cb9f5bd4f01abf1b869a11679213cda6a60c616", "best_bid": "0.57", "best_ask": "0.72"}, {"asset_id": "68841043137419682742407917950323128757425564408860523030307999893432460743024", "price": "0.76", "size": "135", "side": "SELL", "hash": "fc7461dead85c61502428f947a086bd23c8e3552", "best_bid": "0.28", "best_ask": "0.43"}], "timestamp": "1769384771048", "event_type": "price_change"}}
{"_local_timestamp": "2026-01-25T23:46:11.173658+00:00", "data": {"market": "0x0a1b551058f78174cf64ed9d61edb103a76c4df88232ee1188dbc9e390896e7d", "price_changes": [{"asset_id": "68841043137419682742407917950323128757425564408860523030307999893432460743024", "price": "0.09", "size": "201.04", "side": "BUY", "hash": "0d966afdaa3551b14d4cbf4e8f0bc29bfef67f62", "best_bid": "0.28", "best_ask": "0.43"}, {"asset_id": "56474994774559829851462437736234567725783260130778254578352001078848194168934", "price": "0.91", "size": "201.04", "side": "SELL", "hash": "222ca0f637a8c14bb24827be80e0ae4f96c2fa2f", "best_bid": "0.57", "best_ask": "0.72"}], "timestamp": "1769384771051", "event_type": "price_change"}}
{"_local_timestamp": "2026-01-25T23:46:23.631423+00:00", "data": {"market": "0x0a1b551058f78174cf64ed9d61edb103a76c4df88232ee1188dbc9e390896e7d", "price_changes": [{"asset_id": "68841043137419682742407917950323128757425564408860523030307999893432460743024", "price": "0.08", "size": "0", "side": "BUY", "hash": "dfdc6191a1d5a35b0f73f9ea5bb63545278fd16a", "best_bid": "0.28", "best_ask": "0.43"}, {"asset_id": "56474994774559829851462437736234567725783260130778254578352001078848194168934", "price": "0.92", "size": "0", "side": "SELL", "hash": "92f9ea0d6a9357ba6a4417721999462c993e9782", "best_bid": "0.57", "best_ask": "0.72"}], "timestamp": "1769384783556", "event_type": "price_change"}}
{"_local_timestamp": "2026-01-25T23:46:23.913434+00:00", "data": {"market": "0x0a1b551058f78174cf64ed9d61edb103a76c4df88232ee1188dbc9e390896e7d", "price_changes": [{"asset_id": "68841043137419682742407917950323128757425564408860523030307999893432460743024", "price": "0.02", "size": "1350", "side": "BUY", "hash": "7707ac356493e26e6053fcba154b54873229e531", "best_bid": "0.28", "best_ask": "0.43"}, {"asset_id": "56474994774559829851462437736234567725783260130778254578352001078848194168934", "price": "0.98", "size": "1350", "side": "SELL", "hash": "0ffc644d8c536de30c9857235d41fd1dd5741835", "best_bid": "0.57", "best_ask": "0.72"}], "timestamp": "1769384783843", "event_type": "price_change"}}
{"_local_timestamp": "2026-01-25T23:46:28.835123+00:00", "data": {"market": "0x0a1b551058f78174cf64ed9d61edb103a76c4df88232ee1188dbc9e390896e7d", "price_changes": [{"asset_id": "68841043137419682742407917950323128757425564408860523030307999893432460743024", "price": "0.24", "size": "0", "side": "BUY", "hash": "516aaef62798b9974522665a3d073ed674391466", "best_bid": "0.28", "best_ask": "0.43"}, {"asset_id": "56474994774559829851462437736234567725783260130778254578352001078848194168934", "price": "0.76", "size": "0", "side": "SELL", "hash": "5ee831739ee15c7c97068f1a3194f82d4684c2ce", "best_bid": "0.57", "best_ask": "0.72"}], "timestamp": "1769384788737", "event_type": "price_change"}}
{"_local_timestamp": "2026-01-25T23:46:31.159547+00:00", "data": {"market": "0x0a1b551058f78174cf64ed9d61edb103a76c4df88232ee1188dbc9e390896e7d", "price_changes": [{"asset_id": "68841043137419682742407917950323128757425564408860523030307999893432460743024", "price": "0.29", "size": "31", "side": "BUY", "hash": "d78de6d675ab47a01078405b362b087efded4a8f", "best_bid": "0.29", "best_ask": "0.43"}, {"asset_id": "56474994774559829851462437736234567725783260130778254578352001078848194168934", "price": "0.71", "size": "31", "side": "SELL", "hash": "02185a647207f8d37e7afadc911b69ab0e8fb0c9", "best_bid": "0.57", "best_ask": "0.71"}], "timestamp": "1769384791075", "event_type": "price_change"}}
{"_local_timestamp": "2026-01-25T23:46:35.719339+00:00", "data": {"market": "0x0a1b551058f78174cf64ed9d61edb103a76c4df88232ee1188dbc9e390896e7d", "price_changes": [{"asset_id": "68841043137419682742407917950323128757425564408860523030307999893432460743024", "price": "0.29", "size": "56", "side": "BUY", "hash": "b771fff3a0fcb2087ad5d95ee48268ba02d10d80", "best_bid": "0.29", "best_ask": "0.43"}, {"asset_id": "56474994774559829851462437736234567725783260130778254578352001078848194168934", "price": "0.71", "size": "56", "side": "SELL", "hash": "35b37af9d4a3cc138b918079337e55f94848417d", "best_bid": "0.57", "best_ask": "0.71"}], "timestamp": "1769384795635", "event_type": "price_change"}}
{"_local_timestamp": "2026-01-25T23:46:45.931073+00:00", "data": {"market": "0x0a1b551058f78174cf64ed9d61edb103a76c4df88232ee1188dbc9e390896e7d", "price_changes": [{"asset_id": "68841043137419682742407917950323128757425564408860523030307999893432460743024", "price": "0.02", "size": "750", "side": "BUY", "hash": "f9845d56b1898e6fe1b046731261a592a1f3def7", "best_bid": "0.29", "best_ask": "0.43"}, {"asset_id": "56474994774559829851462437736234567725783260130778254578352001078848194168934", "price": "0.98", "size": "750", "side": "SELL", "hash": "c33bfa383df9a72bc83a0e5e12c00b8022853257", "best_bid": "0.57", "best_ask": "0.71"}], "timestamp": "1769384805861", "event_type": "price_change"}}
{"_local_timestamp": "2026-01-25T23:46:46.204241+00:00", "data": {"market": "0x0a1b551058f78174cf64ed9d61edb103a76c4df88232ee1188dbc9e390896e7d", "price_changes": [{"asset_id": "68841043137419682742407917950323128757425564408860523030307999893432460743024", "price": "0.09", "size": "301.04", "side": "BUY", "hash": "b603f359814f4b599966d38de18d8757be34c301", "best_bid": "0.29", "best_ask": "0.43"}, {"asset_id": "56474994774559829851462437736234567725783260130778254578352001078848194168934", "price": "0.91", "size": "301.04", "side": "SELL", "hash": "3d063faaf19fb7452b6657df9284a93b73b5be45", "best_bid": "0.57", "best_ask": "0.71"}], "timestamp": "1769384806128", "event_type": "price_change"}}
{"_local_timestamp": "2026-01-25T23:47:01.927458+00:00", "data": {"market": "0x0a1b551058f78174cf64ed9d61edb103a76c4df88232ee1188dbc9e390896e7d", "price_changes": [{"asset_id": "56474994774559829851462437736234567725783260130778254578352001078848194168934", "price": "0.56", "size": "0", "side": "BUY", "hash": "b578a542727c132a3c2c9268d18323db22d89b55", "best_bid": "0.57", "best_ask": "0.71"}, {"asset_id": "68841043137419682742407917950323128757425564408860523030307999893432460743024", "price": "0.44", "size": "0", "side": "SELL", "hash": "511eb94f31870f45d5be65f0133a0e7c0393448e", "best_bid": "0.29", "best_ask": "0.43"}], "timestamp": "1769384821853", "event_type": "price_change"}}
{"_local_timestamp": "2026-01-25T23:47:52.777750+00:00", "data": {"market": "0x0a1b551058f78174cf64ed9d61edb103a76c4df88232ee1188dbc9e390896e7d", "price_changes": [{"asset_id": "56474994774559829851462437736234567725783260130778254578352001078848194168934", "price": "0.52", "size": "100", "side": "BUY", "hash": "8f429c75f4d8713fe801be392dacaa34ab7b9959", "best_bid": "0.57", "best_ask": "0.71"}, {"asset_id": "68841043137419682742407917950323128757425564408860523030307999893432460743024", "price": "0.48", "size": "100", "side": "SELL", "hash": "fcdf40a8dbfb8a2fd1fd4aea6aaae1e2569f3b51", "best_bid": "0.29", "best_ask": "0.43"}], "timestamp": "1769384872709", "event_type": "price_change"}}
{"_local_timestamp": "2026-01-25T23:47:52.778876+00:00", "data": {"market": "0x0a1b551058f78174cf64ed9d61edb103a76c4df88232ee1188dbc9e390896e7d", "price_changes": [{"asset_id": "68841043137419682742407917950323128757425564408860523030307999893432460743024", "price": "0.28", "size": "0", "side": "BUY", "hash": "46a869baf7fa481800850601cfa8e0a54d9d0b97", "best_bid": "0.29", "best_ask": "0.43"}, {"asset_id": "56474994774559829851462437736234567725783260130778254578352001078848194168934", "price": "0.72", "size": "0", "side": "SELL", "hash": "f2eea27f6bd19047da84bdb7fcecbeebba0182d3", "best_bid": "0.57", "best_ask": "0.71"}], "timestamp": "1769384872710", "event_type": "price_change"}}
{"_local_timestamp": "2026-01-25T23:47:52.779429+00:00", "data": {"market": "0x0a1b551058f78174cf64ed9d61edb103a76c4df88232ee1188dbc9e390896e7d", "price_changes": [{"asset_id": "68841043137419682742407917950323128757425564408860523030307999893432460743024", "price": "0.21", "size": "0", "side": "BUY", "hash": "46a869baf7fa481800850601cfa8e0a54d9d0b97", "best_bid": "0.29", "best_ask": "0.43"}, {"asset_id": "56474994774559829851462437736234567725783260130778254578352001078848194168934", "price": "0.79", "size": "0", "side": "SELL", "hash": "f2eea27f6bd19047da84bdb7fcecbeebba0182d3", "best_bid": "0.57", "best_ask": "0.71"}], "timestamp": "1769384872710", "event_type": "price_change"}}
{"_local_timestamp": "2026-01-25T23:47:53.241711+00:00", "data": {"market": "0x0a1b551058f78174cf64ed9d61edb103a76c4df88232ee1188dbc9e390896e7d", "price_changes": [{"asset_id": "68841043137419682742407917950323128757425564408860523030307999893432460743024", "price": "0.09", "size": "293", "side": "BUY", "hash": "e16b5679817bdc15afe86812bba37f23138ed24c", "best_bid": "0.29", "best_ask": "0.43"}, {"asset_id": "56474994774559829851462437736234567725783260130778254578352001078848194168934", "price": "0.91", "size": "293", "side": "SELL", "hash": "aa424cdf6af9f98a82696b24c01d01c9e4cd0938", "best_bid": "0.57", "best_ask": "0.71"}], "timestamp": "1769384873168", "event_type": "price_change"}}
{"_local_timestamp": "2026-01-25T23:47:53.413280+00:00", "data": {"market": "0x0a1b551058f78174cf64ed9d61edb103a76c4df88232ee1188dbc9e390896e7d", "price_changes": [{"asset_id": "68841043137419682742407917950323128757425564408860523030307999893432460743024", "price": "0.21", "size": "48.62", "side": "BUY", "hash": "333c31d0f3b7329fb9b3a37375539a615c3c3774", "best_bid": "0.29", "best_ask": "0.43"}, {"asset_id": "56474994774559829851462437736234567725783260130778254578352001078848194168934", "price": "0.79", "size": "48.62", "side": "SELL", "hash": "46684115485033a36591f35789d6ffac87a9889c", "best_bid": "0.57", "best_ask": "0.71"}], "timestamp": "1769384873343", "event_type": "price_change"}}
{"_local_timestamp": "2026-01-25T23:47:53.446342+00:00", "data": {"market": "0x0a1b551058f78174cf64ed9d61edb103a76c4df88232ee1188dbc9e390896e7d", "price_changes": [{"asset_id": "68841043137419682742407917950323128757425564408860523030307999893432460743024", "price": "0.25", "size": "48.62", "side": "BUY", "hash": "33111598a769917b64f8f96e7a5259396042c976", "best_bid": "0.29", "best_ask": "0.43"}, {"asset_id": "56474994774559829851462437736234567725783260130778254578352001078848194168934", "price": "0.75", "size": "48.62", "side": "SELL", "hash": "4a3e646bf7235274de3a165a310bc2bd004de519", "best_bid": "0.57", "best_ask": "0.71"}], "timestamp": "1769384873367", "event_type": "price_change"}}
{"_local_timestamp": "2026-01-25T23:47:53.544379+00:00", "data": {"market": "0x0a1b551058f78174cf64ed9d61edb103a76c4df88232ee1188dbc9e390896e7d", "price_changes": [{"asset_id": "56474994774559829851462437736234567725783260130778254578352001078848194168934", "price": "0.35", "size": "66.66", "side": "BUY", "hash": "5993067b509e7ed39222bff61a21033630fc98d8", "best_bid": "0.57", "best_ask": "0.71"}, {"asset_id": "68841043137419682742407917950323128757425564408860523030307999893432460743024", "price": "0.65", "size": "66.66", "side": "SELL", "hash": "5cd65876e18a8d968703df5b07d8e9f9969935f2", "best_bid": "0.29", "best_ask": "0.43"}], "timestamp": "1769384873468", "event_type": "price_change"}}
{"_local_timestamp": "2026-01-25T23:47:53.565451+00:00", "data": {"market": "0x0a1b551058f78174cf64ed9d61edb103a76c4df88232ee1188dbc9e390896e7d", "price_changes": [{"asset_id": "68841043137419682742407917950323128757425564408860523030307999893432460743024", "price": "0.3", "size": "48.62", "side": "BUY", "hash": "2dad9ba5c0c4a95a4b8fb1da306360d61875026a", "best_bid": "0.3", "best_ask": "0.43"}, {"asset_id": "56474994774559829851462437736234567725783260130778254578352001078848194168934", "price": "0.7", "size": "48.62", "side": "SELL", "hash": "56285b23d856c50a87f59e60b450e0ffd18ff823", "best_bid": "0.57", "best_ask": "0.7"}], "timestamp": "1769384873485", "event_type": "price_change"}}
{"_local_timestamp": "2026-01-25T23:47:53.733762+00:00", "data": {"market": "0x0a1b551058f78174cf64ed9d61edb103a76c4df88232ee1188dbc9e390896e7d", "price_changes": [{"asset_id": "68841043137419682742407917950323128757425564408860523030307999893432460743024", "price": "0.1", "size": "5.44", "side": "BUY", "hash": "ef5f4aee5ebc4ac922d18224360ac52150145e79", "best_bid": "0.3", "best_ask": "0.43"}, {"asset_id": "56474994774559829851462437736234567725783260130778254578352001078848194168934", "price": "0.9", "size": "5.44", "side": "SELL", "hash": "34ae4fd48d26a36d481442c8fb3dbfac07328768", "best_bid": "0.57", "best_ask": "0.7"}], "timestamp": "1769384873664", "event_type": "price_change"}}
{"_local_timestamp": "2026-01-25T23:47:53.734510+00:00", "data": {"market": "0x0a1b551058f78174cf64ed9d61edb103a76c4df88232ee1188dbc9e390896e7d", "price_changes": [{"asset_id": "68841043137419682742407917950323128757425564408860523030307999893432460743024", "price": "0.03", "size": "11.58", "side": "BUY", "hash": "618078d4aa8f11bff4c17bf5f37947b60c032d5c", "best_bid": "0.3", "best_ask": "0.43"}, {"asset_id": "56474994774559829851462437736234567725783260130778254578352001078848194168934", "price": "0.97", "size": "11.58", "side": "SELL", "hash": "1c7f631bf9937723127975f7c9e409cbab116633", "best_bid": "0.57", "best_ask": "0.7"}], "timestamp": "1769384873665", "event_type": "price_change"}}
{"_local_timestamp": "2026-01-25T23:48:33.255648+00:00", "data": {"market": "0x0a1b551058f78174cf64ed9d61edb103a76c4df88232ee1188dbc9e390896e7d", "price_changes": [{"asset_id": "56474994774559829851462437736234567725783260130778254578352001078848194168934", "price": "0.56", "size": "67.85", "side": "BUY", "hash": "2f8673f22811ca9ceae00fd5e048b0b9f24b3e41", "best_bid": "0.57", "best_ask": "0.7"}, {"asset_id": "68841043137419682742407917950323128757425564408860523030307999893432460743024", "price": "0.44", "size": "67.85", "side": "SELL", "hash": "edc77b43dc796b9c0f4ffadf02ea051b97a4940d", "best_bid": "0.3", "best_ask": "0.43"}], "timestamp": "1769384913179", "event_type": "price_change"}}
{"_local_timestamp": "2026-01-25T23:49:28.980010+00:00", "data": {"market": "0x0a1b551058f78174cf64ed9d61edb103a76c4df88232ee1188dbc9e390896e7d", "price_changes": [{"asset_id": "68841043137419682742407917950323128757425564408860523030307999893432460743024", "price": "0.29", "size": "25", "side": "BUY", "hash": "c4df9ff3713aa70b0f0c4681aa5291b1451d727c", "best_bid": "0.3", "best_ask": "0.43"}, {"asset_id": "56474994774559829851462437736234567725783260130778254578352001078848194168934", "price": "0.71", "size": "25", "side": "SELL", "hash": "e989764aa139965b8d963ea6a65cba4e5e6b9953", "best_bid": "0.57", "best_ask": "0.7"}], "timestamp": "1769384968887", "event_type": "price_change"}}
{"_local_timestamp": "2026-01-25T23:49:30.368533+00:00", "data": {"market": "0x0a1b551058f78174cf64ed9d61edb103a76c4df88232ee1188dbc9e390896e7d", "price_changes": [{"asset_id": "56474994774559829851462437736234567725783260130778254578352001078848194168934", "price": "0.1", "size": "500", "side": "BUY", "hash": "6f0ea9c60efcf848a679d311524950d9d6f20561", "best_bid": "0.57", "best_ask": "0.7"}, {"asset_id": "68841043137419682742407917950323128757425564408860523030307999893432460743024", "price": "0.9", "size": "500", "side": "SELL", "hash": "cfdfdc3c02a113c2d02065c778bbd9e0b6fb7066", "best_bid": "0.3", "best_ask": "0.43"}], "timestamp": "1769384970066", "event_type": "price_change"}}
{"_local_timestamp": "2026-01-25T23:49:30.369308+00:00", "data": {"market": "0x0a1b551058f78174cf64ed9d61edb103a76c4df88232ee1188dbc9e390896e7d", "price_changes": [{"asset_id": "56474994774559829851462437736234567725783260130778254578352001078848194168934", "price": "0.23", "size": "0", "side": "BUY", "hash": "6f0ea9c60efcf848a679d311524950d9d6f20561", "best_bid": "0.57", "best_ask": "0.7"}, {"asset_id": "68841043137419682742407917950323128757425564408860523030307999893432460743024", "price": "0.77", "size": "0", "side": "SELL", "hash": "cfdfdc3c02a113c2d02065c778bbd9e0b6fb7066", "best_bid": "0.3", "best_ask": "0.43"}], "timestamp": "1769384970066", "event_type": "price_change"}}
{"_local_timestamp": "2026-01-25T23:49:31.111742+00:00", "data": {"market": "0x0a1b551058f78174cf64ed9d61edb103a76c4df88232ee1188dbc9e390896e7d", "price_changes": [{"asset_id": "56474994774559829851462437736234567725783260130778254578352001078848194168934", "price": "0.01", "size": "5810.19", "side": "BUY", "hash": "fa43d273239672a667754f9666dd05763cbeabfa", "best_bid": "0.57", "best_ask": "0.7"}, {"asset_id": "68841043137419682742407917950323128757425564408860523030307999893432460743024", "price": "0.99", "size": "5810.19", "side": "SELL", "hash": "b5855ecc85ca3916f30dfd3532601eef68330156", "best_bid": "0.3", "best_ask": "0.43"}], "timestamp": "1769384970683", "event_type": "price_change"}}
{"_local_timestamp": "2026-01-25T23:49:31.151112+00:00", "data": {"market": "0x0a1b551058f78174cf64ed9d61edb103a76c4df88232ee1188dbc9e390896e7d", "price_changes": [{"asset_id": "56474994774559829851462437736234567725783260130778254578352001078848194168934", "price": "0.24", "size": "235", "side": "BUY", "hash": "2e5bf414f3ae7c15ae4349d079f9e6c39676f973", "best_bid": "0.57", "best_ask": "0.7"}, {"asset_id": "68841043137419682742407917950323128757425564408860523030307999893432460743024", "price": "0.76", "size": "235", "side": "SELL", "hash": "7ccda20b0f7428603083a95869ac94dbf474198e", "best_bid": "0.3", "best_ask": "0.43"}], "timestamp": "1769384970780", "event_type": "price_change"}}
{"_local_timestamp": "2026-01-25T23:49:31.501426+00:00", "data": {"market": "0x0a1b551058f78174cf64ed9d61edb103a76c4df88232ee1188dbc9e390896e7d", "price_changes": [{"asset_id": "68841043137419682742407917950323128757425564408860523030307999893432460743024", "price": "0.31", "size": "29", "side": "BUY", "hash": "0c76c876012811c0a69f6920b916d683dd1a7647", "best_bid": "0.31", "best_ask": "0.43"}, {"asset_id": "56474994774559829851462437736234567725783260130778254578352001078848194168934", "price": "0.69", "size": "29", "side": "SELL", "hash": "d7f7b1663fdd236b482b788028c2ace4d9fec400", "best_bid": "0.57", "best_ask": "0.69"}], "timestamp": "1769384971423", "event_type": "price_change"}}
{"_local_timestamp": "2026-01-25T23:49:32.904043+00:00", "data": {"market": "0x0a1b551058f78174cf64ed9d61edb103a76c4df88232ee1188dbc9e390896e7d", "price_changes": [{"asset_id": "68841043137419682742407917950323128757425564408860523030307999893432460743024", "price": "0.29", "size": "0", "side": "BUY", "hash": "fcec9afabe15c2af4f6d18f45872424d5e192102", "best_bid": "0.31", "best_ask": "0.43"}, {"asset_id": "56474994774559829851462437736234567725783260130778254578352001078848194168934", "price": "0.71", "size": "0", "side": "SELL", "hash": "43c37f8c39e4c0bbf41a94ba7cc1474a1463ef8c", "best_bid": "0.57", "best_ask": "0.69"}], "timestamp": "1769384972837", "event_type": "price_change"}}
{"_local_timestamp": "2026-01-25T23:50:18.930165+00:00", "data": {"market": "0x0a1b551058f78174cf64ed9d61edb103a76c4df88232ee1188dbc9e390896e7d", "price_changes": [{"asset_id": "56474994774559829851462437736234567725783260130778254578352001078848194168934", "price": "0.56", "size": "0", "side": "BUY", "hash": "6c30afc886dd0c490bb590431b7a51fc6a695caa", "best_bid": "0.57", "best_ask": "0.69"}, {"asset_id": "68841043137419682742407917950323128757425564408860523030307999893432460743024", "price": "0.44", "size": "0", "side": "SELL", "hash": "df4cd268746c4a5e5b650ef5f65bf44f8b3394b2", "best_bid": "0.31", "best_ask": "0.43"}], "timestamp": "1769385018821", "event_type": "price_change"}}
{"_local_timestamp": "2026-01-25T23:50:29.447832+00:00", "data": {"market": "0x0a1b551058f78174cf64ed9d61edb103a76c4df88232ee1188dbc9e390896e7d", "price_changes": [{"asset_id": "68841043137419682742407917950323128757425564408860523030307999893432460743024", "price": "0.3", "size": "0", "side": "BUY", "hash": "d728d559a66556bf05919eadbecda165f319a4b5", "best_bid": "0.31", "best_ask": "0.43"}, {"asset_id": "56474994774559829851462437736234567725783260130778254578352001078848194168934", "price": "0.7", "size": "0", "side": "SELL", "hash": "ec32214ef74df7ba606dfb4be6b3f1b69a691480", "best_bid": "0.57", "best_ask": "0.69"}], "timestamp": "1769385029283", "event_type": "price_change"}}
{"_local_timestamp": "2026-01-25T23:50:29.929716+00:00", "data": {"market": "0x0a1b551058f78174cf64ed9d61edb103a76c4df88232ee1188dbc9e390896e7d", "price_changes": [{"asset_id": "68841043137419682742407917950323128757425564408860523030307999893432460743024", "price": "0.32", "size": "48.62", "side": "BUY", "hash": "7792275a507eedb1a11a2eed14d6429e19fa0b15", "best_bid": "0.32", "best_ask": "0.43"}, {"asset_id": "56474994774559829851462437736234567725783260130778254578352001078848194168934", "price": "0.68", "size": "48.62", "side": "SELL", "hash": "02ec193d87ff6861963201f4192cecdfc17986d9", "best_bid": "0.57", "best_ask": "0.68"}], "timestamp": "1769385029755", "event_type": "price_change"}}
{"_local_timestamp": "2026-01-25T23:51:06.003865+00:00", "data": {"market": "0x0a1b551058f78174cf64ed9d61edb103a76c4df88232ee1188dbc9e390896e7d", "price_changes": [{"asset_id": "56474994774559829851462437736234567725783260130778254578352001078848194168934", "price": "0.24", "size": "285", "side": "BUY", "hash": "88aa70de9f26c5b3e56b111e325528342d8d2419", "best_bid": "0.57", "best_ask": "0.68"}, {"asset_id": "68841043137419682742407917950323128757425564408860523030307999893432460743024", "price": "0.76", "size": "285", "side": "SELL", "hash": "adf45018570f2a9ccba8f60d111affb374769d33", "best_bid": "0.32", "best_ask": "0.43"}], "timestamp": "1769385065793", "event_type": "price_change"}}
