{"_local_timestamp": "2026-01-25T23:40:36.027883+00:00", "data": [{"market": "0x0a1b551058f78174cf64ed9d61edb103a76c4df88232ee1188dbc9e390896e7d", "asset_id": "56474994774559829851462437736234567725783260130778254578352001078848194168934", "timestamp": "1769384420292", "hash": "9e82ed03f2dd17e11fa9d29e41af421016e089c1", "bids": [{"price": "0.01", "size": "5810.19"}, {"price": "0.02", "size": "2000"}, {"price": "0.03", "size": "10.64"}, {"price": "0.05", "size": "300"}, {"price": "0.07", "size": "814.28"}, {"price": "0.1", "size": "840"}, {"price": "0.11", "size": "5.26"}, {"price": "0.13", "size": "246.15"}, {"price": "0.14", "size": "487"}, {"price": "0.17", "size": "164.7"}, {"price": "0.2", "size": "430"}, {"price": "0.21", "size": "100"}, {"price": "0.22", "size": "9"}, {"price": "0.23", "size": "104.34"}, {"price": "0.27", "size": "74.07"}, {"price": "0.34", "size": "100"}, {"price": "0.46", "size": "28.26"}, {"price": "0.47", "size": "23.4"}, {"price": "0.48", "size": "66.66"}, {"price": "0.5", "size": "300"}, {"price": "0.52", "size": "166.66"}, {"price": "0.55", "size": "66.66"}, {"price": "0.57", "size": "0.46"}], "asks": [{"price": "0.99", "size": "2110.84"}, {"price": "0.98", "size": "750"}, {"price": "0.97", "size": "5.6"}, {"price": "0.92", "size": "387"}, {"price": "0.91", "size": "8.03"}, {"price": "0.81", "size": "20"}, {"price": "0.8", "size": "200"}, {"price": "0.79", "size": "48.62"}, {"price": "0.78", "size": "50"}, {"price": "0.77", "size": "256.52"}, {"price": "0.75", "size": "48.62"}, {"price": "0.67", "size": "27"}, {"price": "0.66", "size": "48.62"}], "event_type": "book", "last_trade_price": "0.570"}, {"market": "0x0a1b551058f78174cf64ed9d61edb103a76c4df88232ee1188dbc9e390896e7d", "asset_id": "68841043137419682742407917950323128757425564408860523030307999893432460743024", "timestamp": "1769384420292", "hash": "478efbb33861fd50b5daeaf811a430c6a74106b1", "bids": [{"price": "0.01", "size": "2110.84"}, {"price": "0.02", "size": "750"}, {"price": "0.03", "size": "5.6"}, {"price": "0.08", "size": "387"}, {"price": "0.09", "size": "8.03"}, {"price": "0.19", "size": "20"}, {"price": "0.2", "size": "200"}, {"price": "0.21", "size": "48.62"}, {"price": "0.22", "size": "50"}, {"price": "0.23", "size": "256.52"}, {"price": "0.25", "size": "48.62"}, {"price": "0.33", "size": "27"}, {"price": "0.34", "size": "48.62"}], "asks": [{"price": "0.99", "size": "5810.19"}, {"price": "0.98", "size": "2000"}, {"price": "0.97", "size": "10.64"}, {"price": "0.95", "size": "300"}, {"price": "0.93", "size": "814.28"}, {"price": "0.9", "size": "840"}, {"price": "0.89", "size": "5.26"}, {"price": "0.87", "size": "246.15"}, {"price": "0.86", "size": "487"}, {"price": "0.83", "size": "164.7"}, {"price": "0.8", "size": "430"}, {"price": "0.79", "size": "100"}, {"price": "0.78", "size": "9"}, {"price": "0.77", "size": "104.34"}, {"price": "0.73", "size": "74.07"}, {"price": "0.66", "size": "100"}, {"price": "0.54", "size": "28.26"}, {"price": "0.53", "size": "23.4"}, {"price": "0.52", "size": "66.66"}, {"price": "0.5", "size": "300"}, {"price": "0.48", "size": "166.66"}, {"price": "0.45", "size": "66.66"}, {"price": "0.43", "size": "0.46"}], "event_type": "book", "last_trade_price": "0.570"}]}
{"_local_timestamp": "2026-01-25T23:41:51.037934+00:00", "data": {"market": "0x0a1b551058f78174cf64ed9d61edb103a76c4df88232ee1188dbc9e390896e7d", "price_changes": [{"asset_id": "56474994774559829851462437736234567725783260130778254578352001078848194168934", "price": "0.01", "size": "5510.19", "side": "BUY", "hash": "c25624787994950bc945b8a4096684cd807fc0b0", "best_bid": "0.57", "best_ask": "0.66"}, {"asset_id": "68841043137419682742407917950323128757425564408860523030307999893432460743024", "price": "0.99", "size": "5510.19", "side": "SELL", "hash": "ea5a39f36fe2a65fd014271a909a1be7dd0c5779", "best_bid": "0.34", "best_ask": "0.43"}], "timestamp": "1769384510970", "event_type": "price_change"}}
{"_local_timestamp": "2026-01-25T23:41:51.038894+00:00", "data": {"market": "0x0a1b551058f78174cf64ed9d61edb103a76c4df88232ee1188dbc9e390896e7d", "price_changes": [{"asset_id": "56474994774559829851462437736234567725783260130778254578352001078848194168934", "price": "0.21", "size": "0", "side": "BUY", "hash": "c25624787994950bc945b8a4096684cd807fc0b0", "best_bid": "0.57", "best_ask": "0.66"}, {"asset_id": "68841043137419682742407917950323128757425564408860523030307999893432460743024", "price": "0.79", "size": "0", "side": "SELL", "hash": "ea5a39f36fe2a65fd014271a909a1be7dd0c5779", "best_bid": "0.34", "best_ask": "0.43"}], "timestamp": "1769384510970", "event_type": "price_change"}}
{"_local_timestamp": "2026-01-25T23:41:52.871204+00:00", "data": {"market": "0x0a1b551058f78174cf64ed9d61edb103a76c4df88232ee1188dbc9e390896e7d", "price_changes": [{"asset_id": "56474994774559829851462437736234567725783260130778254578352001078848194168934", "price": "0.1", "size": "1140", "side": "BUY", "hash": "46b82ec1a5d5da82e0a60349210ba15d300e7422", "best_bid": "0.57", "best_ask": "0.66"}, {"asset_id": "68841043137419682742407917950323128757425564408860523030307999893432460743024", "price": "0.9", "size": "1140", "side": "SELL", "hash": "8aa74b7e0f0c9b820aaa942f83c7c3f373c53c02", "best_bid": "0.34", "best_ask": "0.43"}], "timestamp": "1769384511828", "event_type": "price_change"}}
{"_local_timestamp": "2026-01-25T23:41:53.000058+00:00", "data": {"market": "0x0a1b551058f78174cf64ed9d61edb103a76c4df88232ee1188dbc9e390896e7d", "price_changes": [{"asset_id": "56474994774559829851462437736234567725783260130778254578352001078848194168934", "price": "0.23", "size": "204.34", "side": "BUY", "hash": "2ef3102b0216624adc4ff4d808e418294ed5b10c", "best_bid": "0.57", "best_ask": "0.66"}, {"asset_id": "68841043137419682742407917950323128757425564408860523030307999893432460743024", "price": "0.77", "size": "204.34", "side": "SELL", "hash": "3ba9dc93af127404d07980dfc626ecab79a24ca1", "best_bid": "0.34", "best_ask": "0.43"}], "timestamp": "1769384512668", "event_type": "price_change"}}
{"_local_timestamp": "2026-01-25T23:41:53.758314+00:00", "data": {"market": "0x0a1b551058f78174cf64ed9d61edb103a76c4df88232ee1188dbc9e390896e7d", "price_changes": [{"asset_id": "56474994774559829851462437736234567725783260130778254578352001078848194168934", "price": "0.56", "size": "67.85", "side": "BUY", "hash": "ceed202a27305a6df6b3678b3e258b2c248bd074", "best_bid": "0.57", "best_ask": "0.66"}, {"asset_id": "68841043137419682742407917950323128757425564408860523030307999893432460743024", "price": "0.44", "size": "67.85", "side": "SELL", "hash": "d9bb500a777955aba5ea8cb62c2dd350a2ed80db", "best_bid": "0.34", "best_ask": "0.43"}], "timestamp": "1769384513689", "event_type": "price_change"}}
{"_local_timestamp": "2026-01-25T23:42:41.283177+00:00", "data": {"market": "0x0a1b551058f78174cf64ed9d61edb103a76c4df88232ee1188dbc9e390896e7d", "price_changes": [{"asset_id": "56474994774559829851462437736234567725783260130778254578352001078848194168934", "price": "0.22", "size": "0", "side": "BUY", "hash": "5fbf4e221636c0cefaf8f7cec01786706f0a34b2", "best_bid": "0.57", "best_ask": "0.66"}, {"asset_id": "68841043137419682742407917950323128757425564408860523030307999893432460743024", "price": "0.78", "size": "0", "side": "SELL", "hash": "8a5cc263973a0c8525e63e7a8eaee38684f122b2", "best_bid": "0.34", "best_ask": "0.43"}], "timestamp": "1769384561138", "event_type": "price_change"}}
{"_local_timestamp": "2026-01-25T23:42:41.330418+00:00", "data": {"market": "0x0a1b551058f78174cf64ed9d61edb103a76c4df88232ee1188dbc9e390896e7d", "price_changes": [{"asset_id": "56474994774559829851462437736234567725783260130778254578352001078848194168934", "price": "0.24", "size": "8", "side": "BUY", "hash": "c1dcdf6dd4ee167cc6d69ccffb616fd8628e66c5", "best_bid": "0.57", "best_ask": "0.66"}, {"asset_id": "68841043137419682742407917950323128757425564408860523030307999893432460743024", "price": "0.76", "size": "8", "side": "SELL", "hash": "af50980397f081eebc9c17961ece4e32c3867bcf", "best_bid": "0.34", "best_ask": "0.43"}], "timestamp": "1769384561188", "event_type": "price_change"}}
