{"_local_timestamp": "2026-01-25T23:41:23.827582+00:00", "data": [{"market": "0xa54fe659b83fb1cca26ada92cc6cc9d776ca48505c90451feac15eace169fa55", "asset_id": "53200248062226876123569452243005813928575451692129365907901400073474343755224", "timestamp": "1769384421657", "hash": "7788b6a3038d4ca448ebcaf0609f52c6e08cdf3b", "bids": [{"price": "0.01", "size": "568.34"}, {"price": "0.02", "size": "160.56"}, {"price": "0.03", "size": "83.42"}, {"price": "0.04", "size": "16.53"}], "asks": [{"price": "0.99", "size": "550"}, {"price": "0.98", "size": "400"}], "event_type": "book", "last_trade_price": ""}, {"market": "0x50128301b0a46bf35276c44ae4a30fe442e05261b6ceb7b7b131242bd4028e00", "asset_id": "81574480871320552602939850485362132231319954156712953948740664873575149366400", "timestamp": "1769382484883", "hash": "6d23e2a27af1eafa14f1480d3c619c3f04ed2059", "bids": [{"price": "0.01", "size": "714.79"}, {"price": "0.02", "size": "157.03"}, {"price": "0.03", "size": "12.74"}, {"price": "0.04", "size": "50"}, {"price": "0.05", "size": "110"}, {"price": "0.06", "size": "50.28"}], "asks": [{"price": "0.99", "size": "714.79"}, {"price": "0.98", "size": "156.7"}, {"price": "0.97", "size": "12.97"}, {"price": "0.95", "size": "125"}, {"price": "0.94", "size": "43.95"}], "event_type": "book", "last_trade_price": ""}, {"market": "0x50128301b0a46bf35276c44ae4a30fe442e05261b6ceb7b7b131242bd4028e00", "asset_id": "113784938500763032615093851393499775124525903060260146032395581822351129810411", "timestamp": "1769382484883", "hash": "f48a192d828aedbc33a17f63a6ff71d00663e7e7", "bids": [{"price": "0.01", "size": "714.79"}, {"price": "0.02", "size": "156.7"}, {"price": "0.03", "size": "12.97"}, {"price": "0.05", "size": "125"}, {"price": "0.06", "size": "43.95"}], "asks": [{"price": "0.99", "size": "714.79"}, {"price": "0.98", "size": "157.03"}, {"price": "0.97", "size": "12.74"}, {"price": "0.96", "size": "50"}, {"price": "0.95", "size": "110"}, {"price": "0.94", "size": "50.28"}], "event_type": "book", "last_trade_price": ""}, {"market": "0xa54fe659b83fb1cca26ada92cc6cc9d776ca48505c90451feac15eace169fa55", "asset_id": "98437271472542461755321936993362447767416716755856569940379437686849764764879", "timestamp": "1769384421657", "hash": "330baee3ad477ac2c3250a021e409fbc96aa6971", "bids": [{"price": "0.01", "size": "550"}, {"price": "0.02", "size": "400"}], "asks": [{"price": "0.99", "size": "568.34"}, {"price": "0.98", "size": "160.56"}, {"price": "0.97", "size": "83.42"}, {"price": "0.96", "size": "16.53"}], "event_type": "book", "last_trade_price": ""}, {"market": "0x641b34d48e4b0e55801529448352e64332137b093c9b32acdabd392d9ed2a212", "asset_id": "36776029009843487295676556833527870612824851862078165243302564332292592844435", "timestamp": "1769383638453", "hash": "3f683ef8daa2c0559e698d3ecc59b05e0c25ece5", "bids": [{"price": "0.001", "size": "837.23"}, {"price": "0.002", "size": "250"}, {"price": "0.003", "size": "22.54"}, {"price": "0.01", "size": "50"}, {"price": "0.011", "size": "8.59"}, {"price": "0.02", "size": "150"}, {"price": "0.021", "size": "6.6"}, {"price": "0.029", "size": "448.27"}, {"price": "0.031", "size": "177.41"}, {"price": "0.032", "size": "88"}, {"price": "0.037", "size": "18.4"}, {"price": "0.167", "size": "17.78"}, {"price": "0.168", "size": "40.47"}], "asks": [{"price": "0.999", "size": "4838.48"}, {"price": "0.998", "size": "250"}, {"price": "0.997", "size": "25.37"}, {"price": "0.99", "size": "50"}, {"price": "0.989", "size": "8.27"}, {"price": "0.98", "size": "150"}, {"price": "0.979", "size": "8.41"}, {"price": "0.97", "size": "194.25"}, {"price": "0.969", "size": "97"}, {"price": "0.96", "size": "62.5"}], "event_type": "book", "last_trade_price": ""}, {"market": "0x301af8ae3e3341bf68d8222c5b1b3788f24b8a55d6d0fa109b66f9ea51b093ca", "asset_id": "39453705500813409832054290512886267987367949714992883864866100379263657552097", "timestamp": "1769384420481", "hash": "f983d86a6835eaa926e5218adb4e0020dac5b984", "bids": [{"price": "0.01", "size": "572.03"}, {"price": "0.02", "size": "160.56"}, {"price": "0.03", "size": "84.63"}, {"price": "0.04", "size": "14.7"}], "asks": [{"price": "0.99", "size": "550"}, {"price": "0.98", "size": "400"}], "event_type": "book", "last_trade_price": ""}, {"market": "0x4bc309e1bc23f36c1174b63bf8a241dcb42f18069ab3d4342ee826450d27be1b", "asset_id": "69554995188320423583928773883572738082598697989155409818587894731544153970867", "timestamp": "1769384420476", "hash": "b315054814854db792fc42f5d29a14fa05e82178", "bids": [{"price": "0.01", "size": "550"}, {"price": "0.02", "size": "400"}], "asks": [{"price": "0.99", "size": "568.81"}, {"price": "0.98", "size": "158.94"}, {"price": "0.97", "size": "83.4"}, {"price": "0.96", "size": "11.77"}, {"price": "0.95", "size": "5.47"}], "event_type": "book", "last_trade_price": ""}, {"market": "0x641b34d48e4b0e55801529448352e64332137b093c9b32acdabd392d9ed2a212", "asset_id": "111061889636302035104722673669469941352748120621190120971066711558401931245424", "timestamp": "1769383638453", "hash": "4e7ba1e3cdb3ffc6319bfde7f74b4d017e1af252", "bids": [{"price": "0.001", "size": "4838.48"}, {"price": "0.002", "size": "250"}, {"price": "0.003", "size": "25.37"}, {"price": "0.01", "size": "50"}, {"price": "0.011", "size": "8.27"}, {"price": "0.02", "size": "150"}, {"price": "0.021", "size": "8.41"}, {"price": "0.03", "size": "194.25"}, {"price": "0.031", "size": "97"}, {"price": "0.04", "size": "62.5"}], "asks": [{"price": "0.999", "size": "837.23"}, {"price": "0.998", "size": "250"}, {"price": "0.997", "size": "22.54"}, {"price": "0.99", "size": "50"}, {"price": "0.989", "size": "8.59"}, {"price": "0.98", "size": "150"}, {"price": "0.979", "size": "6.6"}, {"price": "0.971", "size": "448.27"}, {"price": "0.969", "size": "177.41"}, {"price": "0.968", "size": "88"}, {"price": "0.963", "size": "18.4"}, {"price": "0.833", "size": "17.78"}, {"price": "0.832", "size": "40.47"}], "event_type": "book", "last_trade_price": ""}, {"market": "0x301af8ae3e3341bf68d8222c5b1b3788f24b8a55d6d0fa109b66f9ea51b093ca", "asset_id": "70671266987362122035615335102198726228110036487816154333167328115646410876155", "timestamp": "1769384420481", "hash": "87c8d4126a399b832b98f83a8d319c72c7444195", "bids": [{"price": "0.01", "size": "550"}, {"price": "0.02", "size": "400"}], "asks": [{"price": "0.99", "size": "572.03"}, {"price": "0.98", "size": "160.56"}, {"price": "0.97", "size": "84.63"}, {"price": "0.96", "size": "14.7"}], "event_type": "book", "last_trade_price": ""}, {"market": "0x4bc309e1bc23f36c1174b63bf8a241dcb42f18069ab3d4342ee826450d27be1b", "asset_id": "74291783146526529392603089647038782501921841209376675828039268393765901088401", "timestamp": "1769384420476", "hash": "3ae64507a6f5b1714b9c5e81a3f60027d6d0f8c6", "bids": [{"price": "0.01", "size": "568.81"}, {"price": "0.02", "size": "158.94"}, {"price": "0.03", "size": "83.4"}, {"price": "0.04", "size": "11.77"}, {"price": "0.05", "size": "5.47"}], "asks": [{"price": "0.99", "size": "550"}, {"price": "0.98", "size": "400"}], "event_type": "book", "last_trade_price": ""}]}
