{"_local_timestamp": "2026-01-25T23:33:26.534427+00:00", "data": [{"market": "0x30e313cb175a5d5ef50a247eea6aeef7bc2c53542f690ebaf334d8d93d4266b6", "asset_id": "51845421151946184592348078046682665495126452237624921256287682884504292370633", "timestamp": "1769383155003", "hash": "1b3244b6f864a5f0c3f3f164778d441b333538ea", "bids": [{"price": "0.01", "size": "18"}, {"price": "0.05", "size": "20"}, {"price": "0.08", "size": "100"}, {"price": "0.11", "size": "571.29"}], "asks": [{"price": "0.99", "size": "18"}, {"price": "0.93", "size": "853.4"}], "event_type": "book", "last_trade_price": ""}, {"market": "0xd88778f5741bff3becc481d9bdd749bfe7e740a690a12dbe49acc436a9daee61", "asset_id": "18573417323062057906167699073841940819236821608979951258366755150348570509646", "timestamp": "1769382724322", "hash": "e0b469f99f967865b9613302ddbc77bc2fde5aa2", "bids": [{"price": "0.01", "size": "66.66"}, {"price": "0.02", "size": "14.47"}, {"price": "0.08", "size": "100"}, {"price": "0.11", "size": "754.38"}], "asks": [{"price": "0.99", "size": "100"}, {"price": "0.98", "size": "9"}, {"price": "0.95", "size": "20"}, {"price": "0.94", "size": "16.66"}, {"price": "0.89", "size": "894.23"}], "event_type": "book", "last_trade_price": ""}, {"market": "0x13f458726d75d9e1c042f7e701c800e942c88a275822f6ee38cbe6fa8a1f94ab", "asset_id": "60904936464458569981527729456535739077087709683148055959581972860847899491125", "timestamp": "1769383155003", "hash": "4ea1d2b16e44f8fc492216ac69d2869d54e87712", "bids": [{"price": "0.001", "size": "1114.99"}, {"price": "0.01", "size": "18"}, {"price": "0.011", "size": "5.47"}, {"price": "0.113", "size": "524.87"}], "asks": [{"price": "0.999", "size": "1114.99"}, {"price": "0.99", "size": "18"}, {"price": "0.95", "size": "20"}, {"price": "0.94", "size": "200"}, {"price": "0.899", "size": "753.41"}], "event_type": "book", "last_trade_price": ""}, {"market": "0x30e313cb175a5d5ef50a247eea6aeef7bc2c53542f690ebaf334d8d93d4266b6", "asset_id": "9048535607503463317642001763314598622077411274862055826002299764719032628597", "timestamp": "1769383155003", "hash": "8248da6444f4bedcb0f281d55af0bba38dcfa05e", "bids": [{"price": "0.01", "size": "18"}, {"price": "0.07", "size": "853.4"}], "asks": [{"price": "0.99", "size": "18"}, {"price": "0.95", "size": "20"}, {"price": "0.92", "size": "100"}, {"price": "0.89", "size": "571.29"}], "event_type": "book", "last_trade_price": ""}, {"market": "0xd88778f5741bff3becc481d9bdd749bfe7e740a690a12dbe49acc436a9daee61", "asset_id": "19566452077978468143935803894716876323960249186164790790243857568566392800747", "timestamp": "1769382724322", "hash": "61f50f9b8136bb8f64d63d27255c9461b5526600", "bids": [{"price": "0.01", "size": "100"}, {"price": "0.02", "size": "9"}, {"price": "0.05", "size": "20"}, {"price": "0.06", "size": "16.66"}, {"price": "0.11", "size": "894.23"}], "asks": [{"price": "0.99", "size": "66.66"}, {"price": "0.98", "size": "14.47"}, {"price": "0.92", "size": "100"}, {"price": "0.89", "size": "754.38"}], "event_type": "book", "last_trade_price": ""}, {"market": "0x13f458726d75d9e1c042f7e701c800e942c88a275822f6ee38cbe6fa8a1f94ab", "asset_id": "57657411915866549647791009127070182819498653161873092411884627470766752097679", "timestamp": "1769383155003", "hash": "230bc3c2ad98e9571a812b8d6e685b253b0d244f", "bids": [{"price": "0.001", "size": "1114.99"}, {"price": "0.01", "size": "18"}, {"price": "0.05", "size": "20"}, {"price": "0.06", "size": "200"}, {"price": "0.101", "size": "753.41"}], "asks": [{"price": "0.999", "size": "1114.99"}, {"price": "0.99", "size": "18"}, {"price": "0.989", "size": "5.47"}, {"price": "0.887", "size": "524.87"}], "event_type": "book", "last_trade_price": ""}]}
