{"_local_timestamp": "2026-01-25T23:40:47.631468+00:00", "data": [{"market": "0x25863af2aea47f5307a543e8d26dbb382d16a6b9076372bb7683af1a694bc8cb", "asset_id": "16979677582930399246503261559056753928272897179951764728894039284802205762400", "timestamp": "1769384212846", "hash": "9d63d6b8d23c9d66aa47d74cd03aad282291f71c", "bids": [{"price": "0.01", "size": "2127.95"}, {"price": "0.02", "size": "791"}, {"price": "0.03", "size": "10.73"}, {"price": "0.05", "size": "510"}, {"price": "0.06", "size": "33"}, {"price": "0.08", "size": "300"}, {"price": "0.09", "size": "6.97"}, {"price": "0.16", "size": "300"}, {"price": "0.17", "size": "5.12"}, {"price": "0.18", "size": "200"}, {"price": "0.2", "size": "125"}, {"price": "0.21", "size": "136.9"}, {"price": "0.22", "size": "80"}, {"price": "0.46", "size": "10"}, {"price": "0.47", "size": "150"}], "asks": [{"price": "0.99", "size": "1315"}, {"price": "0.95", "size": "330"}, {"price": "0.94", "size": "325"}, {"price": "0.93", "size": "266.18"}, {"price": "0.92", "size": "68.75"}, {"price": "0.91", "size": "58"}, {"price": "0.87", "size": "150"}, {"price": "0.85", "size": "6.66"}], "event_type": "book", "last_trade_price": ""}, {"market": "0x6cb5927a77b219a41b3f2f18340fe009acddf53fda3c920c2062b6ce5054423a", "asset_id": "39220450395020259739575037067538916306775152858556333973470465481049189533338", "timestamp": "1769384212847", "hash": "2781d83bcbc9241f709f60ce9419d60da6260ae5", "bids": [{"price": "0.01", "size": "95"}, {"price": "0.05", "size": "10"}, {"price": "0.07", "size": "305.47"}, {"price": "0.08", "size": "325"}, {"price": "0.09", "size": "75"}, {"price": "0.1", "size": "130"}, {"price": "0.11", "size": "100"}, {"price": "0.12", "size": "82"}, {"price": "0.17", "size": "150"}, {"price": "0.18", "size": "5.55"}], "asks": [{"price": "0.99", "size": "908.47"}, {"price": "0.98", "size": "700"}, {"price": "0.97", "size": "11.05"}, {"price": "0.95", "size": "530"}, {"price": "0.94", "size": "33"}, {"price": "0.93", "size": "7.64"}, {"price": "0.85", "size": "300"}, {"price": "0.84", "size": "5.93"}, {"price": "0.83", "size": "200"}, {"price": "0.82", "size": "125"}, {"price": "0.8", "size": "140"}, {"price": "0.79", "size": "84.38"}, {"price": "0.57", "size": "10"}, {"price": "0.56", "size": "150"}], "event_type": "book", "last_trade_price": ""}, {"market": "0x25863af2aea47f5307a543e8d26dbb382d16a6b9076372bb7683af1a694bc8cb", "asset_id": "42185515677137345790118723266923193018226917850569567781426130608524134076955", "timestamp": "1769384212846", "hash": "ad27c03d8a2a03e68a6369c377408b76662157f3", "bids": [{"price": "0.01", "size": "1315"}, {"price": "0.05", "size": "330"}, {"price": "0.06", "size": "325"}, {"price": "0.07", "size": "266.18"}, {"price": "0.08", "size": "68.75"}, {"price": "0.09", "size": "58"}, {"price": "0.13", "size": "150"}, {"price": "0.15", "size": "6.66"}], "asks": [{"price": "0.99", "size": "2127.95"}, {"price": "0.98", "size": "791"}, {"price": "0.97", "size": "10.73"}, {"price": "0.95", "size": "510"}, {"price": "0.94", "size": "33"}, {"price": "0.92", "size": "300"}, {"price": "0.91", "size": "6.97"}, {"price": "0.84", "size": "300"}, {"price": "0.83", "size": "5.12"}, {"price": "0.82", "size": "200"}, {"price": "0.8", "size": "125"}, {"price": "0.79", "size": "136.9"}, {"price": "0.78", "size": "80"}, {"price": "0.54", "size": "10"}, {"price": "0.53", "size": "150"}], "event_type": "book", "last_trade_price": ""}, {"market": "0xdecb360dab76bdc75314e629bbf091e9a958ab2823252e7ceed094f3e132c75a", "asset_id": "114605505021785768584380879667407737610783809901623653169333422287901274048732", "timestamp": "1769384443880", "hash": "b409e38ec7ec11ede62f8a75328660c87506e97b", "bids": [{"price": "0.01", "size": "1323.32"}, {"price": "0.02", "size": "99.42"}, {"price": "0.03", "size": "15.68"}, {"price": "0.05", "size": "30"}, {"price": "0.06", "size": "91.66"}, {"price": "0.07", "size": "7.54"}, {"price": "0.1", "size": "300"}, {"price": "0.11", "size": "200"}, {"price": "0.12", "size": "131.16"}, {"price": "0.13", "size": "75"}, {"price": "0.14", "size": "37"}, {"price": "0.17", "size": "76.47"}, {"price": "0.19", "size": "150"}], "asks": [{"price": "0.99", "size": "1315"}, {"price": "0.95", "size": "10"}, {"price": "0.94", "size": "5.47"}, {"price": "0.92", "size": "300"}, {"price": "0.91", "size": "200"}, {"price": "0.9", "size": "1830"}, {"price": "0.89", "size": "200"}, {"price": "0.86", "size": "96"}, {"price": "0.81", "size": "10"}, {"price": "0.79", "size": "150"}], "event_type": "book", "last_trade_price": "0.360"}, {"market": "0xdecb360dab76bdc75314e629bbf091e9a958ab2823252e7ceed094f3e132c75a", "asset_id": "91564745676448353288631031020331896486975841677934789866299528809812981633021", "timestamp": "1769384443880", "hash": "a4fcb0eb9f845db11bf9a33bb0109e3d2a78d94b", "bids": [{"price": "0.01", "size": "1315"}, {"price": "0.05", "size": "10"}, {"price": "0.06", "size": "5.47"}, {"price": "0.08", "size": "300"}, {"price": "0.09", "size": "200"}, {"price": "0.1", "size": "1830"}, {"price": "0.11", "size": "200"}, {"price": "0.14", "size": "96"}, {"price": "0.19", "size": "10"}, {"price": "0.21", "size": "150"}], "asks": [{"price": "0.99", "size": "1323.32"}, {"price": "0.98", "size": "99.42"}, {"price": "0.97", "size": "15.68"}, {"price": "0.95", "size": "30"}, {"price": "0.94", "size": "91.66"}, {"price": "0.93", "size": "7.54"}, {"price": "0.9", "size": "300"}, {"price": "0.89", "size": "200"}, {"price": "0.88", "size": "131.16"}, {"price": "0.87", "size": "75"}, {"price": "0.86", "size": "37"}, {"price": "0.83", "size": "76.47"}, {"price": "0.81", "size": "150"}], "event_type": "book", "last_trade_price": "0.360"}, {"market": "0x6cb5927a77b219a41b3f2f18340fe009acddf53fda3c920c2062b6ce5054423a", "asset_id": "82825036978458323545307896271697901451501414788162023398678514008563895933437", "timestamp": "1769384212847", "hash": "e14530c955531d547af02321e16857c45cc66fe7", "bids": [{"price": "0.01", "size": "908.47"}, {"price": "0.02", "size": "700"}, {"price": "0.03", "size": "11.05"}, {"price": "0.05", "size": "530"}, {"price": "0.06", "size": "33"}, {"price": "0.07", "size": "7.64"}, {"price": "0.15", "size": "300"}, {"price": "0.16", "size": "5.93"}, {"price": "0.17", "size": "200"}, {"price": "0.18", "size": "125"}, {"price": "0.2", "size": "140"}, {"price": "0.21", "size": "84.38"}, {"price": "0.43", "size": "10"}, {"price": "0.44", "size": "150"}], "asks": [{"price": "0.99", "size": "95"}, {"price": "0.95", "size": "10"}, {"price": "0.93", "size": "305.47"}, {"price": "0.92", "size": "325"}, {"price": "0.91", "size": "75"}, {"price": "0.9", "size": "130"}, {"price": "0.89", "size": "100"}, {"price": "0.88", "size": "82"}, {"price": "0.83", "size": "150"}, {"price": "0.82", "size": "5.55"}], "event_type": "book", "last_trade_price": ""}]}
{"_local_timestamp": "2026-01-25T23:40:48.366775+00:00", "data": {"market": "0xdecb360dab76bdc75314e629bbf091e9a958ab2823252e7ceed094f3e132c75a", "price_changes": [{"asset_id": "91564745676448353288631031020331896486975841677934789866299528809812981633021", "price": "0.21", "size": "0", "side": "BUY", "hash": "1c868cb630bb054ba57f582bd7888cd977c38895", "best_bid": "0.19", "best_ask": "0.81"}, {"asset_id": "114605505021785768584380879667407737610783809901623653169333422287901274048732", "price": "0.79", "size": "0", "side": "SELL", "hash": "ee915a0795abab61679f078bcc855e5201328aa5", "best_bid": "0.19", "best_ask": "0.81"}], "timestamp": "1769384448295", "event_type": "price_change"}}
{"_local_timestamp": "2026-01-25T23:40:48.367237+00:00", "data": {"market": "0xdecb360dab76bdc75314e629bbf091e9a958ab2823252e7ceed094f3e132c75a", "price_changes": [{"asset_id": "114605505021785768584380879667407737610783809901623653169333422287901274048732", "price": "0.19", "size": "0", "side": "BUY", "hash": "1e4be5a186c56f68330a96f9762ac70fb078fe2d", "best_bid": "0.17", "best_ask": "0.81"}, {"asset_id": "91564745676448353288631031020331896486975841677934789866299528809812981633021", "price": "0.81", "size": "0", "side": "SELL", "hash": "73b8263db8169e094092910350781a64b2490b60", "best_bid": "0.19", "best_ask": "0.83"}], "timestamp": "1769384448296", "event_type": "price_change"}}
{"_local_timestamp": "2026-01-25T23:40:48.764640+00:00", "data": {"market": "0xdecb360dab76bdc75314e629bbf091e9a958ab2823252e7ceed094f3e132c75a", "price_changes": [{"asset_id": "91564745676448353288631031020331896486975841677934789866299528809812981633021", "price": "0.2", "size": "150", "side": "BUY", "hash": "01d6d17a59c05ad71b80fdebae18d9752f5a3cc6", "best_bid": "0.2", "best_ask": "0.83"}, {"asset_id": "114605505021785768584380879667407737610783809901623653169333422287901274048732", "price": "0.8", "size": "150", "side": "SELL", "hash": "78832e7a1bdad43f2cff24812fffbf23fda56543", "best_bid": "0.17", "best_ask": "0.8"}], "timestamp": "1769384448698", "event_type": "price_change"}}
{"_local_timestamp": "2026-01-25T23:40:48.772728+00:00", "data": {"market": "0xdecb360dab76bdc75314e629bbf091e9a958ab2823252e7ceed094f3e132c75a", "price_changes": [{"asset_id": "114605505021785768584380879667407737610783809901623653169333422287901274048732", "price": "0.18", "size": "150", "side": "BUY", "hash": "7fb31f276818d0f0d16983285ee233597c9b9ddc", "best_bid": "0.18", "best_ask": "0.8"}, {"asset_id": "91564745676448353288631031020331896486975841677934789866299528809812981633021", "price": "0.82", "size": "150", "side": "SELL", "hash": "f5d5621ce9701457b1c22ec8f3a476b223d2c301", "best_bid": "0.2", "best_ask": "0.82"}], "timestamp": "1769384448699", "event_type": "price_change"}}
{"_local_timestamp": "2026-01-25T23:40:49.890442+00:00", "data": {"market": "0xdecb360dab76bdc75314e629bbf091e9a958ab2823252e7ceed094f3e132c75a", "price_changes": [{"asset_id": "114605505021785768584380879667407737610783809901623653169333422287901274048732", "price": "0.18", "size": "155", "side": "BUY", "hash": "4f9e253b13852c99706c644d2df76b0cb503a2a8", "best_bid": "0.18", "best_ask": "0.8"}, {"asset_id": "91564745676448353288631031020331896486975841677934789866299528809812981633021", "price": "0.82", "size": "155", "side": "SELL", "hash": "84d987633baad778cfc4794ecb15be8c006d09c9", "best_bid": "0.2", "best_ask": "0.82"}], "timestamp": "1769384449811", "event_type": "price_change"}}
{"_local_timestamp": "2026-01-25T23:40:49.896288+00:00", "data": {"market": "0xdecb360dab76bdc75314e629bbf091e9a958ab2823252e7ceed094f3e132c75a", "price_changes": [{"asset_id": "91564745676448353288631031020331896486975841677934789866299528809812981633021", "price": "0.2", "size": "155", "side": "BUY", "hash": "15369836d5aca48125f233cca5ce5fc6bd75f608", "best_bid": "0.2", "best_ask": "0.82"}, {"asset_id": "114605505021785768584380879667407737610783809901623653169333422287901274048732", "price": "0.8", "size": "155", "side": "SELL", "hash": "e8a72db394d2b8d7045ab233b2096f1b9229e598", "best_bid": "0.18", "best_ask": "0.8"}], "timestamp": "1769384449818", "event_type": "price_change"}}
{"_local_timestamp": "2026-01-25T23:40:51.783568+00:00", "data": {"market": "0xdecb360dab76bdc75314e629bbf091e9a958ab2823252e7ceed094f3e132c75a", "price_changes": [{"asset_id": "114605505021785768584380879667407737610783809901623653169333422287901274048732", "price": "0.18", "size": "160", "side": "BUY", "hash": "356a2c49272adaafd409fb1a5ae43f635494b2e6", "best_bid": "0.18", "best_ask": "0.8"}, {"asset_id": "91564745676448353288631031020331896486975841677934789866299528809812981633021", "price": "0.82", "size": "160", "side": "SELL", "hash": "4167b655639cfae066b51ca56dc123ef8421c745", "best_bid": "0.2", "best_ask": "0.82"}], "timestamp": "1769384451712", "event_type": "price_change"}}
{"_local_timestamp": "2026-01-25T23:40:51.813132+00:00", "data": {"market": "0xdecb360dab76bdc75314e629bbf091e9a958ab2823252e7ceed094f3e132c75a", "price_changes": [{"asset_id": "91564745676448353288631031020331896486975841677934789866299528809812981633021", "price": "0.2", "size": "160", "side": "BUY", "hash": "6ddf3ef43e6d66705002624dc86a457ae3d0d5b5", "best_bid": "0.2", "best_ask": "0.82"}, {"asset_id": "114605505021785768584380879667407737610783809901623653169333422287901274048732", "price": "0.8", "size": "160", "side": "SELL", "hash": "737d38274bc7a45052556671aa1485e26f7653c8", "best_bid": "0.18", "best_ask": "0.8"}], "timestamp": "1769384451739", "event_type": "price_change"}}
{"_local_timestamp": "2026-01-25T23:40:53.946052+00:00", "data": {"market": "0xdecb360dab76bdc75314e629bbf091e9a958ab2823252e7ceed094f3e132c75a", "price_changes": [{"asset_id": "91564745676448353288631031020331896486975841677934789866299528809812981633021", "price": "0.2", "size": "10", "side": "BUY", "hash": "86af16015663252ae86202abf72e1d1da790d87f", "best_bid": "0.2", "best_ask": "0.82"}, {"asset_id": "114605505021785768584380879667407737610783809901623653169333422287901274048732", "price": "0.8", "size": "10", "side": "SELL", "hash": "885a7d2c9ea010567d8bcb7c5eb04e8a28cd1340", "best_bid": "0.18", "best_ask": "0.8"}], "timestamp": "1769384453876", "event_type": "price_change"}}
{"_local_timestamp": "2026-01-25T23:40:53.955419+00:00", "data": {"market": "0xdecb360dab76bdc75314e629bbf091e9a958ab2823252e7ceed094f3e132c75a", "price_changes": [{"asset_id": "114605505021785768584380879667407737610783809901623653169333422287901274048732", "price": "0.18", "size": "10", "side": "BUY", "hash": "06535920935afc8bb557caeaad82c4e4e336c2dc", "best_bid": "0.18", "best_ask": "0.8"}, {"asset_id": "91564745676448353288631031020331896486975841677934789866299528809812981633021", "price": "0.82", "size": "10", "side": "SELL", "hash": "47b504a065e02e500e7a45f51fd2f48934867b2e", "best_bid": "0.2", "best_ask": "0.82"}], "timestamp": "1769384453877", "event_type": "price_change"}}
{"_local_timestamp": "2026-01-25T23:40:54.251424+00:00", "data": {"market": "0xdecb360dab76bdc75314e629bbf091e9a958ab2823252e7ceed094f3e132c75a", "price_changes": [{"asset_id": "91564745676448353288631031020331896486975841677934789866299528809812981633021", "price": "0.21", "size": "150", "side": "BUY", "hash": "4854e126556f51afef63b0148ce68397f462c987", "best_bid": "0.21", "best_ask": "0.82"}, {"asset_id": "114605505021785768584380879667407737610783809901623653169333422287901274048732", "price": "0.79", "size": "150", "side": "SELL", "hash": "ec856b9891eee2c2aefe7854e698f98c9ac85ba8", "best_bid": "0.18", "best_ask": "0.79"}], "timestamp": "1769384454180", "event_type": "price_change"}}
{"_local_timestamp": "2026-01-25T23:40:54.254968+00:00", "data": {"market": "0xdecb360dab76bdc75314e629bbf091e9a958ab2823252e7ceed094f3e132c75a", "price_changes": [{"asset_id": "114605505021785768584380879667407737610783809901623653169333422287901274048732", "price": "0.19", "size": "150", "side": "BUY", "hash": "f7499867ef5a63839738d1f00c42efa2bd3dc3c3", "best_bid": "0.19", "best_ask": "0.79"}, {"asset_id": "91564745676448353288631031020331896486975841677934789866299528809812981633021", "price": "0.81", "size": "150", "side": "SELL", "hash": "a4e9a02f2c098c99abe4ed969ebf1a9f64a62cfd", "best_bid": "0.21", "best_ask": "0.81"}], "timestamp": "1769384454181", "event_type": "price_change"}}
{"_local_timestamp": "2026-01-25T23:40:54.403058+00:00", "data": {"market": "0xdecb360dab76bdc75314e629bbf091e9a958ab2823252e7ceed094f3e132c75a", "price_changes": [{"asset_id": "114605505021785768584380879667407737610783809901623653169333422287901274048732", "price": "0.18", "size": "5", "side": "BUY", "hash": "05348e05da6b20fd092ff9677b162557c4a2aaba", "best_bid": "0.19", "best_ask": "0.79"}, {"asset_id": "91564745676448353288631031020331896486975841677934789866299528809812981633021", "price": "0.82", "size": "5", "side": "SELL", "hash": "76b0dad8dba28d8597da9233e8177b50f54e4a3f", "best_bid": "0.21", "best_ask": "0.81"}], "timestamp": "1769384454332", "event_type": "price_change"}}
{"_local_timestamp": "2026-01-25T23:40:54.406325+00:00", "data": {"market": "0xdecb360dab76bdc75314e629bbf091e9a958ab2823252e7ceed094f3e132c75a", "price_changes": [{"asset_id": "91564745676448353288631031020331896486975841677934789866299528809812981633021", "price": "0.2", "size": "5", "side": "BUY", "hash": "16e49946ba4b4be07c96c1a98fdc2cb8f3e1e4fe", "best_bid": "0.21", "best_ask": "0.81"}, {"asset_id": "114605505021785768584380879667407737610783809901623653169333422287901274048732", "price": "0.8", "size": "5", "side": "SELL", "hash": "d5bfa6f9b66cf6ce3d260f069d8a5b5a96507430", "best_bid": "0.19", "best_ask": "0.79"}], "timestamp": "1769384454332", "event_type": "price_change"}}
{"_local_timestamp": "2026-01-25T23:40:55.573197+00:00", "data": {"market": "0xdecb360dab76bdc75314e629bbf091e9a958ab2823252e7ceed094f3e132c75a", "price_changes": [{"asset_id": "91564745676448353288631031020331896486975841677934789866299528809812981633021", "price": "0.2", "size": "0", "side": "BUY", "hash": "2381229228d40cb244133ff3c33fa65e9b8b4dc9", "best_bid": "0.21", "best_ask": "0.81"}, {"asset_id": "114605505021785768584380879667407737610783809901623653169333422287901274048732", "price": "0.8", "size": "0", "side": "SELL", "hash": "3df19a540bd6cc6637a8854ecf6d7bc6bf0740e6", "best_bid": "0.19", "best_ask": "0.79"}], "timestamp": "1769384455503", "event_type": "price_change"}}
{"_local_timestamp": "2026-01-25T23:40:55.574401+00:00", "data": {"market": "0xdecb360dab76bdc75314e629bbf091e9a958ab2823252e7ceed094f3e132c75a", "price_changes": [{"asset_id": "114605505021785768584380879667407737610783809901623653169333422287901274048732", "price": "0.18", "size": "0", "side": "BUY", "hash": "cdc59be18bf7d65dbbb89c9d4b091e85232b11f3", "best_bid": "0.19", "best_ask": "0.79"}, {"asset_id": "91564745676448353288631031020331896486975841677934789866299528809812981633021", "price": "0.82", "size": "0", "side": "SELL", "hash": "d87006f00cec556e7582185626e58db3e158dbd0", "best_bid": "0.21", "best_ask": "0.81"}], "timestamp": "1769384455505", "event_type": "price_change"}}
{"_local_timestamp": "2026-01-25T23:40:59.401901+00:00", "data": {"market": "0xdecb360dab76bdc75314e629bbf091e9a958ab2823252e7ceed094f3e132c75a", "price_changes": [{"asset_id": "91564745676448353288631031020331896486975841677934789866299528809812981633021", "price": "0.21", "size": "0", "side": "BUY", "hash": "f9b195e41c80e8915d4f0d12f82c06e28119cfa2", "best_bid": "0.19", "best_ask": "0.81"}, {"asset_id": "114605505021785768584380879667407737610783809901623653169333422287901274048732", "price": "0.79", "size": "0", "side": "SELL", "hash": "c2e7808aae3a054ef11cb2a7569d303ed08a59d8", "best_bid": "0.19", "best_ask": "0.81"}], "timestamp": "1769384459328", "event_type": "price_change"}}
{"_local_timestamp": "2026-01-25T23:40:59.402379+00:00", "data": {"market": "0xdecb360dab76bdc75314e629bbf091e9a958ab2823252e7ceed094f3e132c75a", "price_changes": [{"asset_id": "114605505021785768584380879667407737610783809901623653169333422287901274048732", "price": "0.19", "size": "0", "side": "BUY", "hash": "f866afe3cbe566549bfc97fbdeca54e69fb7a60a", "best_bid": "0.17", "best_ask": "0.81"}, {"asset_id": "91564745676448353288631031020331896486975841677934789866299528809812981633021", "price": "0.81", "size": "0", "side": "SELL", "hash": "dc30219fbab342df3cbafe01cef0e97974386861", "best_bid": "0.19", "best_ask": "0.83"}], "timestamp": "1769384459329", "event_type": "price_change"}}
{"_local_timestamp": "2026-01-25T23:40:59.643841+00:00", "data": {"market": "0xdecb360dab76bdc75314e629bbf091e9a958ab2823252e7ceed094f3e132c75a", "price_changes": [{"asset_id": "91564745676448353288631031020331896486975841677934789866299528809812981633021", "price": "0.19", "size": "15", "side": "BUY", "hash": "7d3b3906202977a128f87106e965dbbbf99179ed", "best_bid": "0.19", "best_ask": "0.83"}, {"asset_id": "114605505021785768584380879667407737610783809901623653169333422287901274048732", "price": "0.81", "size": "15", "side": "SELL", "hash": "e8311d2c5070ba29b03697e73ed4e21f6d32a2a4", "best_bid": "0.17", "best_ask": "0.81"}], "timestamp": "1769384459572", "event_type": "price_change"}}
{"_local_timestamp": "2026-01-25T23:40:59.650348+00:00", "data": {"market": "0xdecb360dab76bdc75314e629bbf091e9a958ab2823252e7ceed094f3e132c75a", "price_changes": [{"asset_id": "114605505021785768584380879667407737610783809901623653169333422287901274048732", "price": "0.17", "size": "81.47", "side": "BUY", "hash": "7c453b63239d7602339ccbb1710127fc0a58a837", "best_bid": "0.17", "best_ask": "0.81"}, {"asset_id": "91564745676448353288631031020331896486975841677934789866299528809812981633021", "price": "0.83", "size": "81.47", "side": "SELL", "hash": "0fbd12a291c4dff1fd3167e428f27ef649200bfd", "best_bid": "0.19", "best_ask": "0.83"}], "timestamp": "1769384459574", "event_type": "price_change"}}
{"_local_timestamp": "2026-01-25T23:40:59.650846+00:00", "data": {"market": "0xdecb360dab76bdc75314e629bbf091e9a958ab2823252e7ceed094f3e132c75a", "price_changes": [{"asset_id": "114605505021785768584380879667407737610783809901623653169333422287901274048732", "price": "0.18", "size": "150", "side": "BUY", "hash": "1dbe02e161f7896295b60fec059be4b119865e67", "best_bid": "0.18", "best_ask": "0.81"}, {"asset_id": "91564745676448353288631031020331896486975841677934789866299528809812981633021", "price": "0.82", "size": "150", "side": "SELL", "hash": "8494eeb979bd26afa17bf3aac57ef8a900a2c733", "best_bid": "0.19", "best_ask": "0.82"}], "timestamp": "1769384459576", "event_type": "price_change"}}
{"_local_timestamp": "2026-01-25T23:40:59.653444+00:00", "data": {"market": "0xdecb360dab76bdc75314e629bbf091e9a958ab2823252e7ceed094f3e132c75a", "price_changes": [{"asset_id": "91564745676448353288631031020331896486975841677934789866299528809812981633021", "price": "0.2", "size": "150", "side": "BUY", "hash": "2475e072586707870f8744cabca64ce66257c839", "best_bid": "0.2", "best_ask": "0.82"}, {"asset_id": "114605505021785768584380879667407737610783809901623653169333422287901274048732", "price": "0.8", "size": "150", "side": "SELL", "hash": "ac12c361c31c311fafe6891ff55e892c6c59fc4c", "best_bid": "0.18", "best_ask": "0.8"}], "timestamp": "1769384459577", "event_type": "price_change"}}
{"_local_timestamp": "2026-01-25T23:40:59.823655+00:00", "data": {"market": "0xdecb360dab76bdc75314e629bbf091e9a958ab2823252e7ceed094f3e132c75a", "price_changes": [{"asset_id": "91564745676448353288631031020331896486975841677934789866299528809812981633021", "price": "0.2", "size": "155", "side": "BUY", "hash": "4c0d0a9d21f538c55df917c0eb7663fa7d3765ad", "best_bid": "0.2", "best_ask": "0.82"}, {"asset_id": "114605505021785768584380879667407737610783809901623653169333422287901274048732", "price": "0.8", "size": "155", "side": "SELL", "hash": "8916953d6e0bbe6656615facee8bb2d0a6f9163c", "best_bid": "0.18", "best_ask": "0.8"}], "timestamp": "1769384459753", "event_type": "price_change"}}
{"_local_timestamp": "2026-01-25T23:40:59.824923+00:00", "data": {"market": "0xdecb360dab76bdc75314e629bbf091e9a958ab2823252e7ceed094f3e132c75a", "price_changes": [{"asset_id": "114605505021785768584380879667407737610783809901623653169333422287901274048732", "price": "0.18", "size": "155", "side": "BUY", "hash": "1c426081a079c6caa3bf56f8d956d5966a0e9b38", "best_bid": "0.18", "best_ask": "0.8"}, {"asset_id": "91564745676448353288631031020331896486975841677934789866299528809812981633021", "price": "0.82", "size": "155", "side": "SELL", "hash": "fa69fae50659515324662d3e0fab59726c30c175", "best_bid": "0.2", "best_ask": "0.82"}], "timestamp": "1769384459754", "event_type": "price_change"}}
{"_local_timestamp": "2026-01-25T23:41:02.731545+00:00", "data": {"market": "0xdecb360dab76bdc75314e629bbf091e9a958ab2823252e7ceed094f3e132c75a", "price_changes": [{"asset_id": "91564745676448353288631031020331896486975841677934789866299528809812981633021", "price": "0.19", "size": "10", "side": "BUY", "hash": "2d0ae03c1d6b56435825ff10d4a4aa43ccf3e6d8", "best_bid": "0.2", "best_ask": "0.82"}, {"asset_id": "114605505021785768584380879667407737610783809901623653169333422287901274048732", "price": "0.81", "size": "10", "side": "SELL", "hash": "0649e58ba1498df69333433fc2a0e458452f91ea", "best_bid": "0.18", "best_ask": "0.8"}], "timestamp": "1769384462663", "event_type": "price_change"}}
{"_local_timestamp": "2026-01-25T23:41:02.750195+00:00", "data": {"market": "0xdecb360dab76bdc75314e629bbf091e9a958ab2823252e7ceed094f3e132c75a", "price_changes": [{"asset_id": "114605505021785768584380879667407737610783809901623653169333422287901274048732", "price": "0.17", "size": "76.47", "side": "BUY", "hash": "3ee06a67485616c40613acc7b0d08fcc16a98293", "best_bid": "0.18", "best_ask": "0.8"}, {"asset_id": "91564745676448353288631031020331896486975841677934789866299528809812981633021", "price": "0.83", "size": "76.47", "side": "SELL", "hash": "e5300e18461c1673a8e3349c5ae2765df4c2fbdc", "best_bid": "0.2", "best_ask": "0.82"}], "timestamp": "1769384462665", "event_type": "price_change"}}
{"_local_timestamp": "2026-01-25T23:41:04.817123+00:00", "data": {"market": "0xdecb360dab76bdc75314e629bbf091e9a958ab2823252e7ceed094f3e132c75a", "price_changes": [{"asset_id": "114605505021785768584380879667407737610783809901623653169333422287901274048732", "price": "0.18", "size": "5", "side": "BUY", "hash": "eb84f56885e34198d6b2c9a864b879e4a2952dc8", "best_bid": "0.18", "best_ask": "0.8"}, {"asset_id": "91564745676448353288631031020331896486975841677934789866299528809812981633021", "price": "0.82", "size": "5", "side": "SELL", "hash": "a1690f9fe46b4d31cdbfe461d0e1cd9a1bd11687", "best_bid": "0.2", "best_ask": "0.82"}], "timestamp": "1769384464738", "event_type": "price_change"}}
{"_local_timestamp": "2026-01-25T23:41:04.817595+00:00", "data": {"market": "0xdecb360dab76bdc75314e629bbf091e9a958ab2823252e7ceed094f3e132c75a", "price_changes": [{"asset_id": "91564745676448353288631031020331896486975841677934789866299528809812981633021", "price": "0.2", "size": "5", "side": "BUY", "hash": "ebd5556257e5b5114068933ca3a74d0099932e13", "best_bid": "0.2", "best_ask": "0.82"}, {"asset_id": "114605505021785768584380879667407737610783809901623653169333422287901274048732", "price": "0.8", "size": "5", "side": "SELL", "hash": "bb7859374fe16d875821d6f37586352de331c89b", "best_bid": "0.18", "best_ask": "0.8"}], "timestamp": "1769384464738", "event_type": "price_change"}}
{"_local_timestamp": "2026-01-25T23:41:05.096735+00:00", "data": {"market": "0xdecb360dab76bdc75314e629bbf091e9a958ab2823252e7ceed094f3e132c75a", "price_changes": [{"asset_id": "91564745676448353288631031020331896486975841677934789866299528809812981633021", "price": "0.21", "size": "150", "side": "BUY", "hash": "7819addf8b2796ed4160c34500379bf32b210153", "best_bid": "0.21", "best_ask": "0.82"}, {"asset_id": "114605505021785768584380879667407737610783809901623653169333422287901274048732", "price": "0.79", "size": "150", "side": "SELL", "hash": "5cfc91a7e89db544d2b83de8bcc561209784ae33", "best_bid": "0.18", "best_ask": "0.79"}], "timestamp": "1769384465015", "event_type": "price_change"}}
{"_local_timestamp": "2026-01-25T23:41:05.103926+00:00", "data": {"market": "0xdecb360dab76bdc75314e629bbf091e9a958ab2823252e7ceed094f3e132c75a", "price_changes": [{"asset_id": "114605505021785768584380879667407737610783809901623653169333422287901274048732", "price": "0.19", "size": "150", "side": "BUY", "hash": "98751eaa51ed9feab5a3a8bc2407a357a4e89a8c", "best_bid": "0.19", "best_ask": "0.79"}, {"asset_id": "91564745676448353288631031020331896486975841677934789866299528809812981633021", "price": "0.81", "size": "150", "side": "SELL", "hash": "569d2f599122b82bd435ce7124b6231de7c45ae2", "best_bid": "0.21", "best_ask": "0.81"}], "timestamp": "1769384465017", "event_type": "price_change"}}
{"_local_timestamp": "2026-01-25T23:41:05.983677+00:00", "data": {"market": "0xdecb360dab76bdc75314e629bbf091e9a958ab2823252e7ceed094f3e132c75a", "price_changes": [{"asset_id": "91564745676448353288631031020331896486975841677934789866299528809812981633021", "price": "0.2", "size": "0", "side": "BUY", "hash": "00f4f47a2b79ec70e489e63b2f3c8597ad51a2f1", "best_bid": "0.21", "best_ask": "0.81"}, {"asset_id": "114605505021785768584380879667407737610783809901623653169333422287901274048732", "price": "0.8", "size": "0", "side": "SELL", "hash": "85f1ae67183d8a4c754020b2037777cd4388c0f8", "best_bid": "0.19", "best_ask": "0.79"}], "timestamp": "1769384465906", "event_type": "price_change"}}
{"_local_timestamp": "2026-01-25T23:41:05.985467+00:00", "data": {"market": "0xdecb360dab76bdc75314e629bbf091e9a958ab2823252e7ceed094f3e132c75a", "price_changes": [{"asset_id": "114605505021785768584380879667407737610783809901623653169333422287901274048732", "price": "0.18", "size": "0", "side": "BUY", "hash": "e51b0841de10a5f577e1e578c46d36c92c7d0d83", "best_bid": "0.19", "best_ask": "0.79"}, {"asset_id": "91564745676448353288631031020331896486975841677934789866299528809812981633021", "price": "0.82", "size": "0", "side": "SELL", "hash": "1b4d435b2b8fe16868f58c6cd7a2a3a246a62eea", "best_bid": "0.21", "best_ask": "0.81"}], "timestamp": "1769384465909", "event_type": "price_change"}}
{"_local_timestamp": "2026-01-25T23:41:10.230342+00:00", "data": {"market": "0xdecb360dab76bdc75314e629bbf091e9a958ab2823252e7ceed094f3e132c75a", "price_changes": [{"asset_id": "91564745676448353288631031020331896486975841677934789866299528809812981633021", "price": "0.21", "size": "0", "side": "BUY", "hash": "7c136469f6f653dfd9489997be8194d8a163c0b6", "best_bid": "0.19", "best_ask": "0.81"}, {"asset_id": "114605505021785768584380879667407737610783809901623653169333422287901274048732", "price": "0.79", "size": "0", "side": "SELL", "hash": "ae2281048dda92f8ef3761fcc0edc1cd8a907bfa", "best_bid": "0.19", "best_ask": "0.81"}], "timestamp": "1769384470149", "event_type": "price_change"}}
{"_local_timestamp": "2026-01-25T23:41:10.230870+00:00", "data": {"market": "0xdecb360dab76bdc75314e629bbf091e9a958ab2823252e7ceed094f3e132c75a", "price_changes": [{"asset_id": "114605505021785768584380879667407737610783809901623653169333422287901274048732", "price": "0.19", "size": "0", "side": "BUY", "hash": "2be1b5803b077a807ea8192dfd224a7d2dc4a971", "best_bid": "0.17", "best_ask": "0.81"}, {"asset_id": "91564745676448353288631031020331896486975841677934789866299528809812981633021", "price": "0.81", "size": "0", "side": "SELL", "hash": "4e37d34df9074cd68bd0a66c5e9b767e03846f7e", "best_bid": "0.19", "best_ask": "0.83"}], "timestamp": "1769384470149", "event_type": "price_change"}}
{"_local_timestamp": "2026-01-25T23:41:10.440450+00:00", "data": {"market": "0xdecb360dab76bdc75314e629bbf091e9a958ab2823252e7ceed094f3e132c75a", "price_changes": [{"asset_id": "114605505021785768584380879667407737610783809901623653169333422287901274048732", "price": "0.18", "size": "150", "side": "BUY", "hash": "3f47cd0e1b54ecd631ab927e56c38c5893ea6be2", "best_bid": "0.18", "best_ask": "0.81"}, {"asset_id": "91564745676448353288631031020331896486975841677934789866299528809812981633021", "price": "0.82", "size": "150", "side": "SELL", "hash": "fe6da6123676128206250621e0bfadd66bc183d0", "best_bid": "0.19", "best_ask": "0.82"}], "timestamp": "1769384470368", "event_type": "price_change"}}
{"_local_timestamp": "2026-01-25T23:41:10.444179+00:00", "data": {"market": "0xdecb360dab76bdc75314e629bbf091e9a958ab2823252e7ceed094f3e132c75a", "price_changes": [{"asset_id": "91564745676448353288631031020331896486975841677934789866299528809812981633021", "price": "0.2", "size": "150", "side": "BUY", "hash": "096d8b3bda9ce47df159012b7516e446369190b4", "best_bid": "0.2", "best_ask": "0.82"}, {"asset_id": "114605505021785768584380879667407737610783809901623653169333422287901274048732", "price": "0.8", "size": "150", "side": "SELL", "hash": "d971ce5d54ff0af3d351b5102e5ff48a5239bef5", "best_bid": "0.18", "best_ask": "0.8"}], "timestamp": "1769384470369", "event_type": "price_change"}}
{"_local_timestamp": "2026-01-25T23:41:11.153205+00:00", "data": {"market": "0xdecb360dab76bdc75314e629bbf091e9a958ab2823252e7ceed094f3e132c75a", "price_changes": [{"asset_id": "91564745676448353288631031020331896486975841677934789866299528809812981633021", "price": "0.2", "size": "155", "side": "BUY", "hash": "093719b6afc9934dbf5d556e5da7d92d6a6c0bd0", "best_bid": "0.2", "best_ask": "0.82"}, {"asset_id": "114605505021785768584380879667407737610783809901623653169333422287901274048732", "price": "0.8", "size": "155", "side": "SELL", "hash": "04d8f20339f6bda7ed91190950f226b30f5bf29a", "best_bid": "0.18", "best_ask": "0.8"}], "timestamp": "1769384471015", "event_type": "price_change"}}
{"_local_timestamp": "2026-01-25T23:41:11.174864+00:00", "data": {"market": "0xdecb360dab76bdc75314e629bbf091e9a958ab2823252e7ceed094f3e132c75a", "price_changes": [{"asset_id": "114605505021785768584380879667407737610783809901623653169333422287901274048732", "price": "0.18", "size": "155", "side": "BUY", "hash": "1451ef6af346667b3d040e5fc4677b995695de1a", "best_bid": "0.18", "best_ask": "0.8"}, {"asset_id": "91564745676448353288631031020331896486975841677934789866299528809812981633021", "price": "0.82", "size": "155", "side": "SELL", "hash": "d65f926577794c7004c69a8e4c015f66227e177e", "best_bid": "0.2", "best_ask": "0.82"}], "timestamp": "1769384471033", "event_type": "price_change"}}
{"_local_timestamp": "2026-01-25T23:41:11.278589+00:00", "data": {"market": "0xdecb360dab76bdc75314e629bbf091e9a958ab2823252e7ceed094f3e132c75a", "price_changes": [{"asset_id": "91564745676448353288631031020331896486975841677934789866299528809812981633021", "price": "0.2", "size": "160", "side": "BUY", "hash": "caeaf36e69c07eec4edd59e701131c9a5c35d0c0", "best_bid": "0.2", "best_ask": "0.82"}, {"asset_id": "114605505021785768584380879667407737610783809901623653169333422287901274048732", "price": "0.8", "size": "160", "side": "SELL", "hash": "33192e8b192cd75d4001178bf48cf210f8730997", "best_bid": "0.18", "best_ask": "0.8"}], "timestamp": "1769384471124", "event_type": "price_change"}}
{"_local_timestamp": "2026-01-25T23:41:11.279306+00:00", "data": {"market": "0xdecb360dab76bdc75314e629bbf091e9a958ab2823252e7ceed094f3e132c75a", "price_changes": [{"asset_id": "114605505021785768584380879667407737610783809901623653169333422287901274048732", "price": "0.18", "size": "160", "side": "BUY", "hash": "c6716ae7b5837497d1aba301048aaa15ed505013", "best_bid": "0.18", "best_ask": "0.8"}, {"asset_id": "91564745676448353288631031020331896486975841677934789866299528809812981633021", "price": "0.82", "size": "160", "side": "SELL", "hash": "8489ec00793de7e13526b7a72ff73978e306b8f4", "best_bid": "0.2", "best_ask": "0.82"}], "timestamp": "1769384471125", "event_type": "price_change"}}
{"_local_timestamp": "2026-01-25T23:41:15.578705+00:00", "data": {"market": "0xdecb360dab76bdc75314e629bbf091e9a958ab2823252e7ceed094f3e132c75a", "price_changes": [{"asset_id": "114605505021785768584380879667407737610783809901623653169333422287901274048732", "price": "0.18", "size": "10", "side": "BUY", "hash": "e5e19004858bc09231a3a08cf8a9b01cd4822d8c", "best_bid": "0.18", "best_ask": "0.8"}, {"asset_id": "91564745676448353288631031020331896486975841677934789866299528809812981633021", "price": "0.82", "size": "10", "side": "SELL", "hash": "4c20b4e2019851f761307baa377e74e5e1f49c08", "best_bid": "0.2", "best_ask": "0.82"}], "timestamp": "1769384475486", "event_type": "price_change"}}
{"_local_timestamp": "2026-01-25T23:41:15.580606+00:00", "data": {"market": "0xdecb360dab76bdc75314e629bbf091e9a958ab2823252e7ceed094f3e132c75a", "price_changes": [{"asset_id": "91564745676448353288631031020331896486975841677934789866299528809812981633021", "price": "0.2", "size": "10", "side": "BUY", "hash": "4fce80b339733e74bffbe11f17d30d00164d625d", "best_bid": "0.2", "best_ask": "0.82"}, {"asset_id": "114605505021785768584380879667407737610783809901623653169333422287901274048732", "price": "0.8", "size": "10", "side": "SELL", "hash": "0eaf4676874d035c7bfff9e6c3c5ddc63e8b3190", "best_bid": "0.18", "best_ask": "0.8"}], "timestamp": "1769384475487", "event_type": "price_change"}}
{"_local_timestamp": "2026-01-25T23:41:15.878661+00:00", "data": {"market": "0xdecb360dab76bdc75314e629bbf091e9a958ab2823252e7ceed094f3e132c75a", "price_changes": [{"asset_id": "91564745676448353288631031020331896486975841677934789866299528809812981633021", "price": "0.21", "size": "150", "side": "BUY", "hash": "e8bcedb312f1550d6162433487f5bc17f6d34803", "best_bid": "0.21", "best_ask": "0.82"}, {"asset_id": "114605505021785768584380879667407737610783809901623653169333422287901274048732", "price": "0.79", "size": "150", "side": "SELL", "hash": "35142498ce848a628ef8663f4005a6197f09acc9", "best_bid": "0.18", "best_ask": "0.79"}], "timestamp": "1769384475782", "event_type": "price_change"}}
{"_local_timestamp": "2026-01-25T23:41:15.881014+00:00", "data": {"market": "0xdecb360dab76bdc75314e629bbf091e9a958ab2823252e7ceed094f3e132c75a", "price_changes": [{"asset_id": "114605505021785768584380879667407737610783809901623653169333422287901274048732", "price": "0.19", "size": "150", "side": "BUY", "hash": "3c7ac6867c3e48795849930cf9f3c78b0cd2cea6", "best_bid": "0.19", "best_ask": "0.79"}, {"asset_id": "91564745676448353288631031020331896486975841677934789866299528809812981633021", "price": "0.81", "size": "150", "side": "SELL", "hash": "1db561d6aff44907aed400af0663432dd75f7c0f", "best_bid": "0.21", "best_ask": "0.81"}], "timestamp": "1769384475783", "event_type": "price_change"}}
{"_local_timestamp": "2026-01-25T23:41:16.103634+00:00", "data": {"market": "0x6cb5927a77b219a41b3f2f18340fe009acddf53fda3c920c2062b6ce5054423a", "price_changes": [{"asset_id": "39220450395020259739575037067538916306775152858556333973470465481049189533338", "price": "0.17", "size": "0", "side": "BUY", "hash": "1f06b9474ea4cc9dc31842b670468b560d9e8e0c", "best_bid": "0.18", "best_ask": "0.56"}, {"asset_id": "82825036978458323545307896271697901451501414788162023398678514008563895933437", "price": "0.83", "size": "0", "side": "SELL", "hash": "0d741af10f261331578deb3e9acf99979670305c", "best_bid": "0.44", "best_ask": "0.82"}], "timestamp": "1769384476002", "event_type": "price_change"}}
{"_local_timestamp": "2026-01-25T23:41:16.443581+00:00", "data": {"market": "0xdecb360dab76bdc75314e629bbf091e9a958ab2823252e7ceed094f3e132c75a", "price_changes": [{"asset_id": "114605505021785768584380879667407737610783809901623653169333422287901274048732", "price": "0.18", "size": "5", "side": "BUY", "hash": "4db6936e131787de7f49484ce53f0855d9b55be3", "best_bid": "0.19", "best_ask": "0.79"}, {"asset_id": "91564745676448353288631031020331896486975841677934789866299528809812981633021", "price": "0.82", "size": "5", "side": "SELL", "hash": "cfde7c3e1f93859cdfad8370016096598a35791f", "best_bid": "0.21", "best_ask": "0.81"}], "timestamp": "1769384476343", "event_type": "price_change"}}
{"_local_timestamp": "2026-01-25T23:41:16.448167+00:00", "data": {"market": "0xdecb360dab76bdc75314e629bbf091e9a958ab2823252e7ceed094f3e132c75a", "price_changes": [{"asset_id": "91564745676448353288631031020331896486975841677934789866299528809812981633021", "price": "0.2", "size": "5", "side": "BUY", "hash": "728b10866df94a85fcc645d9d52389a8dc688461", "best_bid": "0.21", "best_ask": "0.81"}, {"asset_id": "114605505021785768584380879667407737610783809901623653169333422287901274048732", "price": "0.8", "size": "5", "side": "SELL", "hash": "68a2a6f0ff88a063a3f8909f11abc89935283ef7", "best_bid": "0.19", "best_ask": "0.79"}], "timestamp": "1769384476356", "event_type": "price_change"}}
{"_local_timestamp": "2026-01-25T23:41:16.624680+00:00", "data": {"market": "0xdecb360dab76bdc75314e629bbf091e9a958ab2823252e7ceed094f3e132c75a", "price_changes": [{"asset_id": "91564745676448353288631031020331896486975841677934789866299528809812981633021", "price": "0.2", "size": "0", "side": "BUY", "hash": "c97b2f8e0cca07bc959ac3a5b0c5161d5b589309", "best_bid": "0.21", "best_ask": "0.81"}, {"asset_id": "114605505021785768584380879667407737610783809901623653169333422287901274048732", "price": "0.8", "size": "0", "side": "SELL", "hash": "f60e465e98c29e32f742342ace9bb44521446fe5", "best_bid": "0.19", "best_ask": "0.79"}], "timestamp": "1769384476515", "event_type": "price_change"}}
{"_local_timestamp": "2026-01-25T23:41:16.639682+00:00", "data": {"market": "0xdecb360dab76bdc75314e629bbf091e9a958ab2823252e7ceed094f3e132c75a", "price_changes": [{"asset_id": "114605505021785768584380879667407737610783809901623653169333422287901274048732", "price": "0.18", "size": "0", "side": "BUY", "hash": "12273234b6bc71993f97ddece804b217fa52b880", "best_bid": "0.19", "best_ask": "0.79"}, {"asset_id": "91564745676448353288631031020331896486975841677934789866299528809812981633021", "price": "0.82", "size": "0", "side": "SELL", "hash": "3d0347f5aeb25a806e3a31bc66e2e34bef8552e9", "best_bid": "0.21", "best_ask": "0.81"}], "timestamp": "1769384476525", "event_type": "price_change"}}
{"_local_timestamp": "2026-01-25T23:41:21.058512+00:00", "data": {"market": "0xdecb360dab76bdc75314e629bbf091e9a958ab2823252e7ceed094f3e132c75a", "price_changes": [{"asset_id": "91564745676448353288631031020331896486975841677934789866299528809812981633021", "price": "0.21", "size": "0", "side": "BUY", "hash": "5f2d51e09473aa5afad56e02282b81b0c53d1efb", "best_bid": "0.19", "best_ask": "0.81"}, {"asset_id": "114605505021785768584380879667407737610783809901623653169333422287901274048732", "price": "0.79", "size": "0", "side": "SELL", "hash": "568c1570b9b9a94a4873b14f47d14fde3925e2f2", "best_bid": "0.19", "best_ask": "0.81"}], "timestamp": "1769384480939", "event_type": "price_change"}}
{"_local_timestamp": "2026-01-25T23:41:21.059859+00:00", "data": {"market": "0xdecb360dab76bdc75314e629bbf091e9a958ab2823252e7ceed094f3e132c75a", "price_changes": [{"asset_id": "114605505021785768584380879667407737610783809901623653169333422287901274048732", "price": "0.19", "size": "0", "side": "BUY", "hash": "73b14b0e53688c9b72f37774e9fee92b4f79349a", "best_bid": "0.17", "best_ask": "0.81"}, {"asset_id": "91564745676448353288631031020331896486975841677934789866299528809812981633021", "price": "0.81", "size": "0", "side": "SELL", "hash": "c3bb1d148c5e84b3a9d6cc792479c82f7df06bb1", "best_bid": "0.19", "best_ask": "0.83"}], "timestamp": "1769384480939", "event_type": "price_change"}}
{"_local_timestamp": "2026-01-25T23:41:21.763662+00:00", "data": {"market": "0xdecb360dab76bdc75314e629bbf091e9a958ab2823252e7ceed094f3e132c75a", "price_changes": [{"asset_id": "91564745676448353288631031020331896486975841677934789866299528809812981633021", "price": "0.2", "size": "150", "side": "BUY", "hash": "eef60f3acb3e82a8157c186c881090c51c8a639f", "best_bid": "0.2", "best_ask": "0.83"}, {"asset_id": "114605505021785768584380879667407737610783809901623653169333422287901274048732", "price": "0.8", "size": "150", "side": "SELL", "hash": "93ce66f9e5f4f299ad708a3fd9a0ca57425ca7df", "best_bid": "0.17", "best_ask": "0.8"}], "timestamp": "1769384481648", "event_type": "price_change"}}
{"_local_timestamp": "2026-01-25T23:41:21.767172+00:00", "data": {"market": "0xdecb360dab76bdc75314e629bbf091e9a958ab2823252e7ceed094f3e132c75a", "price_changes": [{"asset_id": "114605505021785768584380879667407737610783809901623653169333422287901274048732", "price": "0.18", "size": "150", "side": "BUY", "hash": "3763acfb2be74c7ac37d97eaf6dad351a7abb4a8", "best_bid": "0.18", "best_ask": "0.8"}, {"asset_id": "91564745676448353288631031020331896486975841677934789866299528809812981633021", "price": "0.82", "size": "150", "side": "SELL", "hash": "22dbc6585fa18e3f1210c65a29a5788f75acfb3c", "best_bid": "0.2", "best_ask": "0.82"}], "timestamp": "1769384481649", "event_type": "price_change"}}
{"_local_timestamp": "2026-01-25T23:41:21.771907+00:00", "data": {"market": "0x6cb5927a77b219a41b3f2f18340fe009acddf53fda3c920c2062b6ce5054423a", "price_changes": [{"asset_id": "39220450395020259739575037067538916306775152858556333973470465481049189533338", "price": "0.17", "size": "150", "side": "BUY", "hash": "7ed8852a0347ae1c9cbeee4913af368070b7bae5", "best_bid": "0.18", "best_ask": "0.56"}, {"asset_id": "82825036978458323545307896271697901451501414788162023398678514008563895933437", "price": "0.83", "size": "150", "side": "SELL", "hash": "96acd1d3b2cd38de2e8e368f6877d398137b036f", "best_bid": "0.44", "best_ask": "0.82"}], "timestamp": "1769384481660", "event_type": "price_change"}}
{"_local_timestamp": "2026-01-25T23:41:22.191527+00:00", "data": {"market": "0xdecb360dab76bdc75314e629bbf091e9a958ab2823252e7ceed094f3e132c75a", "price_changes": [{"asset_id": "114605505021785768584380879667407737610783809901623653169333422287901274048732", "price": "0.18", "size": "155", "side": "BUY", "hash": "7cbc88738ccf77fe20bd238a28a3859ab2eca2cb", "best_bid": "0.18", "best_ask": "0.8"}, {"asset_id": "91564745676448353288631031020331896486975841677934789866299528809812981633021", "price": "0.82", "size": "155", "side": "SELL", "hash": "da77010ea9d27b99084579d9ef4251c11549b6af", "best_bid": "0.2", "best_ask": "0.82"}], "timestamp": "1769384482082", "event_type": "price_change"}}
{"_local_timestamp": "2026-01-25T23:41:22.192184+00:00", "data": {"market": "0xdecb360dab76bdc75314e629bbf091e9a958ab2823252e7ceed094f3e132c75a", "price_changes": [{"asset_id": "91564745676448353288631031020331896486975841677934789866299528809812981633021", "price": "0.2", "size": "155", "side": "BUY", "hash": "631c699b8980a84435a03ff26d432ff9485941c4", "best_bid": "0.2", "best_ask": "0.82"}, {"asset_id": "114605505021785768584380879667407737610783809901623653169333422287901274048732", "price": "0.8", "size": "155", "side": "SELL", "hash": "f9c1fcc7225c0c00a7dceed78cc57fbe09535c69", "best_bid": "0.18", "best_ask": "0.8"}], "timestamp": "1769384482082", "event_type": "price_change"}}
{"_local_timestamp": "2026-01-25T23:41:22.238862+00:00", "data": {"market": "0xdecb360dab76bdc75314e629bbf091e9a958ab2823252e7ceed094f3e132c75a", "price_changes": [{"asset_id": "91564745676448353288631031020331896486975841677934789866299528809812981633021", "price": "0.2", "size": "160", "side": "BUY", "hash": "4773e2a4f19517a0683b5f5723e099146a043881", "best_bid": "0.2", "best_ask": "0.82"}, {"asset_id": "114605505021785768584380879667407737610783809901623653169333422287901274048732", "price": "0.8", "size": "160", "side": "SELL", "hash": "e26faa5f8e65373a564be84066bb280e9dc71bcc", "best_bid": "0.18", "best_ask": "0.8"}], "timestamp": "1769384482121", "event_type": "price_change"}}
{"_local_timestamp": "2026-01-25T23:41:22.239942+00:00", "data": {"market": "0xdecb360dab76bdc75314e629bbf091e9a958ab2823252e7ceed094f3e132c75a", "price_changes": [{"asset_id": "114605505021785768584380879667407737610783809901623653169333422287901274048732", "price": "0.18", "size": "160", "side": "BUY", "hash": "37adcfd95d070cc7a2df46e9fa4537dad4bfe1ce", "best_bid": "0.18", "best_ask": "0.8"}, {"asset_id": "91564745676448353288631031020331896486975841677934789866299528809812981633021", "price": "0.82", "size": "160", "side": "SELL", "hash": "101dc99c0983ba25d5852b1fc07415eb654e5199", "best_bid": "0.2", "best_ask": "0.82"}], "timestamp": "1769384482123", "event_type": "price_change"}}
{"_local_timestamp": "2026-01-25T23:41:26.942518+00:00", "data": {"market": "0xdecb360dab76bdc75314e629bbf091e9a958ab2823252e7ceed094f3e132c75a", "price_changes": [{"asset_id": "91564745676448353288631031020331896486975841677934789866299528809812981633021", "price": "0.2", "size": "10", "side": "BUY", "hash": "0a316c2a0ef6d14833bf7f293cb6980736c4f345", "best_bid": "0.2", "best_ask": "0.82"}, {"asset_id": "114605505021785768584380879667407737610783809901623653169333422287901274048732", "price": "0.8", "size": "10", "side": "SELL", "hash": "fbecad6301e10b0a36364676ccabd812e4287bc3", "best_bid": "0.18", "best_ask": "0.8"}], "timestamp": "1769384486846", "event_type": "price_change"}}
{"_local_timestamp": "2026-01-25T23:41:26.948719+00:00", "data": {"market": "0xdecb360dab76bdc75314e629bbf091e9a958ab2823252e7ceed094f3e132c75a", "price_changes": [{"asset_id": "114605505021785768584380879667407737610783809901623653169333422287901274048732", "price": "0.18", "size": "10", "side": "BUY", "hash": "5b731d1e7e133ffb6d076b917ababb5011845051", "best_bid": "0.18", "best_ask": "0.8"}, {"asset_id": "91564745676448353288631031020331896486975841677934789866299528809812981633021", "price": "0.82", "size": "10", "side": "SELL", "hash": "03e72cc315aae839aa67d12582f44260e22073e5", "best_bid": "0.2", "best_ask": "0.82"}], "timestamp": "1769384486846", "event_type": "price_change"}}
{"_local_timestamp": "2026-01-25T23:41:27.299815+00:00", "data": {"market": "0xdecb360dab76bdc75314e629bbf091e9a958ab2823252e7ceed094f3e132c75a", "price_changes": [{"asset_id": "91564745676448353288631031020331896486975841677934789866299528809812981633021", "price": "0.21", "size": "150", "side": "BUY", "hash": "3b02101137afa419d4a188182ccacf8e98586eca", "best_bid": "0.21", "best_ask": "0.82"}, {"asset_id": "114605505021785768584380879667407737610783809901623653169333422287901274048732", "price": "0.79", "size": "150", "side": "SELL", "hash": "cf7b4eb3446d99d01a2fe583733c0d195a230cc5", "best_bid": "0.18", "best_ask": "0.79"}], "timestamp": "1769384487184", "event_type": "price_change"}}
{"_local_timestamp": "2026-01-25T23:41:27.300480+00:00", "data": {"market": "0xdecb360dab76bdc75314e629bbf091e9a958ab2823252e7ceed094f3e132c75a", "price_changes": [{"asset_id": "114605505021785768584380879667407737610783809901623653169333422287901274048732", "price": "0.19", "size": "150", "side": "BUY", "hash": "f8bc9d0b388b58439134a4158d113f7455a4b7f8", "best_bid": "0.19", "best_ask": "0.79"}, {"asset_id": "91564745676448353288631031020331896486975841677934789866299528809812981633021", "price": "0.81", "size": "150", "side": "SELL", "hash": "3eba85638e5fc9ba01dcaf8d3c3af8e5d28fdc97", "best_bid": "0.21", "best_ask": "0.81"}], "timestamp": "1769384487186", "event_type": "price_change"}}
{"_local_timestamp": "2026-01-25T23:41:27.545243+00:00", "data": {"market": "0xdecb360dab76bdc75314e629bbf091e9a958ab2823252e7ceed094f3e132c75a", "price_changes": [{"asset_id": "91564745676448353288631031020331896486975841677934789866299528809812981633021", "price": "0.2", "size": "5", "side": "BUY", "hash": "2de0c51e1345f3296b813bc0d5c518a0b86f7883", "best_bid": "0.21", "best_ask": "0.81"}, {"asset_id": "114605505021785768584380879667407737610783809901623653169333422287901274048732", "price": "0.8", "size": "5", "side": "SELL", "hash": "ff7f9d3189d8930c4914561efe24bc9a5a667f78", "best_bid": "0.19", "best_ask": "0.79"}], "timestamp": "1769384487422", "event_type": "price_change"}}
{"_local_timestamp": "2026-01-25T23:41:27.545819+00:00", "data": {"market": "0xdecb360dab76bdc75314e629bbf091e9a958ab2823252e7ceed094f3e132c75a", "price_changes": [{"asset_id": "114605505021785768584380879667407737610783809901623653169333422287901274048732", "price": "0.18", "size": "5", "side": "BUY", "hash": "99aef436ccad10e6e10b6619188e6e60a5f086a0", "best_bid": "0.19", "best_ask": "0.79"}, {"asset_id": "91564745676448353288631031020331896486975841677934789866299528809812981633021", "price": "0.82", "size": "5", "side": "SELL", "hash": "afe04fc72ba19526650d3bfc7bc456ec2896816c", "best_bid": "0.21", "best_ask": "0.81"}], "timestamp": "1769384487427", "event_type": "price_change"}}
{"_local_timestamp": "2026-01-25T23:41:27.647059+00:00", "data": {"market": "0xdecb360dab76bdc75314e629bbf091e9a958ab2823252e7ceed094f3e132c75a", "price_changes": [{"asset_id": "91564745676448353288631031020331896486975841677934789866299528809812981633021", "price": "0.2", "size": "0", "side": "BUY", "hash": "982c14727a8a575c8ad51a7428da035fd0bf14a9", "best_bid": "0.21", "best_ask": "0.81"}, {"asset_id": "114605505021785768584380879667407737610783809901623653169333422287901274048732", "price": "0.8", "size": "0", "side": "SELL", "hash": "86c355b60218b407e2753fba3850290c5bae627d", "best_bid": "0.19", "best_ask": "0.79"}], "timestamp": "1769384487529", "event_type": "price_change"}}
{"_local_timestamp": "2026-01-25T23:41:27.647678+00:00", "data": {"market": "0xdecb360dab76bdc75314e629bbf091e9a958ab2823252e7ceed094f3e132c75a", "price_changes": [{"asset_id": "114605505021785768584380879667407737610783809901623653169333422287901274048732", "price": "0.18", "size": "0", "side": "BUY", "hash": "76461154685b818b77d8753a78a0d8db44facb40", "best_bid": "0.19", "best_ask": "0.79"}, {"asset_id": "91564745676448353288631031020331896486975841677934789866299528809812981633021", "price": "0.82", "size": "0", "side": "SELL", "hash": "5abf05a78ac92b859b85249253867cd3cbf2b9b3", "best_bid": "0.21", "best_ask": "0.81"}], "timestamp": "1769384487534", "event_type": "price_change"}}
{"_local_timestamp": "2026-01-25T23:41:32.579403+00:00", "data": {"market": "0xdecb360dab76bdc75314e629bbf091e9a958ab2823252e7ceed094f3e132c75a", "price_changes": [{"asset_id": "114605505021785768584380879667407737610783809901623653169333422287901274048732", "price": "0.19", "size": "0", "side": "BUY", "hash": "f7d0c8ceaf566fba2b2f05751ffb3bed62dd2361", "best_bid": "0.17", "best_ask": "0.79"}, {"asset_id": "91564745676448353288631031020331896486975841677934789866299528809812981633021", "price": "0.81", "size": "0", "side": "SELL", "hash": "76d3d39681ab5081ccb55b753f7a68c4f38d5628", "best_bid": "0.21", "best_ask": "0.83"}], "timestamp": "1769384492413", "event_type": "price_change"}}
{"_local_timestamp": "2026-01-25T23:41:32.587788+00:00", "data": {"market": "0xdecb360dab76bdc75314e629bbf091e9a958ab2823252e7ceed094f3e132c75a", "price_changes": [{"asset_id": "91564745676448353288631031020331896486975841677934789866299528809812981633021", "price": "0.21", "size": "0", "side": "BUY", "hash": "f80d9d8d91dc32a5155944e0f24f7af6a37f1a9a", "best_bid": "0.19", "best_ask": "0.83"}, {"asset_id": "114605505021785768584380879667407737610783809901623653169333422287901274048732", "price": "0.79", "size": "0", "side": "SELL", "hash": "024c006174d3e1b27e5a2d8b82e62683544974d1", "best_bid": "0.17", "best_ask": "0.81"}], "timestamp": "1769384492413", "event_type": "price_change"}}
{"_local_timestamp": "2026-01-25T23:41:33.877101+00:00", "data": {"market": "0xdecb360dab76bdc75314e629bbf091e9a958ab2823252e7ceed094f3e132c75a", "price_changes": [{"asset_id": "91564745676448353288631031020331896486975841677934789866299528809812981633021", "price": "0.19", "size": "15", "side": "BUY", "hash": "5b3f2405a352c575b5da238ab8287e822eae6022", "best_bid": "0.19", "best_ask": "0.83"}, {"asset_id": "114605505021785768584380879667407737610783809901623653169333422287901274048732", "price": "0.81", "size": "15", "side": "SELL", "hash": "bb3d2123e6e354195cfeff99c6528897c58a29fc", "best_bid": "0.17", "best_ask": "0.81"}], "timestamp": "1769384493729", "event_type": "price_change"}}
{"_local_timestamp": "2026-01-25T23:41:33.889992+00:00", "data": {"market": "0xdecb360dab76bdc75314e629bbf091e9a958ab2823252e7ceed094f3e132c75a", "price_changes": [{"asset_id": "114605505021785768584380879667407737610783809901623653169333422287901274048732", "price": "0.17", "size": "81.47", "side": "BUY", "hash": "9977be8aca25f42ede2d9efb083248ad1ccfe343", "best_bid": "0.17", "best_ask": "0.81"}, {"asset_id": "91564745676448353288631031020331896486975841677934789866299528809812981633021", "price": "0.83", "size": "81.47", "side": "SELL", "hash": "8c4e03196dd4937f433951b4ac0e43782a15259d", "best_bid": "0.19", "best_ask": "0.83"}], "timestamp": "1769384493738", "event_type": "price_change"}}
{"_local_timestamp": "2026-01-25T23:41:33.906863+00:00", "data": {"market": "0xdecb360dab76bdc75314e629bbf091e9a958ab2823252e7ceed094f3e132c75a", "price_changes": [{"asset_id": "114605505021785768584380879667407737610783809901623653169333422287901274048732", "price": "0.18", "size": "150", "side": "BUY", "hash": "e931e874a3a5f0c4cc0654775df3ce1d6762176b", "best_bid": "0.18", "best_ask": "0.81"}, {"asset_id": "91564745676448353288631031020331896486975841677934789866299528809812981633021", "price": "0.82", "size": "150", "side": "SELL", "hash": "666e5ad00f9756565bc139cbce9b8bb1308afa91", "best_bid": "0.19", "best_ask": "0.82"}], "timestamp": "1769384493754", "event_type": "price_change"}}
{"_local_timestamp": "2026-01-25T23:41:33.909612+00:00", "data": {"market": "0xdecb360dab76bdc75314e629bbf091e9a958ab2823252e7ceed094f3e132c75a", "price_changes": [{"asset_id": "91564745676448353288631031020331896486975841677934789866299528809812981633021", "price": "0.2", "size": "150", "side": "BUY", "hash": "ca80321ebfb85c92655ad30584572faf0166a519", "best_bid": "0.2", "best_ask": "0.82"}, {"asset_id": "114605505021785768584380879667407737610783809901623653169333422287901274048732", "price": "0.8", "size": "150", "side": "SELL", "hash": "8657c2e97c87f062dc7baecc789e5c53f4b6a23d", "best_bid": "0.18", "best_ask": "0.8"}], "timestamp": "1769384493755", "event_type": "price_change"}}
{"_local_timestamp": "2026-01-25T23:41:33.925096+00:00", "data": {"market": "0xdecb360dab76bdc75314e629bbf091e9a958ab2823252e7ceed094f3e132c75a", "price_changes": [{"asset_id": "114605505021785768584380879667407737610783809901623653169333422287901274048732", "price": "0.17", "size": "86.47", "side": "BUY", "hash": "f2ac822da8d1e6782cc454a46cc63116e3b0470f", "best_bid": "0.18", "best_ask": "0.8"}, {"asset_id": "91564745676448353288631031020331896486975841677934789866299528809812981633021", "price": "0.83", "size": "86.47", "side": "SELL", "hash": "97a16a13d23274eaf4a8805922b971ebde502995", "best_bid": "0.2", "best_ask": "0.82"}], "timestamp": "1769384493773", "event_type": "price_change"}}
{"_local_timestamp": "2026-01-25T23:41:33.933697+00:00", "data": {"market": "0xdecb360dab76bdc75314e629bbf091e9a958ab2823252e7ceed094f3e132c75a", "price_changes": [{"asset_id": "91564745676448353288631031020331896486975841677934789866299528809812981633021", "price": "0.19", "size": "20", "side": "BUY", "hash": "0635517965583c998bff347b5c149edc513bab08", "best_bid": "0.2", "best_ask": "0.82"}, {"asset_id": "114605505021785768584380879667407737610783809901623653169333422287901274048732", "price": "0.81", "size": "20", "side": "SELL", "hash": "60bc9316f243435912e8aa84d0c1385ef5a43fc6", "best_bid": "0.18", "best_ask": "0.8"}], "timestamp": "1769384493779", "event_type": "price_change"}}
{"_local_timestamp": "2026-01-25T23:41:36.502476+00:00", "data": {"market": "0xdecb360dab76bdc75314e629bbf091e9a958ab2823252e7ceed094f3e132c75a", "price_changes": [{"asset_id": "91564745676448353288631031020331896486975841677934789866299528809812981633021", "price": "0.19", "size": "15", "side": "BUY", "hash": "e0231aa907bc2b12a3a4c93bef9b080db4d5ca22", "best_bid": "0.2", "best_ask": "0.82"}, {"asset_id": "114605505021785768584380879667407737610783809901623653169333422287901274048732", "price": "0.81", "size": "15", "side": "SELL", "hash": "7cb714642d84ccaaf0dbc93e9ca82dc1cfb0018d", "best_bid": "0.18", "best_ask": "0.8"}], "timestamp": "1769384496366", "event_type": "price_change"}}
{"_local_timestamp": "2026-01-25T23:41:36.505296+00:00", "data": {"market": "0xdecb360dab76bdc75314e629bbf091e9a958ab2823252e7ceed094f3e132c75a", "price_changes": [{"asset_id": "114605505021785768584380879667407737610783809901623653169333422287901274048732", "price": "0.17", "size": "81.47", "side": "BUY", "hash": "553a89ab71c7a57a2ec77588254a5b677544c7ff", "best_bid": "0.18", "best_ask": "0.8"}, {"asset_id": "91564745676448353288631031020331896486975841677934789866299528809812981633021", "price": "0.83", "size": "81.47", "side": "SELL", "hash": "0855dbab1171967af8669b32e3bcec2c792c4850", "best_bid": "0.2", "best_ask": "0.82"}], "timestamp": "1769384496369", "event_type": "price_change"}}
{"_local_timestamp": "2026-01-25T23:41:36.693794+00:00", "data": {"market": "0xdecb360dab76bdc75314e629bbf091e9a958ab2823252e7ceed094f3e132c75a", "price_changes": [{"asset_id": "114605505021785768584380879667407737610783809901623653169333422287901274048732", "price": "0.17", "size": "76.47", "side": "BUY", "hash": "b5ef008c357d59856b465ad3abb41170a129fcda", "best_bid": "0.18", "best_ask": "0.8"}, {"asset_id": "91564745676448353288631031020331896486975841677934789866299528809812981633021", "price": "0.83", "size": "76.47", "side": "SELL", "hash": "6b26fa37961a0d787fbb19709f492dbc5458518d", "best_bid": "0.2", "best_ask": "0.82"}], "timestamp": "1769384496557", "event_type": "price_change"}}
{"_local_timestamp": "2026-01-25T23:41:36.694438+00:00", "data": {"market": "0xdecb360dab76bdc75314e629bbf091e9a958ab2823252e7ceed094f3e132c75a", "price_changes": [{"asset_id": "91564745676448353288631031020331896486975841677934789866299528809812981633021", "price": "0.19", "size": "10", "side": "BUY", "hash": "8580309036bf448c14af9eedd9dc42f9ec270eae", "best_bid": "0.2", "best_ask": "0.82"}, {"asset_id": "114605505021785768584380879667407737610783809901623653169333422287901274048732", "price": "0.81", "size": "10", "side": "SELL", "hash": "7eff6597ccc5137a1cecad9377be95dfb0db9489", "best_bid": "0.18", "best_ask": "0.8"}], "timestamp": "1769384496559", "event_type": "price_change"}}
{"_local_timestamp": "2026-01-25T23:41:39.182304+00:00", "data": {"market": "0xdecb360dab76bdc75314e629bbf091e9a958ab2823252e7ceed094f3e132c75a", "price_changes": [{"asset_id": "91564745676448353288631031020331896486975841677934789866299528809812981633021", "price": "0.2", "size": "155", "side": "BUY", "hash": "8f4042a9c7a5d576f0b7cbcf56e316ddc37fa653", "best_bid": "0.2", "best_ask": "0.82"}, {"asset_id": "114605505021785768584380879667407737610783809901623653169333422287901274048732", "price": "0.8", "size": "155", "side": "SELL", "hash": "d09b4c7891aa442227ab4791408aa593c8a1752e", "best_bid": "0.18", "best_ask": "0.8"}], "timestamp": "1769384499020", "event_type": "price_change"}}
{"_local_timestamp": "2026-01-25T23:41:39.198819+00:00", "data": {"market": "0xdecb360dab76bdc75314e629bbf091e9a958ab2823252e7ceed094f3e132c75a", "price_changes": [{"asset_id": "114605505021785768584380879667407737610783809901623653169333422287901274048732", "price": "0.18", "size": "155", "side": "BUY", "hash": "87ab260ef039b9a61392d78d61036b3fbc56a707", "best_bid": "0.18", "best_ask": "0.8"}, {"asset_id": "91564745676448353288631031020331896486975841677934789866299528809812981633021", "price": "0.82", "size": "155", "side": "SELL", "hash": "1ce08fd7e0b56c9569fcde66d3a752c4f33079cb", "best_bid": "0.2", "best_ask": "0.82"}], "timestamp": "1769384499045", "event_type": "price_change"}}
{"_local_timestamp": "2026-01-25T23:41:39.562559+00:00", "data": {"market": "0xdecb360dab76bdc75314e629bbf091e9a958ab2823252e7ceed094f3e132c75a", "price_changes": [{"asset_id": "91564745676448353288631031020331896486975841677934789866299528809812981633021", "price": "0.2", "size": "160", "side": "BUY", "hash": "16768c5221ad9efda1c897b9bf7917e6b167e127", "best_bid": "0.2", "best_ask": "0.82"}, {"asset_id": "114605505021785768584380879667407737610783809901623653169333422287901274048732", "price": "0.8", "size": "160", "side": "SELL", "hash": "40e50f206af995a587fd54ce59ade373dd87a1bc", "best_bid": "0.18", "best_ask": "0.8"}], "timestamp": "1769384499426", "event_type": "price_change"}}
{"_local_timestamp": "2026-01-25T23:41:39.563498+00:00", "data": {"market": "0xdecb360dab76bdc75314e629bbf091e9a958ab2823252e7ceed094f3e132c75a", "price_changes": [{"asset_id": "114605505021785768584380879667407737610783809901623653169333422287901274048732", "price": "0.18", "size": "160", "side": "BUY", "hash": "6e45be28fb7e642ce17aa68b1632341a9ce7a43f", "best_bid": "0.18", "best_ask": "0.8"}, {"asset_id": "91564745676448353288631031020331896486975841677934789866299528809812981633021", "price": "0.82", "size": "160", "side": "SELL", "hash": "8e27a617915065360d9776495062f63f42c73e75", "best_bid": "0.2", "best_ask": "0.82"}], "timestamp": "1769384499427", "event_type": "price_change"}}
{"_local_timestamp": "2026-01-25T23:41:46.347040+00:00", "data": {"market": "0xdecb360dab76bdc75314e629bbf091e9a958ab2823252e7ceed094f3e132c75a", "price_changes": [{"asset_id": "91564745676448353288631031020331896486975841677934789866299528809812981633021", "price": "0.2", "size": "10", "side": "BUY", "hash": "9875bbc53e40ccd80ae1e068e0ba204b3cda8839", "best_bid": "0.2", "best_ask": "0.82"}, {"asset_id": "114605505021785768584380879667407737610783809901623653169333422287901274048732", "price": "0.8", "size": "10", "side": "SELL", "hash": "c3ef866e49cf70c448c39c3bb7cc57ea96360460", "best_bid": "0.18", "best_ask": "0.8"}], "timestamp": "1769384506270", "event_type": "price_change"}}
{"_local_timestamp": "2026-01-25T23:41:46.347634+00:00", "data": {"market": "0xdecb360dab76bdc75314e629bbf091e9a958ab2823252e7ceed094f3e132c75a", "price_changes": [{"asset_id": "114605505021785768584380879667407737610783809901623653169333422287901274048732", "price": "0.18", "size": "10", "side": "BUY", "hash": "8e61bea9689e7354c957c435d1f70145cb28a4be", "best_bid": "0.18", "best_ask": "0.8"}, {"asset_id": "91564745676448353288631031020331896486975841677934789866299528809812981633021", "price": "0.82", "size": "10", "side": "SELL", "hash": "93d00e116a0ff6ed6493bbaa4f0109dcb06d472c", "best_bid": "0.2", "best_ask": "0.82"}], "timestamp": "1769384506271", "event_type": "price_change"}}
{"_local_timestamp": "2026-01-25T23:41:46.705829+00:00", "data": {"market": "0xdecb360dab76bdc75314e629bbf091e9a958ab2823252e7ceed094f3e132c75a", "price_changes": [{"asset_id": "91564745676448353288631031020331896486975841677934789866299528809812981633021", "price": "0.21", "size": "150", "side": "BUY", "hash": "197dea77fdcdfd106035a51b2e4b5ddc5e59080c", "best_bid": "0.21", "best_ask": "0.82"}, {"asset_id": "114605505021785768584380879667407737610783809901623653169333422287901274048732", "price": "0.79", "size": "150", "side": "SELL", "hash": "72d63109e52cc0312bded52a558eca675ebf36d5", "best_bid": "0.18", "best_ask": "0.79"}], "timestamp": "1769384506634", "event_type": "price_change"}}
{"_local_timestamp": "2026-01-25T23:41:46.707175+00:00", "data": {"market": "0xdecb360dab76bdc75314e629bbf091e9a958ab2823252e7ceed094f3e132c75a", "price_changes": [{"asset_id": "114605505021785768584380879667407737610783809901623653169333422287901274048732", "price": "0.19", "size": "150", "side": "BUY", "hash": "c9831fc9d56405889b960a12d9b29d04906a1634", "best_bid": "0.19", "best_ask": "0.79"}, {"asset_id": "91564745676448353288631031020331896486975841677934789866299528809812981633021", "price": "0.81", "size": "150", "side": "SELL", "hash": "cf49e928288a1c5c41134f2ee4194b4135a24fef", "best_bid": "0.21", "best_ask": "0.81"}], "timestamp": "1769384506635", "event_type": "price_change"}}
{"_local_timestamp": "2026-01-25T23:41:46.883271+00:00", "data": {"market": "0xdecb360dab76bdc75314e629bbf091e9a958ab2823252e7ceed094f3e132c75a", "price_changes": [{"asset_id": "91564745676448353288631031020331896486975841677934789866299528809812981633021", "price": "0.2", "size": "5", "side": "BUY", "hash": "93948d5349e027892b21d7c940117ab86eed13b8", "best_bid": "0.21", "best_ask": "0.81"}, {"asset_id": "114605505021785768584380879667407737610783809901623653169333422287901274048732", "price": "0.8", "size": "5", "side": "SELL", "hash": "34e846f956e3f0bd5f1c15d295d60ec0ec183715", "best_bid": "0.19", "best_ask": "0.79"}], "timestamp": "1769384506804", "event_type": "price_change"}}
{"_local_timestamp": "2026-01-25T23:41:46.899331+00:00", "data": {"market": "0xdecb360dab76bdc75314e629bbf091e9a958ab2823252e7ceed094f3e132c75a", "price_changes": [{"asset_id": "114605505021785768584380879667407737610783809901623653169333422287901274048732", "price": "0.18", "size": "5", "side": "BUY", "hash": "6a01e9bf4fbf9d749132ee01f7630fbc7ebfe342", "best_bid": "0.19", "best_ask": "0.79"}, {"asset_id": "91564745676448353288631031020331896486975841677934789866299528809812981633021", "price": "0.82", "size": "5", "side": "SELL", "hash": "5eed3a452f50e104fb9dc3b2a63054341d8131db", "best_bid": "0.21", "best_ask": "0.81"}], "timestamp": "1769384506818", "event_type": "price_change"}}
{"_local_timestamp": "2026-01-25T23:41:47.352532+00:00", "data": {"market": "0xdecb360dab76bdc75314e629bbf091e9a958ab2823252e7ceed094f3e132c75a", "price_changes": [{"asset_id": "114605505021785768584380879667407737610783809901623653169333422287901274048732", "price": "0.18", "size": "0", "side": "BUY", "hash": "8affab3c7ed07398e806e9fb73d3df8a4713483b", "best_bid": "0.19", "best_ask": "0.79"}, {"asset_id": "91564745676448353288631031020331896486975841677934789866299528809812981633021", "price": "0.82", "size": "0", "side": "SELL", "hash": "17e37f51edde8bfb0cb014f59415e96de8ccf61f", "best_bid": "0.21", "best_ask": "0.81"}], "timestamp": "1769384507276", "event_type": "price_change"}}
{"_local_timestamp": "2026-01-25T23:41:47.362892+00:00", "data": {"market": "0xdecb360dab76bdc75314e629bbf091e9a958ab2823252e7ceed094f3e132c75a", "price_changes": [{"asset_id": "91564745676448353288631031020331896486975841677934789866299528809812981633021", "price": "0.2", "size": "0", "side": "BUY", "hash": "d9bad1f35eeb64cb794a032519150d1242e6086a", "best_bid": "0.21", "best_ask": "0.81"}, {"asset_id": "114605505021785768584380879667407737610783809901623653169333422287901274048732", "price": "0.8", "size": "0", "side": "SELL", "hash": "3adc4d4ef98ad03fff3e0bbbfc8124bd700eb521", "best_bid": "0.19", "best_ask": "0.79"}], "timestamp": "1769384507283", "event_type": "price_change"}}
{"_local_timestamp": "2026-01-25T23:41:51.936235+00:00", "data": {"market": "0xdecb360dab76bdc75314e629bbf091e9a958ab2823252e7ceed094f3e132c75a", "price_changes": [{"asset_id": "114605505021785768584380879667407737610783809901623653169333422287901274048732", "price": "0.19", "size": "0", "side": "BUY", "hash": "f8143b1e8e8f0417808a068813c7a526b0303214", "best_bid": "0.17", "best_ask": "0.79"}, {"asset_id": "91564745676448353288631031020331896486975841677934789866299528809812981633021", "price": "0.81", "size": "0", "side": "SELL", "hash": "7dee26aadd7c1b894f4037617ba10f04fd8b6e04", "best_bid": "0.21", "best_ask": "0.83"}], "timestamp": "1769384511829", "event_type": "price_change"}}
{"_local_timestamp": "2026-01-25T23:41:51.937456+00:00", "data": {"market": "0xdecb360dab76bdc75314e629bbf091e9a958ab2823252e7ceed094f3e132c75a", "price_changes": [{"asset_id": "91564745676448353288631031020331896486975841677934789866299528809812981633021", "price": "0.21", "size": "0", "side": "BUY", "hash": "966a5a60a991ca8b3a3080abf305cd63abbac659", "best_bid": "0.19", "best_ask": "0.83"}, {"asset_id": "114605505021785768584380879667407737610783809901623653169333422287901274048732", "price": "0.79", "size": "0", "side": "SELL", "hash": "a3593bf0b445737ef3edf11739a99af883bf28c3", "best_bid": "0.17", "best_ask": "0.81"}], "timestamp": "1769384511831", "event_type": "price_change"}}
{"_local_timestamp": "2026-01-25T23:41:52.183338+00:00", "data": {"market": "0xdecb360dab76bdc75314e629bbf091e9a958ab2823252e7ceed094f3e132c75a", "price_changes": [{"asset_id": "91564745676448353288631031020331896486975841677934789866299528809812981633021", "price": "0.2", "size": "150", "side": "BUY", "hash": "2abc4328e67f536f9598de8d5aea45491ae46f62", "best_bid": "0.2", "best_ask": "0.83"}, {"asset_id": "114605505021785768584380879667407737610783809901623653169333422287901274048732", "price": "0.8", "size": "150", "side": "SELL", "hash": "ecd722107713d997eb5d2c5ed703cc29cc3acce7", "best_bid": "0.17", "best_ask": "0.8"}], "timestamp": "1769384512109", "event_type": "price_change"}}
{"_local_timestamp": "2026-01-25T23:41:52.190844+00:00", "data": {"market": "0xdecb360dab76bdc75314e629bbf091e9a958ab2823252e7ceed094f3e132c75a", "price_changes": [{"asset_id": "114605505021785768584380879667407737610783809901623653169333422287901274048732", "price": "0.18", "size": "150", "side": "BUY", "hash": "3ccecd08dddb398027565157dbe4269b6f1a2e60", "best_bid": "0.18", "best_ask": "0.8"}, {"asset_id": "91564745676448353288631031020331896486975841677934789866299528809812981633021", "price": "0.82", "size": "150", "side": "SELL", "hash": "188e104854e1fab4ad746ad8accdf0a90bf76b7f", "best_bid": "0.2", "best_ask": "0.82"}], "timestamp": "1769384512117", "event_type": "price_change"}}
{"_local_timestamp": "2026-01-25T23:41:53.038511+00:00", "data": {"market": "0xdecb360dab76bdc75314e629bbf091e9a958ab2823252e7ceed094f3e132c75a", "price_changes": [{"asset_id": "91564745676448353288631031020331896486975841677934789866299528809812981633021", "price": "0.2", "size": "155", "side": "BUY", "hash": "c54485db2b49c6bb2f2ed49d2711a59cf6874208", "best_bid": "0.2", "best_ask": "0.82"}, {"asset_id": "114605505021785768584380879667407737610783809901623653169333422287901274048732", "price": "0.8", "size": "155", "side": "SELL", "hash": "38566641f14a773a5c2ee7670966f3d94f36da29", "best_bid": "0.18", "best_ask": "0.8"}], "timestamp": "1769384512691", "event_type": "price_change"}}
{"_local_timestamp": "2026-01-25T23:41:53.054769+00:00", "data": {"market": "0xdecb360dab76bdc75314e629bbf091e9a958ab2823252e7ceed094f3e132c75a", "price_changes": [{"asset_id": "114605505021785768584380879667407737610783809901623653169333422287901274048732", "price": "0.18", "size": "155", "side": "BUY", "hash": "d74c16886707fa8aba00f0d6b17594593acde9d2", "best_bid": "0.18", "best_ask": "0.8"}, {"asset_id": "91564745676448353288631031020331896486975841677934789866299528809812981633021", "price": "0.82", "size": "155", "side": "SELL", "hash": "57adb35a912ea47aa829de649aba44633c35137a", "best_bid": "0.2", "best_ask": "0.82"}], "timestamp": "1769384512694", "event_type": "price_change"}}
{"_local_timestamp": "2026-01-25T23:41:53.506264+00:00", "data": {"market": "0xdecb360dab76bdc75314e629bbf091e9a958ab2823252e7ceed094f3e132c75a", "price_changes": [{"asset_id": "91564745676448353288631031020331896486975841677934789866299528809812981633021", "price": "0.2", "size": "160", "side": "BUY", "hash": "8c10e4406c98bec9ad9e75fc941d8fe3c253eb39", "best_bid": "0.2", "best_ask": "0.82"}, {"asset_id": "114605505021785768584380879667407737610783809901623653169333422287901274048732", "price": "0.8", "size": "160", "side": "SELL", "hash": "d1f69813bfafc4285f7c83da975fb8fbe4e530ff", "best_bid": "0.18", "best_ask": "0.8"}], "timestamp": "1769384513437", "event_type": "price_change"}}
{"_local_timestamp": "2026-01-25T23:41:53.513008+00:00", "data": {"market": "0xdecb360dab76bdc75314e629bbf091e9a958ab2823252e7ceed094f3e132c75a", "price_changes": [{"asset_id": "114605505021785768584380879667407737610783809901623653169333422287901274048732", "price": "0.18", "size": "160", "side": "BUY", "hash": "156e49d5ddc7e30580b76c6350062708fc2f596b", "best_bid": "0.18", "best_ask": "0.8"}, {"asset_id": "91564745676448353288631031020331896486975841677934789866299528809812981633021", "price": "0.82", "size": "160", "side": "SELL", "hash": "da03fb4aca3c86885aeffcaa5f9e664fc5ef8792", "best_bid": "0.2", "best_ask": "0.82"}], "timestamp": "1769384513439", "event_type": "price_change"}}
{"_local_timestamp": "2026-01-25T23:41:57.352655+00:00", "data": {"market": "0xdecb360dab76bdc75314e629bbf091e9a958ab2823252e7ceed094f3e132c75a", "price_changes": [{"asset_id": "91564745676448353288631031020331896486975841677934789866299528809812981633021", "price": "0.2", "size": "10", "side": "BUY", "hash": "c37b318924cf25d6f15556a3381c0a711f1dfce1", "best_bid": "0.2", "best_ask": "0.82"}, {"asset_id": "114605505021785768584380879667407737610783809901623653169333422287901274048732", "price": "0.8", "size": "10", "side": "SELL", "hash": "2490abdae68e5d567306da63a7c86a642ca44941", "best_bid": "0.18", "best_ask": "0.8"}], "timestamp": "1769384517278", "event_type": "price_change"}}
{"_local_timestamp": "2026-01-25T23:41:57.353420+00:00", "data": {"market": "0xdecb360dab76bdc75314e629bbf091e9a958ab2823252e7ceed094f3e132c75a", "price_changes": [{"asset_id": "114605505021785768584380879667407737610783809901623653169333422287901274048732", "price": "0.18", "size": "10", "side": "BUY", "hash": "4b12d9117f371b01c5cec47b4f41f6d46193af0b", "best_bid": "0.18", "best_ask": "0.8"}, {"asset_id": "91564745676448353288631031020331896486975841677934789866299528809812981633021", "price": "0.82", "size": "10", "side": "SELL", "hash": "2cccb58352cd69fd415da10605a316ef8fef2a63", "best_bid": "0.2", "best_ask": "0.82"}], "timestamp": "1769384517279", "event_type": "price_change"}}
{"_local_timestamp": "2026-01-25T23:41:58.140557+00:00", "data": {"market": "0xdecb360dab76bdc75314e629bbf091e9a958ab2823252e7ceed094f3e132c75a", "price_changes": [{"asset_id": "114605505021785768584380879667407737610783809901623653169333422287901274048732", "price": "0.19", "size": "150", "side": "BUY", "hash": "00780334bcd587401d8166564d8b4d88467883da", "best_bid": "0.19", "best_ask": "0.8"}, {"asset_id": "91564745676448353288631031020331896486975841677934789866299528809812981633021", "price": "0.81", "size": "150", "side": "SELL", "hash": "bc874a54212832aa26b4a7619fd2a5155f63889c", "best_bid": "0.2", "best_ask": "0.81"}], "timestamp": "1769384518049", "event_type": "price_change"}}
{"_local_timestamp": "2026-01-25T23:41:58.154159+00:00", "data": {"market": "0xdecb360dab76bdc75314e629bbf091e9a958ab2823252e7ceed094f3e132c75a", "price_changes": [{"asset_id": "91564745676448353288631031020331896486975841677934789866299528809812981633021", "price": "0.21", "size": "150", "side": "BUY", "hash": "7ef75aa9cb4627adc714c9cbecc72c9807cfbac6", "best_bid": "0.21", "best_ask": "0.81"}, {"asset_id": "114605505021785768584380879667407737610783809901623653169333422287901274048732", "price": "0.79", "size": "150", "side": "SELL", "hash": "2ca2247a39c00702f33cac338ac04339c0cb227f", "best_bid": "0.19", "best_ask": "0.79"}], "timestamp": "1769384518050", "event_type": "price_change"}}
{"_local_timestamp": "2026-01-25T23:41:59.050068+00:00", "data": {"market": "0xdecb360dab76bdc75314e629bbf091e9a958ab2823252e7ceed094f3e132c75a", "price_changes": [{"asset_id": "91564745676448353288631031020331896486975841677934789866299528809812981633021", "price": "0.2", "size": "5", "side": "BUY", "hash": "632e5ad3c30dd249ed38af017218cae6cb3aeb39", "best_bid": "0.21", "best_ask": "0.81"}, {"asset_id": "114605505021785768584380879667407737610783809901623653169333422287901274048732", "price": "0.8", "size": "5", "side": "SELL", "hash": "737d5c958e0a0fe08667cc4a39fd0196a1239e55", "best_bid": "0.19", "best_ask": "0.79"}], "timestamp": "1769384518979", "event_type": "price_change"}}
{"_local_timestamp": "2026-01-25T23:41:59.056023+00:00", "data": {"market": "0xdecb360dab76bdc75314e629bbf091e9a958ab2823252e7ceed094f3e132c75a", "price_changes": [{"asset_id": "114605505021785768584380879667407737610783809901623653169333422287901274048732", "price": "0.18", "size": "5", "side": "BUY", "hash": "c4a1bf43904177755a17b295d912807dd1cb16b9", "best_bid": "0.19", "best_ask": "0.79"}, {"asset_id": "91564745676448353288631031020331896486975841677934789866299528809812981633021", "price": "0.82", "size": "5", "side": "SELL", "hash": "642ac707fbef56fab55d43563198af9c82b15249", "best_bid": "0.21", "best_ask": "0.81"}], "timestamp": "1769384518988", "event_type": "price_change"}}
{"_local_timestamp": "2026-01-25T23:41:59.531622+00:00", "data": {"market": "0xdecb360dab76bdc75314e629bbf091e9a958ab2823252e7ceed094f3e132c75a", "price_changes": [{"asset_id": "91564745676448353288631031020331896486975841677934789866299528809812981633021", "price": "0.2", "size": "0", "side": "BUY", "hash": "41cc8ba6e9022deb406cfda296b5019908525a6b", "best_bid": "0.21", "best_ask": "0.81"}, {"asset_id": "114605505021785768584380879667407737610783809901623653169333422287901274048732", "price": "0.8", "size": "0", "side": "SELL", "hash": "332fc1f1226f3d3a6f6ddbe65cdc0eb0eb846db4", "best_bid": "0.19", "best_ask": "0.79"}], "timestamp": "1769384519450", "event_type": "price_change"}}
{"_local_timestamp": "2026-01-25T23:41:59.532258+00:00", "data": {"market": "0xdecb360dab76bdc75314e629bbf091e9a958ab2823252e7ceed094f3e132c75a", "price_changes": [{"asset_id": "114605505021785768584380879667407737610783809901623653169333422287901274048732", "price": "0.18", "size": "0", "side": "BUY", "hash": "b5fc94b5822d42151b065f45ef793e24a7f50610", "best_bid": "0.19", "best_ask": "0.79"}, {"asset_id": "91564745676448353288631031020331896486975841677934789866299528809812981633021", "price": "0.82", "size": "0", "side": "SELL", "hash": "97f1e34da2d27583058318f5546388cc965d26ad", "best_bid": "0.21", "best_ask": "0.81"}], "timestamp": "1769384519454", "event_type": "price_change"}}
{"_local_timestamp": "2026-01-25T23:42:03.312829+00:00", "data": {"market": "0xdecb360dab76bdc75314e629bbf091e9a958ab2823252e7ceed094f3e132c75a", "price_changes": [{"asset_id": "114605505021785768584380879667407737610783809901623653169333422287901274048732", "price": "0.19", "size": "0", "side": "BUY", "hash": "1d0a9693a581ea8f1322aa167de0fc007071f453", "best_bid": "0.17", "best_ask": "0.79"}, {"asset_id": "91564745676448353288631031020331896486975841677934789866299528809812981633021", "price": "0.81", "size": "0", "side": "SELL", "hash": "5cdec55c4b6db8529e5f3b4810cd265153d5c216", "best_bid": "0.21", "best_ask": "0.83"}], "timestamp": "1769384523242", "event_type": "price_change"}}
{"_local_timestamp": "2026-01-25T23:42:03.315500+00:00", "data": {"market": "0xdecb360dab76bdc75314e629bbf091e9a958ab2823252e7ceed094f3e132c75a", "price_changes": [{"asset_id": "91564745676448353288631031020331896486975841677934789866299528809812981633021", "price": "0.21", "size": "0", "side": "BUY", "hash": "b36c133fd1209a3b939f4003589a2c07385e6794", "best_bid": "0.19", "best_ask": "0.83"}, {"asset_id": "114605505021785768584380879667407737610783809901623653169333422287901274048732", "price": "0.79", "size": "0", "side": "SELL", "hash": "c5b4bc1c1575d368ec734854d73d1a6d53b87d0e", "best_bid": "0.17", "best_ask": "0.81"}], "timestamp": "1769384523243", "event_type": "price_change"}}
{"_local_timestamp": "2026-01-25T23:42:03.645697+00:00", "data": {"market": "0xdecb360dab76bdc75314e629bbf091e9a958ab2823252e7ceed094f3e132c75a", "price_changes": [{"asset_id": "91564745676448353288631031020331896486975841677934789866299528809812981633021", "price": "0.2", "size": "150", "side": "BUY", "hash": "6001deab316cbb0503fcaf9e449b39410196d815", "best_bid": "0.2", "best_ask": "0.83"}, {"asset_id": "114605505021785768584380879667407737610783809901623653169333422287901274048732", "price": "0.8", "size": "150", "side": "SELL", "hash": "ae74ed361112bd5f6f0e096ca2139696008d704e", "best_bid": "0.17", "best_ask": "0.8"}], "timestamp": "1769384523571", "event_type": "price_change"}}
{"_local_timestamp": "2026-01-25T23:42:03.646355+00:00", "data": {"market": "0xdecb360dab76bdc75314e629bbf091e9a958ab2823252e7ceed094f3e132c75a", "price_changes": [{"asset_id": "114605505021785768584380879667407737610783809901623653169333422287901274048732", "price": "0.18", "size": "150", "side": "BUY", "hash": "a9e3af9c29a851165a066088f8ff5cbca760a37b", "best_bid": "0.18", "best_ask": "0.8"}, {"asset_id": "91564745676448353288631031020331896486975841677934789866299528809812981633021", "price": "0.82", "size": "150", "side": "SELL", "hash": "2f4fa586e4c2e037e8d5347257b8511f9a6d7c5b", "best_bid": "0.2", "best_ask": "0.82"}], "timestamp": "1769384523572", "event_type": "price_change"}}
{"_local_timestamp": "2026-01-25T23:42:03.740041+00:00", "data": {"market": "0xdecb360dab76bdc75314e629bbf091e9a958ab2823252e7ceed094f3e132c75a", "price_changes": [{"asset_id": "91564745676448353288631031020331896486975841677934789866299528809812981633021", "price": "0.19", "size": "15", "side": "BUY", "hash": "b0d31e8adaef534a1b1e9d9c6768e24621ece38f", "best_bid": "0.2", "best_ask": "0.82"}, {"asset_id": "114605505021785768584380879667407737610783809901623653169333422287901274048732", "price": "0.81", "size": "15", "side": "SELL", "hash": "a24056fc3e82d8ba5a8bcceb7908f47a43ef14ec", "best_bid": "0.18", "best_ask": "0.8"}], "timestamp": "1769384523661", "event_type": "price_change"}}
{"_local_timestamp": "2026-01-25T23:42:03.750024+00:00", "data": {"market": "0xdecb360dab76bdc75314e629bbf091e9a958ab2823252e7ceed094f3e132c75a", "price_changes": [{"asset_id": "114605505021785768584380879667407737610783809901623653169333422287901274048732", "price": "0.17", "size": "81.47", "side": "BUY", "hash": "d42601dce905bc3cc340accd9e1f94163cf3e78f", "best_bid": "0.18", "best_ask": "0.8"}, {"asset_id": "91564745676448353288631031020331896486975841677934789866299528809812981633021", "price": "0.83", "size": "81.47", "side": "SELL", "hash": "145c72ee2f8685cce0dd07a3485bc85580406951", "best_bid": "0.2", "best_ask": "0.82"}], "timestamp": "1769384523663", "event_type": "price_change"}}
{"_local_timestamp": "2026-01-25T23:42:04.747788+00:00", "data": {"market": "0xdecb360dab76bdc75314e629bbf091e9a958ab2823252e7ceed094f3e132c75a", "price_changes": [{"asset_id": "114605505021785768584380879667407737610783809901623653169333422287901274048732", "price": "0.18", "size": "155", "side": "BUY", "hash": "0fb6a090c649c7c750547bbfead0336e33a64562", "best_bid": "0.18", "best_ask": "0.8"}, {"asset_id": "91564745676448353288631031020331896486975841677934789866299528809812981633021", "price": "0.82", "size": "155", "side": "SELL", "hash": "f40667e7095bedad068d836fcf4a1b2044596d51", "best_bid": "0.2", "best_ask": "0.82"}], "timestamp": "1769384524678", "event_type": "price_change"}}
{"_local_timestamp": "2026-01-25T23:42:04.754175+00:00", "data": {"market": "0xdecb360dab76bdc75314e629bbf091e9a958ab2823252e7ceed094f3e132c75a", "price_changes": [{"asset_id": "91564745676448353288631031020331896486975841677934789866299528809812981633021", "price": "0.2", "size": "155", "side": "BUY", "hash": "1a84a1a39ede152023765c10176865aa3bff9796", "best_bid": "0.2", "best_ask": "0.82"}, {"asset_id": "114605505021785768584380879667407737610783809901623653169333422287901274048732", "price": "0.8", "size": "155", "side": "SELL", "hash": "75b4634b04b68eca31447d4e8ebc3eda58146b32", "best_bid": "0.18", "best_ask": "0.8"}], "timestamp": "1769384524683", "event_type": "price_change"}}
{"_local_timestamp": "2026-01-25T23:42:06.677183+00:00", "data": {"market": "0xdecb360dab76bdc75314e629bbf091e9a958ab2823252e7ceed094f3e132c75a", "price_changes": [{"asset_id": "91564745676448353288631031020331896486975841677934789866299528809812981633021", "price": "0.19", "size": "10", "side": "BUY", "hash": "9ca08873398c9215a7d9fe176834c4c9335557a5", "best_bid": "0.2", "best_ask": "0.82"}, {"asset_id": "114605505021785768584380879667407737610783809901623653169333422287901274048732", "price": "0.81", "size": "10", "side": "SELL", "hash": "bea5db0fde319bce6df37620a08502f58d830f11", "best_bid": "0.18", "best_ask": "0.8"}], "timestamp": "1769384526603", "event_type": "price_change"}}
{"_local_timestamp": "2026-01-25T23:42:06.683930+00:00", "data": {"market": "0xdecb360dab76bdc75314e629bbf091e9a958ab2823252e7ceed094f3e132c75a", "price_changes": [{"asset_id": "114605505021785768584380879667407737610783809901623653169333422287901274048732", "price": "0.17", "size": "76.47", "side": "BUY", "hash": "3bf89693ab5544fc1a4d1d5215f3f52afd137886", "best_bid": "0.18", "best_ask": "0.8"}, {"asset_id": "91564745676448353288631031020331896486975841677934789866299528809812981633021", "price": "0.83", "size": "76.47", "side": "SELL", "hash": "93d2ab3e4266661961b2327884ca7b77af62953f", "best_bid": "0.2", "best_ask": "0.82"}], "timestamp": "1769384526605", "event_type": "price_change"}}
{"_local_timestamp": "2026-01-25T23:42:08.821071+00:00", "data": {"market": "0xdecb360dab76bdc75314e629bbf091e9a958ab2823252e7ceed094f3e132c75a", "price_changes": [{"asset_id": "114605505021785768584380879667407737610783809901623653169333422287901274048732", "price": "0.18", "size": "5", "side": "BUY", "hash": "0f30dc9f310fb17177e50368f82175539c8ff269", "best_bid": "0.18", "best_ask": "0.8"}, {"asset_id": "91564745676448353288631031020331896486975841677934789866299528809812981633021", "price": "0.82", "size": "5", "side": "SELL", "hash": "69083a923f4f7ccf253be30bf075262acf4b92b5", "best_bid": "0.2", "best_ask": "0.82"}], "timestamp": "1769384528750", "event_type": "price_change"}}
{"_local_timestamp": "2026-01-25T23:42:08.828690+00:00", "data": {"market": "0xdecb360dab76bdc75314e629bbf091e9a958ab2823252e7ceed094f3e132c75a", "price_changes": [{"asset_id": "91564745676448353288631031020331896486975841677934789866299528809812981633021", "price": "0.2", "size": "5", "side": "BUY", "hash": "88c44c9827cf89bfba27401d84905a65a64df756", "best_bid": "0.2", "best_ask": "0.82"}, {"asset_id": "114605505021785768584380879667407737610783809901623653169333422287901274048732", "price": "0.8", "size": "5", "side": "SELL", "hash": "bd02e8b108612d11d0c1e68908b4928b380ab8be", "best_bid": "0.18", "best_ask": "0.8"}], "timestamp": "1769384528751", "event_type": "price_change"}}
{"_local_timestamp": "2026-01-25T23:42:09.109897+00:00", "data": {"market": "0xdecb360dab76bdc75314e629bbf091e9a958ab2823252e7ceed094f3e132c75a", "price_changes": [{"asset_id": "91564745676448353288631031020331896486975841677934789866299528809812981633021", "price": "0.21", "size": "150", "side": "BUY", "hash": "71f62627f0c19ed2f014be21f8c419f7c5c7dbc0", "best_bid": "0.21", "best_ask": "0.82"}, {"asset_id": "114605505021785768584380879667407737610783809901623653169333422287901274048732", "price": "0.79", "size": "150", "side": "SELL", "hash": "c6f460b5f20561af4025b5561cbb6372b92b6ec2", "best_bid": "0.18", "best_ask": "0.79"}], "timestamp": "1769384529034", "event_type": "price_change"}}
{"_local_timestamp": "2026-01-25T23:42:09.116685+00:00", "data": {"market": "0xdecb360dab76bdc75314e629bbf091e9a958ab2823252e7ceed094f3e132c75a", "price_changes": [{"asset_id": "114605505021785768584380879667407737610783809901623653169333422287901274048732", "price": "0.19", "size": "150", "side": "BUY", "hash": "4fefdc9bb25bfc09475bbce83f94f5eec11ebd76", "best_bid": "0.19", "best_ask": "0.79"}, {"asset_id": "91564745676448353288631031020331896486975841677934789866299528809812981633021", "price": "0.81", "size": "150", "side": "SELL", "hash": "10cc8474118b11d4d7fb260b668ccc9f4deccbf9", "best_bid": "0.21", "best_ask": "0.81"}], "timestamp": "1769384529035", "event_type": "price_change"}}
{"_local_timestamp": "2026-01-25T23:42:09.434445+00:00", "data": {"market": "0xdecb360dab76bdc75314e629bbf091e9a958ab2823252e7ceed094f3e132c75a", "price_changes": [{"asset_id": "91564745676448353288631031020331896486975841677934789866299528809812981633021", "price": "0.2", "size": "0", "side": "BUY", "hash": "32d4471765d86f613fc279d0d6d14be098bc74b3", "best_bid": "0.21", "best_ask": "0.81"}, {"asset_id": "114605505021785768584380879667407737610783809901623653169333422287901274048732", "price": "0.8", "size": "0", "side": "SELL", "hash": "7612dfd70119920bb336db908ae114bac7efacda", "best_bid": "0.19", "best_ask": "0.79"}], "timestamp": "1769384529361", "event_type": "price_change"}}
{"_local_timestamp": "2026-01-25T23:42:09.435127+00:00", "data": {"market": "0xdecb360dab76bdc75314e629bbf091e9a958ab2823252e7ceed094f3e132c75a", "price_changes": [{"asset_id": "114605505021785768584380879667407737610783809901623653169333422287901274048732", "price": "0.18", "size": "0", "side": "BUY", "hash": "3d50421e93c66721f340568b2afd16438d438ad7", "best_bid": "0.19", "best_ask": "0.79"}, {"asset_id": "91564745676448353288631031020331896486975841677934789866299528809812981633021", "price": "0.82", "size": "0", "side": "SELL", "hash": "9cbd178beab316818c05c953ca798c2aee97e9c4", "best_bid": "0.21", "best_ask": "0.81"}], "timestamp": "1769384529364", "event_type": "price_change"}}
{"_local_timestamp": "2026-01-25T23:42:14.302939+00:00", "data": {"market": "0xdecb360dab76bdc75314e629bbf091e9a958ab2823252e7ceed094f3e132c75a", "price_changes": [{"asset_id": "91564745676448353288631031020331896486975841677934789866299528809812981633021", "price": "0.21", "size": "0", "side": "BUY", "hash": "f2086c3e7f71f73681c5f4529746444fcf075335", "best_bid": "0.19", "best_ask": "0.81"}, {"asset_id": "114605505021785768584380879667407737610783809901623653169333422287901274048732", "price": "0.79", "size": "0", "side": "SELL", "hash": "a7dbcb2ffd06c1b25482ae94307db583a95860a8", "best_bid": "0.19", "best_ask": "0.81"}], "timestamp": "1769384534223", "event_type": "price_change"}}
{"_local_timestamp": "2026-01-25T23:42:14.304174+00:00", "data": {"market": "0xdecb360dab76bdc75314e629bbf091e9a958ab2823252e7ceed094f3e132c75a", "price_changes": [{"asset_id": "114605505021785768584380879667407737610783809901623653169333422287901274048732", "price": "0.19", "size": "0", "side": "BUY", "hash": "3921af0ded2279822de3d5e03b5fb786b6b815dc", "best_bid": "0.17", "best_ask": "0.81"}, {"asset_id": "91564745676448353288631031020331896486975841677934789866299528809812981633021", "price": "0.81", "size": "0", "side": "SELL", "hash": "d06ddd443c8b8ed7ce774162af84eb82e7e9bdfa", "best_bid": "0.19", "best_ask": "0.83"}], "timestamp": "1769384534224", "event_type": "price_change"}}
{"_local_timestamp": "2026-01-25T23:42:14.805526+00:00", "data": {"market": "0xdecb360dab76bdc75314e629bbf091e9a958ab2823252e7ceed094f3e132c75a", "price_changes": [{"asset_id": "91564745676448353288631031020331896486975841677934789866299528809812981633021", "price": "0.2", "size": "150", "side": "BUY", "hash": "7c1c73f85530a50e683e50f896434aa242787225", "best_bid": "0.2", "best_ask": "0.83"}, {"asset_id": "114605505021785768584380879667407737610783809901623653169333422287901274048732", "price": "0.8", "size": "150", "side": "SELL", "hash": "655d551752b25c29cac910b15de754a94660581d", "best_bid": "0.17", "best_ask": "0.8"}], "timestamp": "1769384534734", "event_type": "price_change"}}
{"_local_timestamp": "2026-01-25T23:42:14.827863+00:00", "data": {"market": "0xdecb360dab76bdc75314e629bbf091e9a958ab2823252e7ceed094f3e132c75a", "price_changes": [{"asset_id": "114605505021785768584380879667407737610783809901623653169333422287901274048732", "price": "0.18", "size": "150", "side": "BUY", "hash": "0b433635b91002e2756bfd3899d0a84e5ebc4171", "best_bid": "0.18", "best_ask": "0.8"}, {"asset_id": "91564745676448353288631031020331896486975841677934789866299528809812981633021", "price": "0.82", "size": "150", "side": "SELL", "hash": "c7c2d5b65ee568fffd34601a0eb11ddb078b7e1f", "best_bid": "0.2", "best_ask": "0.82"}], "timestamp": "1769384534750", "event_type": "price_change"}}
{"_local_timestamp": "2026-01-25T23:42:15.322541+00:00", "data": {"market": "0xdecb360dab76bdc75314e629bbf091e9a958ab2823252e7ceed094f3e132c75a", "price_changes": [{"asset_id": "91564745676448353288631031020331896486975841677934789866299528809812981633021", "price": "0.2", "size": "155", "side": "BUY", "hash": "706a3a52dec02f4b63aee712e75fe3864b817452", "best_bid": "0.2", "best_ask": "0.82"}, {"asset_id": "114605505021785768584380879667407737610783809901623653169333422287901274048732", "price": "0.8", "size": "155", "side": "SELL", "hash": "2714277354cf89a5f5c0578843137b20e9a839d0", "best_bid": "0.18", "best_ask": "0.8"}], "timestamp": "1769384535219", "event_type": "price_change"}}
{"_local_timestamp": "2026-01-25T23:42:15.366781+00:00", "data": {"market": "0xdecb360dab76bdc75314e629bbf091e9a958ab2823252e7ceed094f3e132c75a", "price_changes": [{"asset_id": "114605505021785768584380879667407737610783809901623653169333422287901274048732", "price": "0.18", "size": "155", "side": "BUY", "hash": "387a927cf1490f963a2600738a884834cef2005c", "best_bid": "0.18", "best_ask": "0.8"}, {"asset_id": "91564745676448353288631031020331896486975841677934789866299528809812981633021", "price": "0.82", "size": "155", "side": "SELL", "hash": "cd921b40760be77c9481e22da7331a4bf3c49810", "best_bid": "0.2", "best_ask": "0.82"}], "timestamp": "1769384535264", "event_type": "price_change"}}
{"_local_timestamp": "2026-01-25T23:42:16.068616+00:00", "data": {"market": "0xdecb360dab76bdc75314e629bbf091e9a958ab2823252e7ceed094f3e132c75a", "price_changes": [{"asset_id": "114605505021785768584380879667407737610783809901623653169333422287901274048732", "price": "0.18", "size": "160", "side": "BUY", "hash": "3f2ad3d660389d7b40971d928383b32a556eee7a", "best_bid": "0.18", "best_ask": "0.8"}, {"asset_id": "91564745676448353288631031020331896486975841677934789866299528809812981633021", "price": "0.82", "size": "160", "side": "SELL", "hash": "d05e05c99d62e4ff762666dcc9e2941355e663de", "best_bid": "0.2", "best_ask": "0.82"}], "timestamp": "1769384535974", "event_type": "price_change"}}
{"_local_timestamp": "2026-01-25T23:42:16.069297+00:00", "data": {"market": "0xdecb360dab76bdc75314e629bbf091e9a958ab2823252e7ceed094f3e132c75a", "price_changes": [{"asset_id": "91564745676448353288631031020331896486975841677934789866299528809812981633021", "price": "0.2", "size": "160", "side": "BUY", "hash": "cca307a30e50edc882a3c06b5301858ceccbdaef", "best_bid": "0.2", "best_ask": "0.82"}, {"asset_id": "114605505021785768584380879667407737610783809901623653169333422287901274048732", "price": "0.8", "size": "160", "side": "SELL", "hash": "da6e49a16d1277848779e2cf3f7bb6ffceea81f7", "best_bid": "0.18", "best_ask": "0.8"}], "timestamp": "1769384535991", "event_type": "price_change"}}
{"_local_timestamp": "2026-01-25T23:42:20.012695+00:00", "data": {"market": "0xdecb360dab76bdc75314e629bbf091e9a958ab2823252e7ceed094f3e132c75a", "price_changes": [{"asset_id": "91564745676448353288631031020331896486975841677934789866299528809812981633021", "price": "0.2", "size": "10", "side": "BUY", "hash": "cb036c695ccaadefbf4b7ede0ce19e370532638d", "best_bid": "0.2", "best_ask": "0.82"}, {"asset_id": "114605505021785768584380879667407737610783809901623653169333422287901274048732", "price": "0.8", "size": "10", "side": "SELL", "hash": "d7b0855ba024886a39463c45f80270e259310c2e", "best_bid": "0.18", "best_ask": "0.8"}], "timestamp": "1769384539940", "event_type": "price_change"}}
{"_local_timestamp": "2026-01-25T23:42:20.013579+00:00", "data": {"market": "0xdecb360dab76bdc75314e629bbf091e9a958ab2823252e7ceed094f3e132c75a", "price_changes": [{"asset_id": "114605505021785768584380879667407737610783809901623653169333422287901274048732", "price": "0.18", "size": "10", "side": "BUY", "hash": "b7e478a62a4fb826bb5952a083b0615067fc6a4c", "best_bid": "0.18", "best_ask": "0.8"}, {"asset_id": "91564745676448353288631031020331896486975841677934789866299528809812981633021", "price": "0.82", "size": "10", "side": "SELL", "hash": "33d9f29e132019838a6b5f62f80dac0f9d6ad763", "best_bid": "0.2", "best_ask": "0.82"}], "timestamp": "1769384539941", "event_type": "price_change"}}
{"_local_timestamp": "2026-01-25T23:42:20.211949+00:00", "data": {"market": "0xdecb360dab76bdc75314e629bbf091e9a958ab2823252e7ceed094f3e132c75a", "price_changes": [{"asset_id": "114605505021785768584380879667407737610783809901623653169333422287901274048732", "price": "0.19", "size": "150", "side": "BUY", "hash": "c8e990eb7648f694c84d582df8502d4c41eee85f", "best_bid": "0.19", "best_ask": "0.8"}, {"asset_id": "91564745676448353288631031020331896486975841677934789866299528809812981633021", "price": "0.81", "size": "150", "side": "SELL", "hash": "5d16c42ff4ee08f76c53a43f59cff6f4dc3c637b", "best_bid": "0.2", "best_ask": "0.81"}], "timestamp": "1769384540138", "event_type": "price_change"}}
{"_local_timestamp": "2026-01-25T23:42:20.212771+00:00", "data": {"market": "0xdecb360dab76bdc75314e629bbf091e9a958ab2823252e7ceed094f3e132c75a", "price_changes": [{"asset_id": "91564745676448353288631031020331896486975841677934789866299528809812981633021", "price": "0.21", "size": "150", "side": "BUY", "hash": "834d34450760b6b8fc0d051340185e9c9ebc5a55", "best_bid": "0.21", "best_ask": "0.81"}, {"asset_id": "114605505021785768584380879667407737610783809901623653169333422287901274048732", "price": "0.79", "size": "150", "side": "SELL", "hash": "7c32c54497a4460496efdf323f7824c26de1ca7b", "best_bid": "0.19", "best_ask": "0.79"}], "timestamp": "1769384540139", "event_type": "price_change"}}
