{"_local_timestamp": "2026-01-25T23:40:59.755829+00:00", "data": [{"market": "0xc67104c7fab08da7ecd62ad9f5dea18a9e6ac89fb758f55bfce91bf4e1e23012", "asset_id": "78537836619812303608025938171253623964239411972931841197415303942589241561147", "timestamp": "1769382557988", "hash": "ccefe837dc9dac22eb9fe3871272dfb51c35885e", "bids": [{"price": "0.01", "size": "559.79"}, {"price": "0.02", "size": "157.03"}, {"price": "0.03", "size": "12.74"}, {"price": "0.05", "size": "30"}, {"price": "0.06", "size": "73.48"}, {"price": "0.07", "size": "291.18"}], "asks": [{"price": "0.99", "size": "554.79"}, {"price": "0.98", "size": "157.03"}, {"price": "0.97", "size": "12.74"}, {"price": "0.96", "size": "37"}, {"price": "0.95", "size": "18"}, {"price": "0.94", "size": "38.48"}, {"price": "0.93", "size": "299.91"}], "event_type": "book", "last_trade_price": ""}, {"market": "0xe4457cbe9de00b1d496742644acdd1853771e232a8c52ef28b40a6bebfcd8165", "asset_id": "14306302409685456495228086411468455238458267954584197372214250400609211656630", "timestamp": "1769382483676", "hash": "457214b611c952d3e2cf214539215926b07f78ae", "bids": [{"price": "0.01", "size": "512.74"}, {"price": "0.02", "size": "158.95"}, {"price": "0.03", "size": "233"}, {"price": "0.04", "size": "7.83"}, {"price": "0.06", "size": "11.13"}], "asks": [{"price": "0.99", "size": "513.77"}, {"price": "0.98", "size": "160.48"}, {"price": "0.97", "size": "243.64"}, {"price": "0.96", "size": "21.3"}, {"price": "0.95", "size": "7.27"}], "event_type": "book", "last_trade_price": ""}, {"market": "0x8084d3a1bef378199380e64deef2783360ffe6c249681afa5065705b124bd13d", "asset_id": "110540214783069026306721081872725811177774629744017954817572962668012719297926", "timestamp": "1769384410522", "hash": "c143691ef3d2cc1cb36b9369549d7e29fd6b8a7d", "bids": [{"price": "0.01", "size": "505.8"}, {"price": "0.02", "size": "157.03"}, {"price": "0.03", "size": "8.74"}, {"price": "0.04", "size": "107"}, {"price": "0.05", "size": "8.97"}, {"price": "0.06", "size": "349.93"}, {"price": "0.07", "size": "5.47"}], "asks": [{"price": "0.99", "size": "114.17"}, {"price": "0.98", "size": "850"}, {"price": "0.97", "size": "12.63"}, {"price": "0.93", "size": "785.71"}, {"price": "0.92", "size": "5.49"}, {"price": "0.89", "size": "218.18"}, {"price": "0.87", "size": "84.61"}, {"price": "0.86", "size": "42"}, {"price": "0.42", "size": "299"}], "event_type": "book", "last_trade_price": ""}, {"market": "0x8084d3a1bef378199380e64deef2783360ffe6c249681afa5065705b124bd13d", "asset_id": "14128733868029128474501051755772175633299264299791397678788246135700603677646", "timestamp": "1769384410522", "hash": "d50c3c4f368297ab41acb4585517653a65a18df0", "bids": [{"price": "0.01", "size": "114.17"}, {"price": "0.02", "size": "850"}, {"price": "0.03", "size": "12.63"}, {"price": "0.07", "size": "785.71"}, {"price": "0.08", "size": "5.49"}, {"price": "0.11", "size": "218.18"}, {"price": "0.13", "size": "84.61"}, {"price": "0.14", "size": "42"}, {"price": "0.58", "size": "299"}], "asks": [{"price": "0.99", "size": "505.8"}, {"price": "0.98", "size": "157.03"}, {"price": "0.97", "size": "8.74"}, {"price": "0.96", "size": "107"}, {"price": "0.95", "size": "8.97"}, {"price": "0.94", "size": "349.93"}, {"price": "0.93", "size": "5.47"}], "event_type": "book", "last_trade_price": ""}, {"market": "0x453387bf6ea62490fbdde9aa1812d30ef5c2e1621c547cad53b9aa3cbe6a6df9", "asset_id": "99352290510703307721190021096173751512562334374272871819741452560117777086731", "timestamp": "1769382630017", "hash": "78c56cde730119370d3b4b75560de4ad932e345a", "bids": [{"price": "0.01", "size": "513.77"}, {"price": "0.02", "size": "160.48"}, {"price": "0.03", "size": "210.64"}, {"price": "0.04", "size": "9.03"}, {"price": "0.05", "size": "7.27"}], "asks": [{"price": "0.99", "size": "512.74"}, {"price": "0.98", "size": "158.95"}, {"price": "0.97", "size": "233"}, {"price": "0.96", "size": "7.83"}, {"price": "0.94", "size": "11.13"}], "event_type": "book", "last_trade_price": ""}, {"market": "0x7a7d08fca27dceed8560b92255da8a7d70e9f6282e2ce6fb73f8cb8369fa47dc", "asset_id": "83939438931089698328311680361948507685323109183731775882295952520329526541542", "timestamp": "1769384435741", "hash": "1d3e75d862a1f7fa1a40a73fbf7cad7fbee50b61", "bids": [{"price": "0.01", "size": "512.74"}, {"price": "0.02", "size": "158.94"}, {"price": "0.03", "size": "233"}, {"price": "0.04", "size": "7.83"}, {"price": "0.06", "size": "11.13"}], "asks": [{"price": "0.99", "size": "509.81"}, {"price": "0.98", "size": "158.94"}, {"price": "0.97", "size": "242.4"}, {"price": "0.96", "size": "17.8"}], "event_type": "book", "last_trade_price": ""}, {"market": "0xe4457cbe9de00b1d496742644acdd1853771e232a8c52ef28b40a6bebfcd8165", "asset_id": "9828829435575441816030463553186784612083168476464381233132492746152654922341", "timestamp": "1769382483676", "hash": "3e670798eacdebecc48debe22842adb5f1bb7825", "bids": [{"price": "0.01", "size": "513.77"}, {"price": "0.02", "size": "160.48"}, {"price": "0.03", "size": "243.64"}, {"price": "0.04", "size": "21.3"}, {"price": "0.05", "size": "7.27"}], "asks": [{"price": "0.99", "size": "512.74"}, {"price": "0.98", "size": "158.95"}, {"price": "0.97", "size": "233"}, {"price": "0.96", "size": "7.83"}, {"price": "0.94", "size": "11.13"}], "event_type": "book", "last_trade_price": ""}, {"market": "0x453387bf6ea62490fbdde9aa1812d30ef5c2e1621c547cad53b9aa3cbe6a6df9", "asset_id": "112816315423826182453230152766775235556238633277128897963782479018063653075052", "timestamp": "1769382630017", "hash": "530c9e239e19cb0e637dfa18967af4266a9c8818", "bids": [{"price": "0.01", "size": "512.74"}, {"price": "0.02", "size": "158.95"}, {"price": "0.03", "size": "233"}, {"price": "0.04", "size": "7.83"}, {"price": "0.06", "size": "11.13"}], "asks": [{"price": "0.99", "size": "513.77"}, {"price": "0.98", "size": "160.48"}, {"price": "0.97", "size": "210.64"}, {"price": "0.96", "size": "9.03"}, {"price": "0.95", "size": "7.27"}], "event_type": "book", "last_trade_price": ""}, {"market": "0x7a7d08fca27dceed8560b92255da8a7d70e9f6282e2ce6fb73f8cb8369fa47dc", "asset_id": "27902444768903735158368809167279334905055395664543282358829530393243968660271", "timestamp": "1769384435741", "hash": "80ca4897b8e8d83d4170ea3df4c8add2bff9105e", "bids": [{"price": "0.01", "size": "509.81"}, {"price": "0.02", "size": "158.94"}, {"price": "0.03", "size": "242.4"}, {"price": "0.04", "size": "17.8"}], "asks": [{"price": "0.99", "size": "512.74"}, {"price": "0.98", "size": "158.94"}, {"price": "0.97", "size": "233"}, {"price": "0.96", "size": "7.83"}, {"price": "0.94", "size": "11.13"}], "event_type": "book", "last_trade_price": ""}, {"market": "0xc67104c7fab08da7ecd62ad9f5dea18a9e6ac89fb758f55bfce91bf4e1e23012", "asset_id": "80492442399321529490193246750505001560400607291490090028295715054084584918205", "timestamp": "1769382557988", "hash": "6dca7728c2247ff29b41e7985218296b93d9f7d4", "bids": [{"price": "0.01", "size": "554.79"}, {"price": "0.02", "size": "157.03"}, {"price": "0.03", "size": "12.74"}, {"price": "0.04", "size": "37"}, {"price": "0.05", "size": "18"}, {"price": "0.06", "size": "38.48"}, {"price": "0.07", "size": "299.91"}], "asks": [{"price": "0.99", "size": "559.79"}, {"price": "0.98", "size": "157.03"}, {"price": "0.97", "size": "12.74"}, {"price": "0.95", "size": "30"}, {"price": "0.94", "size": "73.48"}, {"price": "0.93", "size": "291.18"}], "event_type": "book", "last_trade_price": ""}]}
