{"_local_timestamp": "2026-01-25T23:33:26.427493+00:00", "data": [{"market": "0x8a47fb36ab4d4f6414d8a8d23d3d1441eb910b02bbf419e9cc99a1478f5045a9", "asset_id": "104898341588290937805885560225278885034005957910174452226200784445267792783301", "timestamp": "1769383159005", "hash": "34c35e52dfbdff5da103ff408f07aa9b8e845a8f", "bids": [{"price": "0.01", "size": "18"}, {"price": "0.04", "size": "25"}, {"price": "0.05", "size": "5.47"}, {"price": "0.08", "size": "479.01"}], "asks": [{"price": "0.99", "size": "18"}, {"price": "0.96", "size": "25"}, {"price": "0.87", "size": "568.47"}], "event_type": "book", "last_trade_price": ""}, {"market": "0x01f240be671a18919fddf0513f10eedd50575e7cb23d844d3c6421dc7482bbf9", "asset_id": "38127163933992297456373888321919159138014794571686418084247551570679964755372", "timestamp": "1769383159002", "hash": "dac777e2ab674056282df1ca56089767c5086cf1", "bids": [{"price": "0.01", "size": "37.03"}, {"price": "0.05", "size": "20"}, {"price": "0.06", "size": "5.47"}, {"price": "0.11", "size": "689.25"}], "asks": [{"price": "0.99", "size": "18"}, {"price": "0.95", "size": "20"}, {"price": "0.85", "size": "305.88"}, {"price": "0.6", "size": "294.11"}], "event_type": "book", "last_trade_price": ""}, {"market": "0x01f240be671a18919fddf0513f10eedd50575e7cb23d844d3c6421dc7482bbf9", "asset_id": "7440222153560367919348809025030500699262257945349708924108442075468729876159", "timestamp": "1769383159002", "hash": "5e9d4ee6cb4fef4965c039159b3bcaadc87d0037", "bids": [{"price": "0.01", "size": "18"}, {"price": "0.05", "size": "20"}, {"price": "0.15", "size": "305.88"}, {"price": "0.4", "size": "294.11"}], "asks": [{"price": "0.99", "size": "37.03"}, {"price": "0.95", "size": "20"}, {"price": "0.94", "size": "5.47"}, {"price": "0.89", "size": "689.25"}], "event_type": "book", "last_trade_price": ""}, {"market": "0x0045629e502e6ffb7bff2a747fcb5ba71f8d509fd0a658733b311d2e1f783185", "asset_id": "2958573782127684097098653558157319566532203055003489304715502621623771707686", "timestamp": "1769383159002", "hash": "b1acf09a96d28e800376c5be14209416118251a6", "bids": [{"price": "0.01", "size": "18"}, {"price": "0.05", "size": "20"}, {"price": "0.07", "size": "480.99"}], "asks": [{"price": "0.99", "size": "18"}, {"price": "0.95", "size": "20"}, {"price": "0.89", "size": "577.31"}], "event_type": "book", "last_trade_price": "0.070"}, {"market": "0x0045629e502e6ffb7bff2a747fcb5ba71f8d509fd0a658733b311d2e1f783185", "asset_id": "39616633422916617019124520184263712756931740590233218576633219327788847567950", "timestamp": "1769383159002", "hash": "d8598e0fe35d548526eb3a9b583ab5e86cf4465e", "bids": [{"price": "0.01", "size": "18"}, {"price": "0.05", "size": "20"}, {"price": "0.11", "size": "577.31"}], "asks": [{"price": "0.99", "size": "18"}, {"price": "0.95", "size": "20"}, {"price": "0.93", "size": "480.99"}], "event_type": "book", "last_trade_price": "0.070"}, {"market": "0x8a47fb36ab4d4f6414d8a8d23d3d1441eb910b02bbf419e9cc99a1478f5045a9", "asset_id": "56172126163361395056868243841561016140210629575761035450580529278773908875605", "timestamp": "1769383159005", "hash": "1ad9b38204d63ade7b65b948588702e0327722d9", "bids": [{"price": "0.01", "size": "18"}, {"price": "0.04", "size": "25"}, {"price": "0.13", "size": "568.47"}], "asks": [{"price": "0.99", "size": "18"}, {"price": "0.96", "size": "25"}, {"price": "0.95", "size": "5.47"}, {"price": "0.92", "size": "479.01"}], "event_type": "book", "last_trade_price": ""}]}
