{"_local_timestamp": "2026-01-25T23:34:22.618502+00:00", "data": [{"market": "0x514655af7d661c360c62c60f0c2c8073d0b87c16a0996528b81529cc760f6cf9", "asset_id": "92507614916558678759582273419058684208884081891941534069727272689299829811984", "timestamp": "1769382484883", "hash": "12d25f7889882ab05814656c9889c76cbbf53ee5", "bids": [{"price": "0.01", "size": "576.9"}, {"price": "0.02", "size": "412.79"}, {"price": "0.03", "size": "15.83"}], "asks": [{"price": "0.99", "size": "572.79"}, {"price": "0.98", "size": "160.48"}, {"price": "0.97", "size": "136.65"}, {"price": "0.95", "size": "12.73"}], "event_type": "book", "last_trade_price": ""}, {"market": "0xdbc04994b8de88723641874c80d1be9023b1be9a1d707f987317e29c9f3e130c", "asset_id": "16071506028864806610155664445642834914196856023525284448405409458468032309354", "timestamp": "1769382483693", "hash": "dd832a4bcad06be8605cd1395aa548d0314f137f", "bids": [{"price": "0.01", "size": "576.9"}, {"price": "0.02", "size": "412.79"}, {"price": "0.03", "size": "15.83"}], "asks": [{"price": "0.99", "size": "569.86"}, {"price": "0.98", "size": "158.83"}, {"price": "0.97", "size": "208.6"}, {"price": "0.96", "size": "16.89"}], "event_type": "book", "last_trade_price": ""}, {"market": "0xdbc04994b8de88723641874c80d1be9023b1be9a1d707f987317e29c9f3e130c", "asset_id": "101448339233744765771151004755591488964386237861234272674174504198692003420886", "timestamp": "1769382483693", "hash": "8691b609cc11d49f35af746038d11a6548ef0409", "bids": [{"price": "0.01", "size": "569.86"}, {"price": "0.02", "size": "158.83"}, {"price": "0.03", "size": "208.6"}, {"price": "0.04", "size": "16.89"}], "asks": [{"price": "0.99", "size": "576.9"}, {"price": "0.98", "size": "412.79"}, {"price": "0.97", "size": "15.83"}], "event_type": "book", "last_trade_price": ""}, {"market": "0xdac46f4ce9552315d850116d599db837d6d48229f59a72cbe44c30dfa675372b", "asset_id": "11222449836389843995893912366889605323581311329960760081632593859113775018198", "timestamp": "1769382483672", "hash": "c32170eb1fe5bb373456f03278c2051eeb9dc391", "bids": [{"price": "0.01", "size": "714.79"}, {"price": "0.02", "size": "157.03"}, {"price": "0.03", "size": "12.74"}, {"price": "0.04", "size": "56"}, {"price": "0.05", "size": "60"}, {"price": "0.06", "size": "38.48"}], "asks": [{"price": "0.99", "size": "714.79"}, {"price": "0.98", "size": "157.03"}, {"price": "0.97", "size": "12.74"}, {"price": "0.95", "size": "125"}, {"price": "0.94", "size": "43.95"}], "event_type": "book", "last_trade_price": ""}, {"market": "0xdac46f4ce9552315d850116d599db837d6d48229f59a72cbe44c30dfa675372b", "asset_id": "31574925041985841469471617216902317010184106536061061944345332864816415228058", "timestamp": "1769382483672", "hash": "40c8e2137d146e8f0f222631a8eaf3a3713e2f71", "bids": [{"price": "0.01", "size": "714.79"}, {"price": "0.02", "size": "157.03"}, {"price": "0.03", "size": "12.74"}, {"price": "0.05", "size": "125"}, {"price": "0.06", "size": "43.95"}], "asks": [{"price": "0.99", "size": "714.79"}, {"price": "0.98", "size": "157.03"}, {"price": "0.97", "size": "12.74"}, {"price": "0.96", "size": "56"}, {"price": "0.95", "size": "60"}, {"price": "0.94", "size": "38.48"}], "event_type": "book", "last_trade_price": ""}, {"market": "0x514655af7d661c360c62c60f0c2c8073d0b87c16a0996528b81529cc760f6cf9", "asset_id": "113836732953977808630122803027133130491080008733420755414779952859702231381332", "timestamp": "1769382484883", "hash": "ffd6339c09063269d0e1be65fbf3af1b9ddbd62f", "bids": [{"price": "0.01", "size": "572.79"}, {"price": "0.02", "size": "160.48"}, {"price": "0.03", "size": "136.65"}, {"price": "0.05", "size": "12.73"}], "asks": [{"price": "0.99", "size": "576.9"}, {"price": "0.98", "size": "412.79"}, {"price": "0.97", "size": "15.83"}], "event_type": "book", "last_trade_price": ""}, {"market": "0x4bd6a4002ea9191123d0ed500f364d7d74bacedc104056d59c88501e0e05c5b0", "asset_id": "40563045625114754931874273075940302227623788074984809731448125184559785754854", "timestamp": "1769382483701", "hash": "72aa77a86325639896042ffb7795e1fdf0412aa5", "bids": [{"price": "0.01", "size": "570.76"}, {"price": "0.02", "size": "161.28"}, {"price": "0.03", "size": "212.26"}, {"price": "0.05", "size": "13.05"}], "asks": [{"price": "0.99", "size": "576.9"}, {"price": "0.98", "size": "412.79"}, {"price": "0.97", "size": "15.83"}], "event_type": "book", "last_trade_price": ""}, {"market": "0xb7f4f2d657af4ac921b3ce8a3628d88ea2d7658a46003c7bc11dee8b034bab01", "asset_id": "72461718203562685099661040592922149917312740901144320961040465343717543387069", "timestamp": "1769382483683", "hash": "c7255a1c7fcce60026312c3fd31eb37a4094f47c", "bids": [{"price": "0.01", "size": "570.76"}, {"price": "0.02", "size": "161.28"}, {"price": "0.03", "size": "212.26"}, {"price": "0.05", "size": "13.05"}], "asks": [{"price": "0.99", "size": "576.9"}, {"price": "0.98", "size": "412.79"}, {"price": "0.97", "size": "15.83"}], "event_type": "book", "last_trade_price": ""}, {"market": "0x4bd6a4002ea9191123d0ed500f364d7d74bacedc104056d59c88501e0e05c5b0", "asset_id": "36744270080664887790079968948629758372395812276259164157845000284459993396481", "timestamp": "1769382483701", "hash": "81a488776252e288f0af229a3c3520e26c84f65d", "bids": [{"price": "0.01", "size": "576.9"}, {"price": "0.02", "size": "412.79"}, {"price": "0.03", "size": "15.83"}], "asks": [{"price": "0.99", "size": "570.76"}, {"price": "0.98", "size": "161.28"}, {"price": "0.97", "size": "212.26"}, {"price": "0.95", "size": "13.05"}], "event_type": "book", "last_trade_price": ""}, {"market": "0xb7f4f2d657af4ac921b3ce8a3628d88ea2d7658a46003c7bc11dee8b034bab01", "asset_id": "44547112697931044545089514412763461999891777905931395361584115157493457990836", "timestamp": "1769382483683", "hash": "c3c471bdf2fff3fb64dfae82a813f6209eca93df", "bids": [{"price": "0.01", "size": "576.9"}, {"price": "0.02", "size": "412.79"}, {"price": "0.03", "size": "15.83"}], "asks": [{"price": "0.99", "size": "570.76"}, {"price": "0.98", "size": "161.28"}, {"price": "0.97", "size": "212.26"}, {"price": "0.95", "size": "13.05"}], "event_type": "book", "last_trade_price": ""}]}
