{"_local_timestamp": "2026-01-25T23:40:37.296756+00:00", "data": [{"market": "0xe50813b0828e6d1fd7dfb60a6cfcf5ad626f6c7bfa13fde8cd9db8c09ccb4e18", "asset_id": "42477165228196449536675252467245589473476049881439165854728586121493514013596", "timestamp": "1769384251466", "hash": "39a04ff5bfbe700fcf68158d1e5a9a099d7a70ad", "bids": [{"price": "0.01", "size": "18"}, {"price": "0.02", "size": "5.47"}, {"price": "0.06", "size": "1.68"}, {"price": "0.3", "size": "3000"}, {"price": "0.31", "size": "830.42"}, {"price": "0.32", "size": "1000"}], "asks": [{"price": "0.99", "size": "100"}, {"price": "0.98", "size": "9"}, {"price": "0.95", "size": "20"}, {"price": "0.94", "size": "16.66"}, {"price": "0.89", "size": "3.55"}, {"price": "0.88", "size": "891.94"}], "event_type": "book", "last_trade_price": "0.310"}, {"market": "0xe50813b0828e6d1fd7dfb60a6cfcf5ad626f6c7bfa13fde8cd9db8c09ccb4e18", "asset_id": "30046043675219429524826736208405019900504541085211488107492005810694215444613", "timestamp": "1769384251466", "hash": "8353e3cfc1d765ce4d3b6e127cb061576bd1cda7", "bids": [{"price": "0.01", "size": "100"}, {"price": "0.02", "size": "9"}, {"price": "0.05", "size": "20"}, {"price": "0.06", "size": "16.66"}, {"price": "0.11", "size": "3.55"}, {"price": "0.12", "size": "891.94"}], "asks": [{"price": "0.99", "size": "18"}, {"price": "0.98", "size": "5.47"}, {"price": "0.94", "size": "1.68"}, {"price": "0.7", "size": "3000"}, {"price": "0.69", "size": "830.42"}, {"price": "0.68", "size": "1000"}], "event_type": "book", "last_trade_price": "0.310"}, {"market": "0x144629887bd492c9cf8728fbb6a90cbb17465cd03e9155067677b87f9b1c24af", "asset_id": "91197472608596303093467709319882652218896561253482985915022538661435388107653", "timestamp": "1769384250086", "hash": "8ee9f4d73f9c360ffb08944fb2a71aed4c5c61df", "bids": [{"price": "0.01", "size": "99.99"}, {"price": "0.02", "size": "9"}, {"price": "0.05", "size": "20"}, {"price": "0.06", "size": "16.66"}, {"price": "0.51", "size": "2222"}, {"price": "0.53", "size": "656"}, {"price": "0.54", "size": "2400"}, {"price": "0.55", "size": "1000"}], "asks": [{"price": "0.99", "size": "18"}, {"price": "0.98", "size": "5.47"}, {"price": "0.95", "size": "4.14"}, {"price": "0.92", "size": "997.83"}], "event_type": "book", "last_trade_price": ""}, {"market": "0x5da2b242fa45ffdff0b6c66cb51a040389bac12792d7cdceb552e7c08147e620", "asset_id": "84405367294401939477613644121848811938627238681205940928149084662579567848652", "timestamp": "1769384251476", "hash": "d08bca5ed487cb1680353378bdda5a3aa973485b", "bids": [{"price": "0.01", "size": "18"}, {"price": "0.06", "size": "16.6"}, {"price": "0.07", "size": "449.91"}, {"price": "0.08", "size": "1000"}], "asks": [{"price": "0.99", "size": "60.16"}, {"price": "0.98", "size": "9"}, {"price": "0.95", "size": "20"}, {"price": "0.94", "size": "12.67"}, {"price": "0.89", "size": "5.8"}, {"price": "0.88", "size": "5.31"}, {"price": "0.79", "size": "444.45"}], "event_type": "book", "last_trade_price": ""}, {"market": "0x5da2b242fa45ffdff0b6c66cb51a040389bac12792d7cdceb552e7c08147e620", "asset_id": "21722012653620582310977525713789414673938874092139224632580966990677853559185", "timestamp": "1769384251476", "hash": "17b3eac952f3be0da240158f10da91a3add45918", "bids": [{"price": "0.01", "size": "60.16"}, {"price": "0.02", "size": "9"}, {"price": "0.05", "size": "20"}, {"price": "0.06", "size": "12.67"}, {"price": "0.11", "size": "5.8"}, {"price": "0.12", "size": "5.31"}, {"price": "0.21", "size": "444.45"}], "asks": [{"price": "0.99", "size": "18"}, {"price": "0.94", "size": "16.6"}, {"price": "0.93", "size": "449.91"}, {"price": "0.92", "size": "1000"}], "event_type": "book", "last_trade_price": ""}, {"market": "0x144629887bd492c9cf8728fbb6a90cbb17465cd03e9155067677b87f9b1c24af", "asset_id": "18098078859695969025242036064647276389988949274003401767335303321815980549676", "timestamp": "1769384250086", "hash": "c7061c9613115f42f60c379878061f4c734f60b2", "bids": [{"price": "0.01", "size": "18"}, {"price": "0.02", "size": "5.47"}, {"price": "0.05", "size": "4.14"}, {"price": "0.08", "size": "997.83"}], "asks": [{"price": "0.99", "size": "99.99"}, {"price": "0.98", "size": "9"}, {"price": "0.95", "size": "20"}, {"price": "0.94", "size": "16.66"}, {"price": "0.49", "size": "2222"}, {"price": "0.47", "size": "656"}, {"price": "0.46", "size": "2400"}, {"price": "0.45", "size": "1000"}], "event_type": "book", "last_trade_price": ""}]}
