{"_local_timestamp": "2026-01-25T23:33:51.618055+00:00", "data": [{"market": "0x76806f758c9cf02f2526ae64f8e90cf11afe06f8d29b7139719b1c7110f4860b", "asset_id": "5187284947468114666482577163605956535515054179068746991065469700069436887264", "timestamp": "1769382483675", "hash": "829e2bd22b9c1f7b8e46d945735ce2091f3e3b1f", "bids": [{"price": "0.01", "size": "510.79"}, {"price": "0.02", "size": "157.03"}, {"price": "0.03", "size": "8.7"}, {"price": "0.05", "size": "9.01"}, {"price": "0.06", "size": "20"}, {"price": "0.07", "size": "291.18"}], "asks": [{"price": "0.99", "size": "505.79"}, {"price": "0.98", "size": "157.03"}, {"price": "0.97", "size": "12.74"}, {"price": "0.95", "size": "32"}, {"price": "0.94", "size": "355.41"}], "event_type": "book", "last_trade_price": ""}, {"market": "0x2ccda7cdffa1acf2f1d7761399b3a481a32d3a6160c26024b067d0bbd6fb760a", "asset_id": "13966771753962089181501055418277317682932504759551041051360780730250097901138", "timestamp": "1769383977490", "hash": "55603ffc043d371d9ad760c6282e5060443889e2", "bids": [{"price": "0.01", "size": "515.86"}, {"price": "0.02", "size": "156.7"}, {"price": "0.03", "size": "189.18"}, {"price": "0.05", "size": "15.1"}], "asks": [{"price": "0.99", "size": "513.12"}, {"price": "0.98", "size": "160.48"}, {"price": "0.97", "size": "211.64"}, {"price": "0.96", "size": "15.19"}], "event_type": "book", "last_trade_price": ""}, {"market": "0x0a82a00f14078a3f8d1c9d77ba9615555d7fa06025f1084540476dc7d2b8d2ca", "asset_id": "111296273971938490641620297572830930414317867285356612792265106139055852637796", "timestamp": "1769383977489", "hash": "e355a6a1d0b947891cc11ee8362a88a76c02530e", "bids": [{"price": "0.01", "size": "512.74"}, {"price": "0.02", "size": "158.95"}, {"price": "0.03", "size": "244.43"}, {"price": "0.05", "size": "11.67"}], "asks": [{"price": "0.99", "size": "513.12"}, {"price": "0.98", "size": "160.48"}, {"price": "0.97", "size": "243.64"}, {"price": "0.96", "size": "15.16"}], "event_type": "book", "last_trade_price": ""}, {"market": "0x665cc46b1a21064f7e330dc7bfa1fb58cbed853faaafdc4333d2dcce4b99ea04", "asset_id": "24114281005300785098632443046404514617708677735476918404951383412761710798318", "timestamp": "1769382484887", "hash": "5924dc1b8565767b34378eec1b250f5b581faa54", "bids": [{"price": "0.01", "size": "158.07"}, {"price": "0.02", "size": "150"}, {"price": "0.03", "size": "12.65"}, {"price": "0.04", "size": "37"}, {"price": "0.06", "size": "33"}, {"price": "0.07", "size": "264.28"}, {"price": "0.08", "size": "30.49"}, {"price": "0.13", "size": "153.84"}, {"price": "0.14", "size": "7.14"}], "asks": [{"price": "0.99", "size": "558.47"}, {"price": "0.98", "size": "156.4"}, {"price": "0.97", "size": "11.59"}, {"price": "0.95", "size": "30"}, {"price": "0.94", "size": "39.48"}, {"price": "0.93", "size": "356.18"}, {"price": "0.92", "size": "12.5"}], "event_type": "book", "last_trade_price": ""}, {"market": "0x2ccda7cdffa1acf2f1d7761399b3a481a32d3a6160c26024b067d0bbd6fb760a", "asset_id": "11460853976228737127174249575248331452420368764604033488909756880021606164294", "timestamp": "1769383977490", "hash": "e6bf22dd57de073605ac0bb28706e4c62229d262", "bids": [{"price": "0.01", "size": "513.12"}, {"price": "0.02", "size": "160.48"}, {"price": "0.03", "size": "211.64"}, {"price": "0.04", "size": "15.19"}], "asks": [{"price": "0.99", "size": "515.86"}, {"price": "0.98", "size": "156.7"}, {"price": "0.97", "size": "189.18"}, {"price": "0.95", "size": "15.1"}], "event_type": "book", "last_trade_price": ""}, {"market": "0x76806f758c9cf02f2526ae64f8e90cf11afe06f8d29b7139719b1c7110f4860b", "asset_id": "48933756142232269455805482219299363690917521255734313535583141727053175234322", "timestamp": "1769382483675", "hash": "31f59d1fa480a68824dcde15e00c91f818ad322d", "bids": [{"price": "0.01", "size": "505.79"}, {"price": "0.02", "size": "157.03"}, {"price": "0.03", "size": "12.74"}, {"price": "0.05", "size": "32"}, {"price": "0.06", "size": "355.41"}], "asks": [{"price": "0.99", "size": "510.79"}, {"price": "0.98", "size": "157.03"}, {"price": "0.97", "size": "8.7"}, {"price": "0.95", "size": "9.01"}, {"price": "0.94", "size": "20"}, {"price": "0.93", "size": "291.18"}], "event_type": "book", "last_trade_price": ""}, {"market": "0x665cc46b1a21064f7e330dc7bfa1fb58cbed853faaafdc4333d2dcce4b99ea04", "asset_id": "52929423625984223026377989895664960989085745851419987425505674379641064848643", "timestamp": "1769382484887", "hash": "5dfb0d92dc8c7da0a90df94bf3d6dd74c4f507b6", "bids": [{"price": "0.01", "size": "558.47"}, {"price": "0.02", "size": "156.4"}, {"price": "0.03", "size": "11.59"}, {"price": "0.05", "size": "30"}, {"price": "0.06", "size": "39.48"}, {"price": "0.07", "size": "356.18"}, {"price": "0.08", "size": "12.5"}], "asks": [{"price": "0.99", "size": "158.07"}, {"price": "0.98", "size": "150"}, {"price": "0.97", "size": "12.65"}, {"price": "0.96", "size": "37"}, {"price": "0.94", "size": "33"}, {"price": "0.93", "size": "264.28"}, {"price": "0.92", "size": "30.49"}, {"price": "0.87", "size": "153.84"}, {"price": "0.86", "size": "7.14"}], "event_type": "book", "last_trade_price": ""}, {"market": "0x729589ac13bba0fa0830fd58b04e772839fe2e19e5b5d12d097d70d5ed73c831", "asset_id": "24648381025268566315636631588848796514770443974497361272120268140812123001045", "timestamp": "1769383977490", "hash": "06db71e26bc26dd5be1ad9aca67c41f5ba30ed9d", "bids": [{"price": "0.01", "size": "512.74"}, {"price": "0.02", "size": "158.95"}, {"price": "0.03", "size": "241"}, {"price": "0.05", "size": "13.74"}], "asks": [{"price": "0.99", "size": "513.12"}, {"price": "0.98", "size": "160.48"}, {"price": "0.97", "size": "210.64"}, {"price": "0.96", "size": "15.28"}], "event_type": "book", "last_trade_price": ""}, {"market": "0x0a82a00f14078a3f8d1c9d77ba9615555d7fa06025f1084540476dc7d2b8d2ca", "asset_id": "62550929757564236373619292510245294888992722148476558404594883678650263270411", "timestamp": "1769383977489", "hash": "9ff26475241c929f51095cd45c8177262d0825a3", "bids": [{"price": "0.01", "size": "513.12"}, {"price": "0.02", "size": "160.48"}, {"price": "0.03", "size": "243.64"}, {"price": "0.04", "size": "15.16"}], "asks": [{"price": "0.99", "size": "512.74"}, {"price": "0.98", "size": "158.95"}, {"price": "0.97", "size": "244.43"}, {"price": "0.95", "size": "11.67"}], "event_type": "book", "last_trade_price": ""}, {"market": "0x729589ac13bba0fa0830fd58b04e772839fe2e19e5b5d12d097d70d5ed73c831", "asset_id": "32368199945248096060768597989921096826851461992076776920965573795498794406041", "timestamp": "1769383977490", "hash": "0e3b3493537d538f1655821ad0eb59c7a5fe5ca7", "bids": [{"price": "0.01", "size": "513.12"}, {"price": "0.02", "size": "160.48"}, {"price": "0.03", "size": "210.64"}, {"price": "0.04", "size": "15.28"}], "asks": [{"price": "0.99", "size": "512.74"}, {"price": "0.98", "size": "158.95"}, {"price": "0.97", "size": "241"}, {"price": "0.95", "size": "13.74"}], "event_type": "book", "last_trade_price": ""}]}
