{"_local_timestamp": "2026-01-25T23:40:47.631468+00:00", "data": [{"market": "0x25863af2aea47f5307a543e8d26dbb382d16a6b9076372bb7683af1a694bc8cb", "asset_id": "16979677582930399246503261559056753928272897179951764728894039284802205762400", "timestamp": "1769384212846", "hash": "9d63d6b8d23c9d66aa47d74cd03aad282291f71c", "bids": [{"price": "0.01", "size": "2127.95"}, {"price": "0.02", "size": "791"}, {"price": "0.03", "size": "10.73"}, {"price": "0.05", "size": "510"}, {"price": "0.06", "size": "33"}, {"price": "0.08", "size": "300"}, {"price": "0.09", "size": "6.97"}, {"price": "0.16", "size": "300"}, {"price": "0.17", "size": "5.12"}, {"price": "0.18", "size": "200"}, {"price": "0.2", "size": "125"}, {"price": "0.21", "size": "136.9"}, {"price": "0.22", "size": "80"}, {"price": "0.46", "size": "10"}, {"price": "0.47", "size": "150"}], "asks": [{"price": "0.99", "size": "1315"}, {"price": "0.95", "size": "330"}, {"price": "0.94", "size": "325"}, {"price": "0.93", "size": "266.18"}, {"price": "0.92", "size": "68.75"}, {"price": "0.91", "size": "58"}, {"price": "0.87", "size": "150"}, {"price": "0.85", "size": "6.66"}], "event_type": "book", "last_trade_price": ""}, {"market": "0x6cb5927a77b219a41b3f2f18340fe009acddf53fda3c920c2062b6ce5054423a", "asset_id": "39220450395020259739575037067538916306775152858556333973470465481049189533338", "timestamp": "1769384212847", "hash": "2781d83bcbc9241f709f60ce9419d60da6260ae5", "bids": [{"price": "0.01", "size": "95"}, {"price": "0.05", "size": "10"}, {"price": "0.07", "size": "305.47"}, {"price": "0.08", "size": "325"}, {"price": "0.09", "size": "75"}, {"price": "0.1", "size": "130"}, {"price": "0.11", "size": "100"}, {"price": "0.12", "size": "82"}, {"price": "0.17", "size": "150"}, {"price": "0.18", "size": "5.55"}], "asks": [{"price": "0.99", "size": "908.47"}, {"price": "0.98", "size": "700"}, {"price": "0.97", "size": "11.05"}, {"price": "0.95", "size": "530"}, {"price": "0.94", "size": "33"}, {"price": "0.93", "size": "7.64"}, {"price": "0.85", "size": "300"}, {"price": "0.84", "size": "5.93"}, {"price": "0.83", "size": "200"}, {"price": "0.82", "size": "125"}, {"price": "0.8", "size": "140"}, {"price": "0.79", "size": "84.38"}, {"price": "0.57", "size": "10"}, {"price": "0.56", "size": "150"}], "event_type": "book", "last_trade_price": ""}, {"market": "0x25863af2aea47f5307a543e8d26dbb382d16a6b9076372bb7683af1a694bc8cb", "asset_id": "42185515677137345790118723266923193018226917850569567781426130608524134076955", "timestamp": "1769384212846", "hash": "ad27c03d8a2a03e68a6369c377408b76662157f3", "bids": [{"price": "0.01", "size": "1315"}, {"price": "0.05", "size": "330"}, {"price": "0.06", "size": "325"}, {"price": "0.07", "size": "266.18"}, {"price": "0.08", "size": "68.75"}, {"price": "0.09", "size": "58"}, {"price": "0.13", "size": "150"}, {"price": "0.15", "size": "6.66"}], "asks": [{"price": "0.99", "size": "2127.95"}, {"price": "0.98", "size": "791"}, {"price": "0.97", "size": "10.73"}, {"price": "0.95", "size": "510"}, {"price": "0.94", "size": "33"}, {"price": "0.92", "size": "300"}, {"price": "0.91", "size": "6.97"}, {"price": "0.84", "size": "300"}, {"price": "0.83", "size": "5.12"}, {"price": "0.82", "size": "200"}, {"price": "0.8", "size": "125"}, {"price": "0.79", "size": "136.9"}, {"price": "0.78", "size": "80"}, {"price": "0.54", "size": "10"}, {"price": "0.53", "size": "150"}], "event_type": "book", "last_trade_price": ""}, {"market": "0xdecb360dab76bdc75314e629bbf091e9a958ab2823252e7ceed094f3e132c75a", "asset_id": "114605505021785768584380879667407737610783809901623653169333422287901274048732", "timestamp": "1769384443880", "hash": "b409e38ec7ec11ede62f8a75328660c87506e97b", "bids": [{"price": "0.01", "size": "1323.32"}, {"price": "0.02", "size": "99.42"}, {"price": "0.03", "size": "15.68"}, {"price": "0.05", "size": "30"}, {"price": "0.06", "size": "91.66"}, {"price": "0.07", "size": "7.54"}, {"price": "0.1", "size": "300"}, {"price": "0.11", "size": "200"}, {"price": "0.12", "size": "131.16"}, {"price": "0.13", "size": "75"}, {"price": "0.14", "size": "37"}, {"price": "0.17", "size": "76.47"}, {"price": "0.19", "size": "150"}], "asks": [{"price": "0.99", "size": "1315"}, {"price": "0.95", "size": "10"}, {"price": "0.94", "size": "5.47"}, {"price": "0.92", "size": "300"}, {"price": "0.91", "size": "200"}, {"price": "0.9", "size": "1830"}, {"price": "0.89", "size": "200"}, {"price": "0.86", "size": "96"}, {"price": "0.81", "size": "10"}, {"price": "0.79", "size": "150"}], "event_type": "book", "last_trade_price": "0.360"}, {"market": "0xdecb360dab76bdc75314e629bbf091e9a958ab2823252e7ceed094f3e132c75a", "asset_id": "91564745676448353288631031020331896486975841677934789866299528809812981633021", "timestamp": "1769384443880", "hash": "a4fcb0eb9f845db11bf9a33bb0109e3d2a78d94b", "bids": [{"price": "0.01", "size": "1315"}, {"price": "0.05", "size": "10"}, {"price": "0.06", "size": "5.47"}, {"price": "0.08", "size": "300"}, {"price": "0.09", "size": "200"}, {"price": "0.1", "size": "1830"}, {"price": "0.11", "size": "200"}, {"price": "0.14", "size": "96"}, {"price": "0.19", "size": "10"}, {"price": "0.21", "size": "150"}], "asks": [{"price": "0.99", "size": "1323.32"}, {"price": "0.98", "size": "99.42"}, {"price": "0.97", "size": "15.68"}, {"price": "0.95", "size": "30"}, {"price": "0.94", "size": "91.66"}, {"price": "0.93", "size": "7.54"}, {"price": "0.9", "size": "300"}, {"price": "0.89", "size": "200"}, {"price": "0.88", "size": "131.16"}, {"price": "0.87", "size": "75"}, {"price": "0.86", "size": "37"}, {"price": "0.83", "size": "76.47"}, {"price": "0.81", "size": "150"}], "event_type": "book", "last_trade_price": "0.360"}, {"market": "0x6cb5927a77b219a41b3f2f18340fe009acddf53fda3c920c2062b6ce5054423a", "asset_id": "82825036978458323545307896271697901451501414788162023398678514008563895933437", "timestamp": "1769384212847", "hash": "e14530c955531d547af02321e16857c45cc66fe7", "bids": [{"price": "0.01", "size": "908.47"}, {"price": "0.02", "size": "700"}, {"price": "0.03", "size": "11.05"}, {"price": "0.05", "size": "530"}, {"price": "0.06", "size": "33"}, {"price": "0.07", "size": "7.64"}, {"price": "0.15", "size": "300"}, {"price": "0.16", "size": "5.93"}, {"price": "0.17", "size": "200"}, {"price": "0.18", "size": "125"}, {"price": "0.2", "size": "140"}, {"price": "0.21", "size": "84.38"}, {"price": "0.43", "size": "10"}, {"price": "0.44", "size": "150"}], "asks": [{"price": "0.99", "size": "95"}, {"price": "0.95", "size": "10"}, {"price": "0.93", "size": "305.47"}, {"price": "0.92", "size": "325"}, {"price": "0.91", "size": "75"}, {"price": "0.9", "size": "130"}, {"price": "0.89", "size": "100"}, {"price": "0.88", "size": "82"}, {"price": "0.83", "size": "150"}, {"price": "0.82", "size": "5.55"}], "event_type": "book", "last_trade_price": ""}]}
{"_local_timestamp": "2026-01-25T23:40:48.366775+00:00", "data": {"market": "0xdecb360dab76bdc75314e629bbf091e9a958ab2823252e7ceed094f3e132c75a", "price_changes": [{"asset_id": "91564745676448353288631031020331896486975841677934789866299528809812981633021", "price": "0.21", "size": "0", "side": "BUY", "hash": "1c868cb630bb054ba57f582bd7888cd977c38895", "best_bid": "0.19", "best_ask": "0.81"}, {"asset_id": "114605505021785768584380879667407737610783809901623653169333422287901274048732", "price": "0.79", "size": "0", "side": "SELL", "hash": "ee915a0795abab61679f078bcc855e5201328aa5", "best_bid": "0.19", "best_ask": "0.81"}], "timestamp": "1769384448295", "event_type": "price_change"}}
{"_local_timestamp": "2026-01-25T23:40:48.367237+00:00", "data": {"market": "0xdecb360dab76bdc75314e629bbf091e9a958ab2823252e7ceed094f3e132c75a", "price_changes": [{"asset_id": "114605505021785768584380879667407737610783809901623653169333422287901274048732", "price": "0.19", "size": "0", "side": "BUY", "hash": "1e4be5a186c56f68330a96f9762ac70fb078fe2d", "best_bid": "0.17", "best_ask": "0.81"}, {"asset_id": "91564745676448353288631031020331896486975841677934789866299528809812981633021", "price": "0.81", "size": "0", "side": "SELL", "hash": "73b8263db8169e094092910350781a64b2490b60", "best_bid": "0.19", "best_ask": "0.83"}], "timestamp": "1769384448296", "event_type": "price_change"}}
{"_local_timestamp": "2026-01-25T23:40:48.764640+00:00", "data": {"market": "0xdecb360dab76bdc75314e629bbf091e9a958ab2823252e7ceed094f3e132c75a", "price_changes": [{"asset_id": "91564745676448353288631031020331896486975841677934789866299528809812981633021", "price": "0.2", "size": "150", "side": "BUY", "hash": "01d6d17a59c05ad71b80fdebae18d9752f5a3cc6", "best_bid": "0.2", "best_ask": "0.83"}, {"asset_id": "114605505021785768584380879667407737610783809901623653169333422287901274048732", "price": "0.8", "size": "150", "side": "SELL", "hash": "78832e7a1bdad43f2cff24812fffbf23fda56543", "best_bid": "0.17", "best_ask": "0.8"}], "timestamp": "1769384448698", "event_type": "price_change"}}
{"_local_timestamp": "2026-01-25T23:40:48.772728+00:00", "data": {"market": "0xdecb360dab76bdc75314e629bbf091e9a958ab2823252e7ceed094f3e132c75a", "price_changes": [{"asset_id": "114605505021785768584380879667407737610783809901623653169333422287901274048732", "price": "0.18", "size": "150", "side": "BUY", "hash": "7fb31f276818d0f0d16983285ee233597c9b9ddc", "best_bid": "0.18", "best_ask": "0.8"}, {"asset_id": "91564745676448353288631031020331896486975841677934789866299528809812981633021", "price": "0.82", "size": "150", "side": "SELL", "hash": "f5d5621ce9701457b1c22ec8f3a476b223d2c301", "best_bid": "0.2", "best_ask": "0.82"}], "timestamp": "1769384448699", "event_type": "price_change"}}
{"_local_timestamp": "2026-01-25T23:40:49.890442+00:00", "data": {"market": "0xdecb360dab76bdc75314e629bbf091e9a958ab2823252e7ceed094f3e132c75a", "price_changes": [{"asset_id": "114605505021785768584380879667407737610783809901623653169333422287901274048732", "price": "0.18", "size": "155", "side": "BUY", "hash": "4f9e253b13852c99706c644d2df76b0cb503a2a8", "best_bid": "0.18", "best_ask": "0.8"}, {"asset_id": "91564745676448353288631031020331896486975841677934789866299528809812981633021", "price": "0.82", "size": "155", "side": "SELL", "hash": "84d987633baad778cfc4794ecb15be8c006d09c9", "best_bid": "0.2", "best_ask": "0.82"}], "timestamp": "1769384449811", "event_type": "price_change"}}
{"_local_timestamp": "2026-01-25T23:40:49.896288+00:00", "data": {"market": "0xdecb360dab76bdc75314e629bbf091e9a958ab2823252e7ceed094f3e132c75a", "price_changes": [{"asset_id": "91564745676448353288631031020331896486975841677934789866299528809812981633021", "price": "0.2", "size": "155", "side": "BUY", "hash": "15369836d5aca48125f233cca5ce5fc6bd75f608", "best_bid": "0.2", "best_ask": "0.82"}, {"asset_id": "114605505021785768584380879667407737610783809901623653169333422287901274048732", "price": "0.8", "size": "155", "side": "SELL", "hash": "e8a72db394d2b8d7045ab233b2096f1b9229e598", "best_bid": "0.18", "best_ask": "0.8"}], "timestamp": "1769384449818", "event_type": "price_change"}}
{"_local_timestamp": "2026-01-25T23:40:51.783568+00:00", "data": {"market": "0xdecb360dab76bdc75314e629bbf091e9a958ab2823252e7ceed094f3e132c75a", "price_changes": [{"asset_id": "114605505021785768584380879667407737610783809901623653169333422287901274048732", "price": "0.18", "size": "160", "side": "BUY", "hash": "356a2c49272adaafd409fb1a5ae43f635494b2e6", "best_bid": "0.18", "best_ask": "0.8"}, {"asset_id": "91564745676448353288631031020331896486975841677934789866299528809812981633021", "price": "0.82", "size": "160", "side": "SELL", "hash": "4167b655639cfae066b51ca56dc123ef8421c745", "best_bid": "0.2", "best_ask": "0.82"}], "timestamp": "1769384451712", "event_type": "price_change"}}
{"_local_timestamp": "2026-01-25T23:40:51.813132+00:00", "data": {"market": "0xdecb360dab76bdc75314e629bbf091e9a958ab2823252e7ceed094f3e132c75a", "price_changes": [{"asset_id": "91564745676448353288631031020331896486975841677934789866299528809812981633021", "price": "0.2", "size": "160", "side": "BUY", "hash": "6ddf3ef43e6d66705002624dc86a457ae3d0d5b5", "best_bid": "0.2", "best_ask": "0.82"}, {"asset_id": "114605505021785768584380879667407737610783809901623653169333422287901274048732", "price": "0.8", "size": "160", "side": "SELL", "hash": "737d38274bc7a45052556671aa1485e26f7653c8", "best_bid": "0.18", "best_ask": "0.8"}], "timestamp": "1769384451739", "event_type": "price_change"}}
{"_local_timestamp": "2026-01-25T23:40:53.946052+00:00", "data": {"market": "0xdecb360dab76bdc75314e629bbf091e9a958ab2823252e7ceed094f3e132c75a", "price_changes": [{"asset_id": "91564745676448353288631031020331896486975841677934789866299528809812981633021", "price": "0.2", "size": "10", "side": "BUY", "hash": "86af16015663252ae86202abf72e1d1da790d87f", "best_bid": "0.2", "best_ask": "0.82"}, {"asset_id": "114605505021785768584380879667407737610783809901623653169333422287901274048732", "price": "0.8", "size": "10", "side": "SELL", "hash": "885a7d2c9ea010567d8bcb7c5eb04e8a28cd1340", "best_bid": "0.18", "best_ask": "0.8"}], "timestamp": "1769384453876", "event_type": "price_change"}}
{"_local_timestamp": "2026-01-25T23:40:53.955419+00:00", "data": {"market": "0xdecb360dab76bdc75314e629bbf091e9a958ab2823252e7ceed094f3e132c75a", "price_changes": [{"asset_id": "114605505021785768584380879667407737610783809901623653169333422287901274048732", "price": "0.18", "size": "10", "side": "BUY", "hash": "06535920935afc8bb557caeaad82c4e4e336c2dc", "best_bid": "0.18", "best_ask": "0.8"}, {"asset_id": "91564745676448353288631031020331896486975841677934789866299528809812981633021", "price": "0.82", "size": "10", "side": "SELL", "hash": "47b504a065e02e500e7a45f51fd2f48934867b2e", "best_bid": "0.2", "best_ask": "0.82"}], "timestamp": "1769384453877", "event_type": "price_change"}}
{"_local_timestamp": "2026-01-25T23:40:54.251424+00:00", "data": {"market": "0xdecb360dab76bdc75314e629bbf091e9a958ab2823252e7ceed094f3e132c75a", "price_changes": [{"asset_id": "91564745676448353288631031020331896486975841677934789866299528809812981633021", "price": "0.21", "size": "150", "side": "BUY", "hash": "4854e126556f51afef63b0148ce68397f462c987", "best_bid": "0.21", "best_ask": "0.82"}, {"asset_id": "114605505021785768584380879667407737610783809901623653169333422287901274048732", "price": "0.79", "size": "150", "side": "SELL", "hash": "ec856b9891eee2c2aefe7854e698f98c9ac85ba8", "best_bid": "0.18", "best_ask": "0.79"}], "timestamp": "1769384454180", "event_type": "price_change"}}
{"_local_timestamp": "2026-01-25T23:40:54.254968+00:00", "data": {"market": "0xdecb360dab76bdc75314e629bbf091e9a958ab2823252e7ceed094f3e132c75a", "price_changes": [{"asset_id": "114605505021785768584380879667407737610783809901623653169333422287901274048732", "price": "0.19", "size": "150", "side": "BUY", "hash": "f7499867ef5a63839738d1f00c42efa2bd3dc3c3", "best_bid": "0.19", "best_ask": "0.79"}, {"asset_id": "91564745676448353288631031020331896486975841677934789866299528809812981633021", "price": "0.81", "size": "150", "side": "SELL", "hash": "a4e9a02f2c098c99abe4ed969ebf1a9f64a62cfd", "best_bid": "0.21", "best_ask": "0.81"}], "timestamp": "1769384454181", "event_type": "price_change"}}
{"_local_timestamp": "2026-01-25T23:40:54.403058+00:00", "data": {"market": "0xdecb360dab76bdc75314e629bbf091e9a958ab2823252e7ceed094f3e132c75a", "price_changes": [{"asset_id": "114605505021785768584380879667407737610783809901623653169333422287901274048732", "price": "0.18", "size": "5", "side": "BUY", "hash": "05348e05da6b20fd092ff9677b162557c4a2aaba", "best_bid": "0.19", "best_ask": "0.79"}, {"asset_id": "91564745676448353288631031020331896486975841677934789866299528809812981633021", "price": "0.82", "size": "5", "side": "SELL", "hash": "76b0dad8dba28d8597da9233e8177b50f54e4a3f", "best_bid": "0.21", "best_ask": "0.81"}], "timestamp": "1769384454332", "event_type": "price_change"}}
{"_local_timestamp": "2026-01-25T23:40:54.406325+00:00", "data": {"market": "0xdecb360dab76bdc75314e629bbf091e9a958ab2823252e7ceed094f3e132c75a", "price_changes": [{"asset_id": "91564745676448353288631031020331896486975841677934789866299528809812981633021", "price": "0.2", "size": "5", "side": "BUY", "hash": "16e49946ba4b4be07c96c1a98fdc2cb8f3e1e4fe", "best_bid": "0.21", "best_ask": "0.81"}, {"asset_id": "114605505021785768584380879667407737610783809901623653169333422287901274048732", "price": "0.8", "size": "5", "side": "SELL", "hash": "d5bfa6f9b66cf6ce3d260f069d8a5b5a96507430", "best_bid": "0.19", "best_ask": "0.79"}], "timestamp": "1769384454332", "event_type": "price_change"}}
{"_local_timestamp": "2026-01-25T23:40:55.573197+00:00", "data": {"market": "0xdecb360dab76bdc75314e629bbf091e9a958ab2823252e7ceed094f3e132c75a", "price_changes": [{"asset_id": "91564745676448353288631031020331896486975841677934789866299528809812981633021", "price": "0.2", "size": "0", "side": "BUY", "hash": "2381229228d40cb244133ff3c33fa65e9b8b4dc9", "best_bid": "0.21", "best_ask": "0.81"}, {"asset_id": "114605505021785768584380879667407737610783809901623653169333422287901274048732", "price": "0.8", "size": "0", "side": "SELL", "hash": "3df19a540bd6cc6637a8854ecf6d7bc6bf0740e6", "best_bid": "0.19", "best_ask": "0.79"}], "timestamp": "1769384455503", "event_type": "price_change"}}
{"_local_timestamp": "2026-01-25T23:40:55.574401+00:00", "data": {"market": "0xdecb360dab76bdc75314e629bbf091e9a958ab2823252e7ceed094f3e132c75a", "price_changes": [{"asset_id": "114605505021785768584380879667407737610783809901623653169333422287901274048732", "price": "0.18", "size": "0", "side": "BUY", "hash": "cdc59be18bf7d65dbbb89c9d4b091e85232b11f3", "best_bid": "0.19", "best_ask": "0.79"}, {"asset_id": "91564745676448353288631031020331896486975841677934789866299528809812981633021", "price": "0.82", "size": "0", "side": "SELL", "hash": "d87006f00cec556e7582185626e58db3e158dbd0", "best_bid": "0.21", "best_ask": "0.81"}], "timestamp": "1769384455505", "event_type": "price_change"}}
{"_local_timestamp": "2026-01-25T23:40:59.401901+00:00", "data": {"market": "0xdecb360dab76bdc75314e629bbf091e9a958ab2823252e7ceed094f3e132c75a", "price_changes": [{"asset_id": "91564745676448353288631031020331896486975841677934789866299528809812981633021", "price": "0.21", "size": "0", "side": "BUY", "hash": "f9b195e41c80e8915d4f0d12f82c06e28119cfa2", "best_bid": "0.19", "best_ask": "0.81"}, {"asset_id": "114605505021785768584380879667407737610783809901623653169333422287901274048732", "price": "0.79", "size": "0", "side": "SELL", "hash": "c2e7808aae3a054ef11cb2a7569d303ed08a59d8", "best_bid": "0.19", "best_ask": "0.81"}], "timestamp": "1769384459328", "event_type": "price_change"}}
{"_local_timestamp": "2026-01-25T23:40:59.402379+00:00", "data": {"market": "0xdecb360dab76bdc75314e629bbf091e9a958ab2823252e7ceed094f3e132c75a", "price_changes": [{"asset_id": "114605505021785768584380879667407737610783809901623653169333422287901274048732", "price": "0.19", "size": "0", "side": "BUY", "hash": "f866afe3cbe566549bfc97fbdeca54e69fb7a60a", "best_bid": "0.17", "best_ask": "0.81"}, {"asset_id": "91564745676448353288631031020331896486975841677934789866299528809812981633021", "price": "0.81", "size": "0", "side": "SELL", "hash": "dc30219fbab342df3cbafe01cef0e97974386861", "best_bid": "0.19", "best_ask": "0.83"}], "timestamp": "1769384459329", "event_type": "price_change"}}
{"_local_timestamp": "2026-01-25T23:40:59.643841+00:00", "data": {"market": "0xdecb360dab76bdc75314e629bbf091e9a958ab2823252e7ceed094f3e132c75a", "price_changes": [{"asset_id": "91564745676448353288631031020331896486975841677934789866299528809812981633021", "price": "0.19", "size": "15", "side": "BUY", "hash": "7d3b3906202977a128f87106e965dbbbf99179ed", "best_bid": "0.19", "best_ask": "0.83"}, {"asset_id": "114605505021785768584380879667407737610783809901623653169333422287901274048732", "price": "0.81", "size": "15", "side": "SELL", "hash": "e8311d2c5070ba29b03697e73ed4e21f6d32a2a4", "best_bid": "0.17", "best_ask": "0.81"}], "timestamp": "1769384459572", "event_type": "price_change"}}
{"_local_timestamp": "2026-01-25T23:40:59.650348+00:00", "data": {"market": "0xdecb360dab76bdc75314e629bbf091e9a958ab2823252e7ceed094f3e132c75a", "price_changes": [{"asset_id": "114605505021785768584380879667407737610783809901623653169333422287901274048732", "price": "0.17", "size": "81.47", "side": "BUY", "hash": "7c453b63239d7602339ccbb1710127fc0a58a837", "best_bid": "0.17", "best_ask": "0.81"}, {"asset_id": "91564745676448353288631031020331896486975841677934789866299528809812981633021", "price": "0.83", "size": "81.47", "side": "SELL", "hash": "0fbd12a291c4dff1fd3167e428f27ef649200bfd", "best_bid": "0.19", "best_ask": "0.83"}], "timestamp": "1769384459574", "event_type": "price_change"}}
{"_local_timestamp": "2026-01-25T23:40:59.650846+00:00", "data": {"market": "0xdecb360dab76bdc75314e629bbf091e9a958ab2823252e7ceed094f3e132c75a", "price_changes": [{"asset_id": "114605505021785768584380879667407737610783809901623653169333422287901274048732", "price": "0.18", "size": "150", "side": "BUY", "hash": "1dbe02e161f7896295b60fec059be4b119865e67", "best_bid": "0.18", "best_ask": "0.81"}, {"asset_id": "91564745676448353288631031020331896486975841677934789866299528809812981633021", "price": "0.82", "size": "150", "side": "SELL", "hash": "8494eeb979bd26afa17bf3aac57ef8a900a2c733", "best_bid": "0.19", "best_ask": "0.82"}], "timestamp": "1769384459576", "event_type": "price_change"}}
{"_local_timestamp": "2026-01-25T23:40:59.653444+00:00", "data": {"market": "0xdecb360dab76bdc75314e629bbf091e9a958ab2823252e7ceed094f3e132c75a", "price_changes": [{"asset_id": "91564745676448353288631031020331896486975841677934789866299528809812981633021", "price": "0.2", "size": "150", "side": "BUY", "hash": "2475e072586707870f8744cabca64ce66257c839", "best_bid": "0.2", "best_ask": "0.82"}, {"asset_id": "114605505021785768584380879667407737610783809901623653169333422287901274048732", "price": "0.8", "size": "150", "side": "SELL", "hash": "ac12c361c31c311fafe6891ff55e892c6c59fc4c", "best_bid": "0.18", "best_ask": "0.8"}], "timestamp": "1769384459577", "event_type": "price_change"}}
{"_local_timestamp": "2026-01-25T23:40:59.823655+00:00", "data": {"market": "0xdecb360dab76bdc75314e629bbf091e9a958ab2823252e7ceed094f3e132c75a", "price_changes": [{"asset_id": "91564745676448353288631031020331896486975841677934789866299528809812981633021", "price": "0.2", "size": "155", "side": "BUY", "hash": "4c0d0a9d21f538c55df917c0eb7663fa7d3765ad", "best_bid": "0.2", "best_ask": "0.82"}, {"asset_id": "114605505021785768584380879667407737610783809901623653169333422287901274048732", "price": "0.8", "size": "155", "side": "SELL", "hash": "8916953d6e0bbe6656615facee8bb2d0a6f9163c", "best_bid": "0.18", "best_ask": "0.8"}], "timestamp": "1769384459753", "event_type": "price_change"}}
{"_local_timestamp": "2026-01-25T23:40:59.824923+00:00", "data": {"market": "0xdecb360dab76bdc75314e629bbf091e9a958ab2823252e7ceed094f3e132c75a", "price_changes": [{"asset_id": "114605505021785768584380879667407737610783809901623653169333422287901274048732", "price": "0.18", "size": "155", "side": "BUY", "hash": "1c426081a079c6caa3bf56f8d956d5966a0e9b38", "best_bid": "0.18", "best_ask": "0.8"}, {"asset_id": "91564745676448353288631031020331896486975841677934789866299528809812981633021", "price": "0.82", "size": "155", "side": "SELL", "hash": "fa69fae50659515324662d3e0fab59726c30c175", "best_bid": "0.2", "best_ask": "0.82"}], "timestamp": "1769384459754", "event_type": "price_change"}}
{"_local_timestamp": "2026-01-25T23:41:02.731545+00:00", "data": {"market": "0xdecb360dab76bdc75314e629bbf091e9a958ab2823252e7ceed094f3e132c75a", "price_changes": [{"asset_id": "91564745676448353288631031020331896486975841677934789866299528809812981633021", "price": "0.19", "size": "10", "side": "BUY", "hash": "2d0ae03c1d6b56435825ff10d4a4aa43ccf3e6d8", "best_bid": "0.2", "best_ask": "0.82"}, {"asset_id": "114605505021785768584380879667407737610783809901623653169333422287901274048732", "price": "0.81", "size": "10", "side": "SELL", "hash": "0649e58ba1498df69333433fc2a0e458452f91ea", "best_bid": "0.18", "best_ask": "0.8"}], "timestamp": "1769384462663", "event_type": "price_change"}}
{"_local_timestamp": "2026-01-25T23:41:02.750195+00:00", "data": {"market": "0xdecb360dab76bdc75314e629bbf091e9a958ab2823252e7ceed094f3e132c75a", "price_changes": [{"asset_id": "114605505021785768584380879667407737610783809901623653169333422287901274048732", "price": "0.17", "size": "76.47", "side": "BUY", "hash": "3ee06a67485616c40613acc7b0d08fcc16a98293", "best_bid": "0.18", "best_ask": "0.8"}, {"asset_id": "91564745676448353288631031020331896486975841677934789866299528809812981633021", "price": "0.83", "size": "76.47", "side": "SELL", "hash": "e5300e18461c1673a8e3349c5ae2765df4c2fbdc", "best_bid": "0.2", "best_ask": "0.82"}], "timestamp": "1769384462665", "event_type": "price_change"}}
{"_local_timestamp": "2026-01-25T23:41:04.817123+00:00", "data": {"market": "0xdecb360dab76bdc75314e629bbf091e9a958ab2823252e7ceed094f3e132c75a", "price_changes": [{"asset_id": "114605505021785768584380879667407737610783809901623653169333422287901274048732", "price": "0.18", "size": "5", "side": "BUY", "hash": "eb84f56885e34198d6b2c9a864b879e4a2952dc8", "best_bid": "0.18", "best_ask": "0.8"}, {"asset_id": "91564745676448353288631031020331896486975841677934789866299528809812981633021", "price": "0.82", "size": "5", "side": "SELL", "hash": "a1690f9fe46b4d31cdbfe461d0e1cd9a1bd11687", "best_bid": "0.2", "best_ask": "0.82"}], "timestamp": "1769384464738", "event_type": "price_change"}}
{"_local_timestamp": "2026-01-25T23:41:04.817595+00:00", "data": {"market": "0xdecb360dab76bdc75314e629bbf091e9a958ab2823252e7ceed094f3e132c75a", "price_changes": [{"asset_id": "91564745676448353288631031020331896486975841677934789866299528809812981633021", "price": "0.2", "size": "5", "side": "BUY", "hash": "ebd5556257e5b5114068933ca3a74d0099932e13", "best_bid": "0.2", "best_ask": "0.82"}, {"asset_id": "114605505021785768584380879667407737610783809901623653169333422287901274048732", "price": "0.8", "size": "5", "side": "SELL", "hash": "bb7859374fe16d875821d6f37586352de331c89b", "best_bid": "0.18", "best_ask": "0.8"}], "timestamp": "1769384464738", "event_type": "price_change"}}
{"_local_timestamp": "2026-01-25T23:41:05.096735+00:00", "data": {"market": "0xdecb360dab76bdc75314e629bbf091e9a958ab2823252e7ceed094f3e132c75a", "price_changes": [{"asset_id": "91564745676448353288631031020331896486975841677934789866299528809812981633021", "price": "0.21", "size": "150", "side": "BUY", "hash": "7819addf8b2796ed4160c34500379bf32b210153", "best_bid": "0.21", "best_ask": "0.82"}, {"asset_id": "114605505021785768584380879667407737610783809901623653169333422287901274048732", "price": "0.79", "size": "150", "side": "SELL", "hash": "5cfc91a7e89db544d2b83de8bcc561209784ae33", "best_bid": "0.18", "best_ask": "0.79"}], "timestamp": "1769384465015", "event_type": "price_change"}}
{"_local_timestamp": "2026-01-25T23:41:05.103926+00:00", "data": {"market": "0xdecb360dab76bdc75314e629bbf091e9a958ab2823252e7ceed094f3e132c75a", "price_changes": [{"asset_id": "114605505021785768584380879667407737610783809901623653169333422287901274048732", "price": "0.19", "size": "150", "side": "BUY", "hash": "98751eaa51ed9feab5a3a8bc2407a357a4e89a8c", "best_bid": "0.19", "best_ask": "0.79"}, {"asset_id": "91564745676448353288631031020331896486975841677934789866299528809812981633021", "price": "0.81", "size": "150", "side": "SELL", "hash": "569d2f599122b82bd435ce7124b6231de7c45ae2", "best_bid": "0.21", "best_ask": "0.81"}], "timestamp": "1769384465017", "event_type": "price_change"}}
{"_local_timestamp": "2026-01-25T23:41:05.983677+00:00", "data": {"market": "0xdecb360dab76bdc75314e629bbf091e9a958ab2823252e7ceed094f3e132c75a", "price_changes": [{"asset_id": "91564745676448353288631031020331896486975841677934789866299528809812981633021", "price": "0.2", "size": "0", "side": "BUY", "hash": "00f4f47a2b79ec70e489e63b2f3c8597ad51a2f1", "best_bid": "0.21", "best_ask": "0.81"}, {"asset_id": "114605505021785768584380879667407737610783809901623653169333422287901274048732", "price": "0.8", "size": "0", "side": "SELL", "hash": "85f1ae67183d8a4c754020b2037777cd4388c0f8", "best_bid": "0.19", "best_ask": "0.79"}], "timestamp": "1769384465906", "event_type": "price_change"}}
{"_local_timestamp": "2026-01-25T23:41:05.985467+00:00", "data": {"market": "0xdecb360dab76bdc75314e629bbf091e9a958ab2823252e7ceed094f3e132c75a", "price_changes": [{"asset_id": "114605505021785768584380879667407737610783809901623653169333422287901274048732", "price": "0.18", "size": "0", "side": "BUY", "hash": "e51b0841de10a5f577e1e578c46d36c92c7d0d83", "best_bid": "0.19", "best_ask": "0.79"}, {"asset_id": "91564745676448353288631031020331896486975841677934789866299528809812981633021", "price": "0.82", "size": "0", "side": "SELL", "hash": "1b4d435b2b8fe16868f58c6cd7a2a3a246a62eea", "best_bid": "0.21", "best_ask": "0.81"}], "timestamp": "1769384465909", "event_type": "price_change"}}
{"_local_timestamp": "2026-01-25T23:41:10.230342+00:00", "data": {"market": "0xdecb360dab76bdc75314e629bbf091e9a958ab2823252e7ceed094f3e132c75a", "price_changes": [{"asset_id": "91564745676448353288631031020331896486975841677934789866299528809812981633021", "price": "0.21", "size": "0", "side": "BUY", "hash": "7c136469f6f653dfd9489997be8194d8a163c0b6", "best_bid": "0.19", "best_ask": "0.81"}, {"asset_id": "114605505021785768584380879667407737610783809901623653169333422287901274048732", "price": "0.79", "size": "0", "side": "SELL", "hash": "ae2281048dda92f8ef3761fcc0edc1cd8a907bfa", "best_bid": "0.19", "best_ask": "0.81"}], "timestamp": "1769384470149", "event_type": "price_change"}}
{"_local_timestamp": "2026-01-25T23:41:10.230870+00:00", "data": {"market": "0xdecb360dab76bdc75314e629bbf091e9a958ab2823252e7ceed094f3e132c75a", "price_changes": [{"asset_id": "114605505021785768584380879667407737610783809901623653169333422287901274048732", "price": "0.19", "size": "0", "side": "BUY", "hash": "2be1b5803b077a807ea8192dfd224a7d2dc4a971", "best_bid": "0.17", "best_ask": "0.81"}, {"asset_id": "91564745676448353288631031020331896486975841677934789866299528809812981633021", "price": "0.81", "size": "0", "side": "SELL", "hash": "4e37d34df9074cd68bd0a66c5e9b767e03846f7e", "best_bid": "0.19", "best_ask": "0.83"}], "timestamp": "1769384470149", "event_type": "price_change"}}
{"_local_timestamp": "2026-01-25T23:41:10.440450+00:00", "data": {"market": "0xdecb360dab76bdc75314e629bbf091e9a958ab2823252e7ceed094f3e132c75a", "price_changes": [{"asset_id": "114605505021785768584380879667407737610783809901623653169333422287901274048732", "price": "0.18", "size": "150", "side": "BUY", "hash": "3f47cd0e1b54ecd631ab927e56c38c5893ea6be2", "best_bid": "0.18", "best_ask": "0.81"}, {"asset_id": "91564745676448353288631031020331896486975841677934789866299528809812981633021", "price": "0.82", "size": "150", "side": "SELL", "hash": "fe6da6123676128206250621e0bfadd66bc183d0", "best_bid": "0.19", "best_ask": "0.82"}], "timestamp": "1769384470368", "event_type": "price_change"}}
{"_local_timestamp": "2026-01-25T23:41:10.444179+00:00", "data": {"market": "0xdecb360dab76bdc75314e629bbf091e9a958ab2823252e7ceed094f3e132c75a", "price_changes": [{"asset_id": "91564745676448353288631031020331896486975841677934789866299528809812981633021", "price": "0.2", "size": "150", "side": "BUY", "hash": "096d8b3bda9ce47df159012b7516e446369190b4", "best_bid": "0.2", "best_ask": "0.82"}, {"asset_id": "114605505021785768584380879667407737610783809901623653169333422287901274048732", "price": "0.8", "size": "150", "side": "SELL", "hash": "d971ce5d54ff0af3d351b5102e5ff48a5239bef5", "best_bid": "0.18", "best_ask": "0.8"}], "timestamp": "1769384470369", "event_type": "price_change"}}
{"_local_timestamp": "2026-01-25T23:41:11.153205+00:00", "data": {"market": "0xdecb360dab76bdc75314e629bbf091e9a958ab2823252e7ceed094f3e132c75a", "price_changes": [{"asset_id": "91564745676448353288631031020331896486975841677934789866299528809812981633021", "price": "0.2", "size": "155", "side": "BUY", "hash": "093719b6afc9934dbf5d556e5da7d92d6a6c0bd0", "best_bid": "0.2", "best_ask": "0.82"}, {"asset_id": "114605505021785768584380879667407737610783809901623653169333422287901274048732", "price": "0.8", "size": "155", "side": "SELL", "hash": "04d8f20339f6bda7ed91190950f226b30f5bf29a", "best_bid": "0.18", "best_ask": "0.8"}], "timestamp": "1769384471015", "event_type": "price_change"}}
{"_local_timestamp": "2026-01-25T23:41:11.174864+00:00", "data": {"market": "0xdecb360dab76bdc75314e629bbf091e9a958ab2823252e7ceed094f3e132c75a", "price_changes": [{"asset_id": "114605505021785768584380879667407737610783809901623653169333422287901274048732", "price": "0.18", "size": "155", "side": "BUY", "hash": "1451ef6af346667b3d040e5fc4677b995695de1a", "best_bid": "0.18", "best_ask": "0.8"}, {"asset_id": "91564745676448353288631031020331896486975841677934789866299528809812981633021", "price": "0.82", "size": "155", "side": "SELL", "hash": "d65f926577794c7004c69a8e4c015f66227e177e", "best_bid": "0.2", "best_ask": "0.82"}], "timestamp": "1769384471033", "event_type": "price_change"}}
{"_local_timestamp": "2026-01-25T23:41:11.278589+00:00", "data": {"market": "0xdecb360dab76bdc75314e629bbf091e9a958ab2823252e7ceed094f3e132c75a", "price_changes": [{"asset_id": "91564745676448353288631031020331896486975841677934789866299528809812981633021", "price": "0.2", "size": "160", "side": "BUY", "hash": "caeaf36e69c07eec4edd59e701131c9a5c35d0c0", "best_bid": "0.2", "best_ask": "0.82"}, {"asset_id": "114605505021785768584380879667407737610783809901623653169333422287901274048732", "price": "0.8", "size": "160", "side": "SELL", "hash": "33192e8b192cd75d4001178bf48cf210f8730997", "best_bid": "0.18", "best_ask": "0.8"}], "timestamp": "1769384471124", "event_type": "price_change"}}
{"_local_timestamp": "2026-01-25T23:41:11.279306+00:00", "data": {"market": "0xdecb360dab76bdc75314e629bbf091e9a958ab2823252e7ceed094f3e132c75a", "price_changes": [{"asset_id": "114605505021785768584380879667407737610783809901623653169333422287901274048732", "price": "0.18", "size": "160", "side": "BUY", "hash": "c6716ae7b5837497d1aba301048aaa15ed505013", "best_bid": "0.18", "best_ask": "0.8"}, {"asset_id": "91564745676448353288631031020331896486975841677934789866299528809812981633021", "price": "0.82", "size": "160", "side": "SELL", "hash": "8489ec00793de7e13526b7a72ff73978e306b8f4", "best_bid": "0.2", "best_ask": "0.82"}], "timestamp": "1769384471125", "event_type": "price_change"}}
