{"_local_timestamp": "2026-01-25T23:33:44.487561+00:00", "data": [{"market": "0xdd222e739903e92f95341ca9334cebba2c928d098f28534ae6fb144b6d21527e", "asset_id": "71343867537788560724754247932116344931383423957520599159803570794874805253056", "timestamp": "1769383789456", "hash": "27f0350f7fb8a00a57beec2fef683ecd69fc23dc", "bids": [{"price": "0.01", "size": "527.55"}, {"price": "0.02", "size": "861.64"}, {"price": "0.03", "size": "16"}, {"price": "0.04", "size": "115.7"}, {"price": "0.06", "size": "47.52"}], "asks": [{"price": "0.99", "size": "123.81"}, {"price": "0.98", "size": "156.66"}, {"price": "0.97", "size": "10.9"}, {"price": "0.95", "size": "30"}, {"price": "0.94", "size": "533"}, {"price": "0.93", "size": "207.38"}, {"price": "0.9", "size": "130"}, {"price": "0.89", "size": "65"}, {"price": "0.88", "size": "91.66"}, {"price": "0.87", "size": "6.8"}, {"price": "0.78", "size": "10"}], "event_type": "book", "last_trade_price": ""}, {"market": "0xa03fb6bd910ebc64d9ba9aaafca2478cf2be2f3bf7507cade066fa2b59d36745", "asset_id": "59955797202391779468678550180275761493378020190468842045781972866009323258062", "timestamp": "1769383791747", "hash": "d6c7c160fbafe3ee55986077491c07033643ef5a", "bids": [{"price": "0.01", "size": "1435.55"}, {"price": "0.02", "size": "861.64"}, {"price": "0.03", "size": "16"}, {"price": "0.04", "size": "121.38"}, {"price": "0.06", "size": "50.07"}], "asks": [{"price": "0.99", "size": "1018"}, {"price": "0.98", "size": "150"}, {"price": "0.96", "size": "300"}, {"price": "0.95", "size": "355"}, {"price": "0.94", "size": "108"}, {"price": "0.92", "size": "162.5"}, {"price": "0.91", "size": "142.11"}, {"price": "0.9", "size": "39"}, {"price": "0.8", "size": "10"}], "event_type": "book", "last_trade_price": ""}, {"market": "0xa03fb6bd910ebc64d9ba9aaafca2478cf2be2f3bf7507cade066fa2b59d36745", "asset_id": "34368826535951943384647112053132967161425776190878752555854500839241767703017", "timestamp": "1769383791747", "hash": "32ad54a15c75dd71a56c44e67461c773565dc2ae", "bids": [{"price": "0.01", "size": "1018"}, {"price": "0.02", "size": "150"}, {"price": "0.04", "size": "300"}, {"price": "0.05", "size": "355"}, {"price": "0.06", "size": "108"}, {"price": "0.08", "size": "162.5"}, {"price": "0.09", "size": "142.11"}, {"price": "0.1", "size": "39"}, {"price": "0.2", "size": "10"}], "asks": [{"price": "0.99", "size": "1435.55"}, {"price": "0.98", "size": "861.64"}, {"price": "0.97", "size": "16"}, {"price": "0.96", "size": "121.38"}, {"price": "0.94", "size": "50.07"}], "event_type": "book", "last_trade_price": ""}, {"market": "0x141c42196dee7cb73e5cd16e529539d6e8a4bf0b11120b23500d43faa76c821e", "asset_id": "45735420269475426011841441944362466689728084344234840006659588549695868112337", "timestamp": "1769383786766", "hash": "775871c4458d30590d93525f81dafa81b7c06e51", "bids": [{"price": "0.01", "size": "1031.81"}, {"price": "0.02", "size": "156.66"}, {"price": "0.03", "size": "10.9"}, {"price": "0.05", "size": "30"}, {"price": "0.06", "size": "333"}, {"price": "0.07", "size": "207.38"}, {"price": "0.1", "size": "130"}, {"price": "0.11", "size": "65"}, {"price": "0.12", "size": "91.66"}, {"price": "0.13", "size": "6.8"}, {"price": "0.22", "size": "10"}], "asks": [{"price": "0.99", "size": "1435.55"}, {"price": "0.98", "size": "786.64"}, {"price": "0.97", "size": "16"}, {"price": "0.96", "size": "121.38"}, {"price": "0.94", "size": "50.07"}], "event_type": "book", "last_trade_price": ""}, {"market": "0x141c42196dee7cb73e5cd16e529539d6e8a4bf0b11120b23500d43faa76c821e", "asset_id": "96155739160514162799031504563047445036524177967336652433313165230790405455367", "timestamp": "1769383786766", "hash": "0deba563c3dcaeadf52451fda4cab69d597cd88a", "bids": [{"price": "0.01", "size": "1435.55"}, {"price": "0.02", "size": "786.64"}, {"price": "0.03", "size": "16"}, {"price": "0.04", "size": "121.38"}, {"price": "0.06", "size": "50.07"}], "asks": [{"price": "0.99", "size": "1031.81"}, {"price": "0.98", "size": "156.66"}, {"price": "0.97", "size": "10.9"}, {"price": "0.95", "size": "30"}, {"price": "0.94", "size": "333"}, {"price": "0.93", "size": "207.38"}, {"price": "0.9", "size": "130"}, {"price": "0.89", "size": "65"}, {"price": "0.88", "size": "91.66"}, {"price": "0.87", "size": "6.8"}, {"price": "0.78", "size": "10"}], "event_type": "book", "last_trade_price": ""}, {"market": "0xdd222e739903e92f95341ca9334cebba2c928d098f28534ae6fb144b6d21527e", "asset_id": "34278300267027031294535229289499953400666403829536645541524138991990660418387", "timestamp": "1769383789456", "hash": "5d96cb9b7fe5df9655d5a6b129a1385c065405c0", "bids": [{"price": "0.01", "size": "123.81"}, {"price": "0.02", "size": "156.66"}, {"price": "0.03", "size": "10.9"}, {"price": "0.05", "size": "30"}, {"price": "0.06", "size": "533"}, {"price": "0.07", "size": "207.38"}, {"price": "0.1", "size": "130"}, {"price": "0.11", "size": "65"}, {"price": "0.12", "size": "91.66"}, {"price": "0.13", "size": "6.8"}, {"price": "0.22", "size": "10"}], "asks": [{"price": "0.99", "size": "527.55"}, {"price": "0.98", "size": "861.64"}, {"price": "0.97", "size": "16"}, {"price": "0.96", "size": "115.7"}, {"price": "0.94", "size": "47.52"}], "event_type": "book", "last_trade_price": ""}]}
{"_local_timestamp": "2026-01-25T23:34:56.691251+00:00", "data": {"market": "0xdd222e739903e92f95341ca9334cebba2c928d098f28534ae6fb144b6d21527e", "price_changes": [{"asset_id": "34278300267027031294535229289499953400666403829536645541524138991990660418387", "price": "0.07", "size": "200", "side": "BUY", "hash": "1843e21633dd451250713ec7b4e3c4225ed936ad", "best_bid": "0.22", "best_ask": "0.94"}, {"asset_id": "71343867537788560724754247932116344931383423957520599159803570794874805253056", "price": "0.93", "size": "200", "side": "SELL", "hash": "12436f84b9d261d232de4a836507a1f420bbfbf1", "best_bid": "0.06", "best_ask": "0.78"}], "timestamp": "1769384096610", "event_type": "price_change"}}
{"_local_timestamp": "2026-01-25T23:34:56.693212+00:00", "data": {"market": "0xdd222e739903e92f95341ca9334cebba2c928d098f28534ae6fb144b6d21527e", "price_changes": [{"asset_id": "34278300267027031294535229289499953400666403829536645541524138991990660418387", "price": "0.13", "size": "0", "side": "BUY", "hash": "1843e21633dd451250713ec7b4e3c4225ed936ad", "best_bid": "0.22", "best_ask": "0.94"}, {"asset_id": "71343867537788560724754247932116344931383423957520599159803570794874805253056", "price": "0.87", "size": "0", "side": "SELL", "hash": "12436f84b9d261d232de4a836507a1f420bbfbf1", "best_bid": "0.06", "best_ask": "0.78"}], "timestamp": "1769384096610", "event_type": "price_change"}}
{"_local_timestamp": "2026-01-25T23:34:56.693658+00:00", "data": {"market": "0x141c42196dee7cb73e5cd16e529539d6e8a4bf0b11120b23500d43faa76c821e", "price_changes": [{"asset_id": "45735420269475426011841441944362466689728084344234840006659588549695868112337", "price": "0.07", "size": "200", "side": "BUY", "hash": "d12f7644a29657058406655e92ca18a067cf3177", "best_bid": "0.22", "best_ask": "0.94"}, {"asset_id": "96155739160514162799031504563047445036524177967336652433313165230790405455367", "price": "0.93", "size": "200", "side": "SELL", "hash": "e3b37dd865497a231a95ced480cbb10f97e2f399", "best_bid": "0.06", "best_ask": "0.78"}], "timestamp": "1769384096610", "event_type": "price_change"}}
{"_local_timestamp": "2026-01-25T23:34:56.693967+00:00", "data": {"market": "0x141c42196dee7cb73e5cd16e529539d6e8a4bf0b11120b23500d43faa76c821e", "price_changes": [{"asset_id": "45735420269475426011841441944362466689728084344234840006659588549695868112337", "price": "0.13", "size": "0", "side": "BUY", "hash": "d12f7644a29657058406655e92ca18a067cf3177", "best_bid": "0.22", "best_ask": "0.94"}, {"asset_id": "96155739160514162799031504563047445036524177967336652433313165230790405455367", "price": "0.87", "size": "0", "side": "SELL", "hash": "e3b37dd865497a231a95ced480cbb10f97e2f399", "best_bid": "0.06", "best_ask": "0.78"}], "timestamp": "1769384096610", "event_type": "price_change"}}
{"_local_timestamp": "2026-01-25T23:34:57.850762+00:00", "data": {"market": "0xa03fb6bd910ebc64d9ba9aaafca2478cf2be2f3bf7507cade066fa2b59d36745", "price_changes": [{"asset_id": "34368826535951943384647112053132967161425776190878752555854500839241767703017", "price": "0.03", "size": "15.71", "side": "BUY", "hash": "66508e632fec16f970815e0fdf0de0f34076554f", "best_bid": "0.2", "best_ask": "0.94"}, {"asset_id": "59955797202391779468678550180275761493378020190468842045781972866009323258062", "price": "0.97", "size": "15.71", "side": "SELL", "hash": "13cfa58b4556dbde4e98f6883644597e30178c3c", "best_bid": "0.06", "best_ask": "0.8"}], "timestamp": "1769384097785", "event_type": "price_change"}}
{"_local_timestamp": "2026-01-25T23:34:57.864878+00:00", "data": {"market": "0xa03fb6bd910ebc64d9ba9aaafca2478cf2be2f3bf7507cade066fa2b59d36745", "price_changes": [{"asset_id": "34368826535951943384647112053132967161425776190878752555854500839241767703017", "price": "0.02", "size": "156.45", "side": "BUY", "hash": "4cf0dd6b489926abf7d255afac9faea9287761f6", "best_bid": "0.2", "best_ask": "0.94"}, {"asset_id": "59955797202391779468678550180275761493378020190468842045781972866009323258062", "price": "0.98", "size": "156.45", "side": "SELL", "hash": "8760ef9c64090c5be34876120c29923fded59375", "best_bid": "0.06", "best_ask": "0.8"}], "timestamp": "1769384097787", "event_type": "price_change"}}
{"_local_timestamp": "2026-01-25T23:34:57.865358+00:00", "data": {"market": "0xa03fb6bd910ebc64d9ba9aaafca2478cf2be2f3bf7507cade066fa2b59d36745", "price_changes": [{"asset_id": "34368826535951943384647112053132967161425776190878752555854500839241767703017", "price": "0.07", "size": "5.82", "side": "BUY", "hash": "129cfb5eecbfeb02e1aa69bdb6ce50022ca76273", "best_bid": "0.2", "best_ask": "0.94"}, {"asset_id": "59955797202391779468678550180275761493378020190468842045781972866009323258062", "price": "0.93", "size": "5.82", "side": "SELL", "hash": "b890e9bfc3dee83d7420423778967bc59d7bc6ab", "best_bid": "0.06", "best_ask": "0.8"}], "timestamp": "1769384097789", "event_type": "price_change"}}
{"_local_timestamp": "2026-01-25T23:34:57.865647+00:00", "data": {"market": "0xa03fb6bd910ebc64d9ba9aaafca2478cf2be2f3bf7507cade066fa2b59d36745", "price_changes": [{"asset_id": "34368826535951943384647112053132967161425776190878752555854500839241767703017", "price": "0.11", "size": "7.8", "side": "BUY", "hash": "965d673e6863e30662e3718a0d2acb602fedc6b4", "best_bid": "0.2", "best_ask": "0.94"}, {"asset_id": "59955797202391779468678550180275761493378020190468842045781972866009323258062", "price": "0.89", "size": "7.8", "side": "SELL", "hash": "f7731bcfbb24378313013eb259f3dd7ca75ff596", "best_bid": "0.06", "best_ask": "0.8"}], "timestamp": "1769384097791", "event_type": "price_change"}}
{"_local_timestamp": "2026-01-25T23:34:57.865940+00:00", "data": {"market": "0xa03fb6bd910ebc64d9ba9aaafca2478cf2be2f3bf7507cade066fa2b59d36745", "price_changes": [{"asset_id": "34368826535951943384647112053132967161425776190878752555854500839241767703017", "price": "0.01", "size": "1031.37", "side": "BUY", "hash": "fba7312c9b1cbc2772232fba2fbbc5f5c2b6b2e2", "best_bid": "0.2", "best_ask": "0.94"}, {"asset_id": "59955797202391779468678550180275761493378020190468842045781972866009323258062", "price": "0.99", "size": "1031.37", "side": "SELL", "hash": "20b77a0556bbdf27a27df7010ef9808984a919fc", "best_bid": "0.06", "best_ask": "0.8"}], "timestamp": "1769384097793", "event_type": "price_change"}}
{"_local_timestamp": "2026-01-25T23:34:58.775268+00:00", "data": {"market": "0x141c42196dee7cb73e5cd16e529539d6e8a4bf0b11120b23500d43faa76c821e", "price_changes": [{"asset_id": "45735420269475426011841441944362466689728084344234840006659588549695868112337", "price": "0.08", "size": "5.59", "side": "BUY", "hash": "8ef96e847736bcab992393f0328c79dcff29bcac", "best_bid": "0.22", "best_ask": "0.94"}, {"asset_id": "96155739160514162799031504563047445036524177967336652433313165230790405455367", "price": "0.92", "size": "5.59", "side": "SELL", "hash": "b2cd958b7815d59e16b83d8e6592d8948b3b8608", "best_bid": "0.06", "best_ask": "0.78"}], "timestamp": "1769384098703", "event_type": "price_change"}}
{"_local_timestamp": "2026-01-25T23:34:58.775684+00:00", "data": {"market": "0xdd222e739903e92f95341ca9334cebba2c928d098f28534ae6fb144b6d21527e", "price_changes": [{"asset_id": "34278300267027031294535229289499953400666403829536645541524138991990660418387", "price": "0.13", "size": "5.68", "side": "BUY", "hash": "3aadd3c72446771fd5ad1b64b4c7c5db3894003e", "best_bid": "0.22", "best_ask": "0.94"}, {"asset_id": "71343867537788560724754247932116344931383423957520599159803570794874805253056", "price": "0.87", "size": "5.68", "side": "SELL", "hash": "1f38c90961cd44722457d0eb3a2222e479c5d0c0", "best_bid": "0.06", "best_ask": "0.78"}], "timestamp": "1769384098704", "event_type": "price_change"}}
{"_local_timestamp": "2026-01-25T23:34:58.776227+00:00", "data": {"market": "0xdd222e739903e92f95341ca9334cebba2c928d098f28534ae6fb144b6d21527e", "price_changes": [{"asset_id": "34278300267027031294535229289499953400666403829536645541524138991990660418387", "price": "0.03", "size": "18.07", "side": "BUY", "hash": "9f76bd084dd1c50eab61bb49a0e07c7d8cbcae53", "best_bid": "0.22", "best_ask": "0.94"}, {"asset_id": "71343867537788560724754247932116344931383423957520599159803570794874805253056", "price": "0.97", "size": "18.07", "side": "SELL", "hash": "cc51b5c76f3d56cfff396b5580388cfb0a517e26", "best_bid": "0.06", "best_ask": "0.78"}], "timestamp": "1769384098706", "event_type": "price_change"}}
{"_local_timestamp": "2026-01-25T23:34:58.776511+00:00", "data": {"market": "0x141c42196dee7cb73e5cd16e529539d6e8a4bf0b11120b23500d43faa76c821e", "price_changes": [{"asset_id": "45735420269475426011841441944362466689728084344234840006659588549695868112337", "price": "0.03", "size": "18.07", "side": "BUY", "hash": "37459b345a353d9ac55a976afe24d88b9ce569a9", "best_bid": "0.22", "best_ask": "0.94"}, {"asset_id": "96155739160514162799031504563047445036524177967336652433313165230790405455367", "price": "0.97", "size": "18.07", "side": "SELL", "hash": "a05bcebd78e27f2aa0bc35e89f32482726ff9197", "best_bid": "0.06", "best_ask": "0.78"}], "timestamp": "1769384098706", "event_type": "price_change"}}
{"_local_timestamp": "2026-01-25T23:34:58.780623+00:00", "data": {"market": "0xdd222e739903e92f95341ca9334cebba2c928d098f28534ae6fb144b6d21527e", "price_changes": [{"asset_id": "34278300267027031294535229289499953400666403829536645541524138991990660418387", "price": "0.08", "size": "5.59", "side": "BUY", "hash": "87b664667c0f88e955fc59c6ce482cdab5c19d00", "best_bid": "0.22", "best_ask": "0.94"}, {"asset_id": "71343867537788560724754247932116344931383423957520599159803570794874805253056", "price": "0.92", "size": "5.59", "side": "SELL", "hash": "7d3c29ab530d09d9535d0e1865015e6830bfcf0f", "best_bid": "0.06", "best_ask": "0.78"}], "timestamp": "1769384098708", "event_type": "price_change"}}
{"_local_timestamp": "2026-01-25T23:34:58.780937+00:00", "data": {"market": "0x141c42196dee7cb73e5cd16e529539d6e8a4bf0b11120b23500d43faa76c821e", "price_changes": [{"asset_id": "45735420269475426011841441944362466689728084344234840006659588549695868112337", "price": "0.13", "size": "5.68", "side": "BUY", "hash": "c2c91874a0d420f915d4c0015931775c86d27f5b", "best_bid": "0.22", "best_ask": "0.94"}, {"asset_id": "96155739160514162799031504563047445036524177967336652433313165230790405455367", "price": "0.87", "size": "5.68", "side": "SELL", "hash": "1c6861ee43b46469b0744f3f8b5b70dbe19c0b72", "best_bid": "0.06", "best_ask": "0.78"}], "timestamp": "1769384098708", "event_type": "price_change"}}
