{"_local_timestamp": "2026-01-25T23:33:44.473277+00:00", "data": [{"market": "0x16386f8c483c1a5a4c5a9f1cb6e2b67d6cd8044378d255d648e8d910df6ded7d", "asset_id": "78076775725697503668284125039323984077230721712389157887255038112449224399593", "timestamp": "1769383779655", "hash": "4e50008bb28647112a761642bcd241d60405e65e", "bids": [{"price": "0.01", "size": "1735.58"}, {"price": "0.02", "size": "561.64"}, {"price": "0.03", "size": "16"}, {"price": "0.04", "size": "7.7"}, {"price": "0.05", "size": "160.46"}, {"price": "0.06", "size": "11.15"}], "asks": [{"price": "0.99", "size": "1031.81"}, {"price": "0.98", "size": "158.98"}, {"price": "0.97", "size": "16"}, {"price": "0.96", "size": "9.56"}, {"price": "0.95", "size": "320"}, {"price": "0.94", "size": "358"}, {"price": "0.93", "size": "81.01"}, {"price": "0.92", "size": "162.5"}, {"price": "0.9", "size": "79"}, {"price": "0.88", "size": "91.66"}, {"price": "0.87", "size": "6.76"}, {"price": "0.78", "size": "10"}], "event_type": "book", "last_trade_price": ""}, {"market": "0x4199da177c779f825cb52bc3e6f3824307c3f3cf1e6712fc1159850c20b47ce9", "asset_id": "92216603731314845111489921729049583433829165810976199137362966399785850025550", "timestamp": "1769383784308", "hash": "7c90ce5b398497ae0eba5ef16a9f2d5777d82759", "bids": [{"price": "0.01", "size": "1423"}, {"price": "0.02", "size": "850"}, {"price": "0.03", "size": "16"}, {"price": "0.05", "size": "142"}, {"price": "0.06", "size": "50.07"}], "asks": [{"price": "0.99", "size": "1031.8"}, {"price": "0.98", "size": "158.98"}, {"price": "0.97", "size": "16"}, {"price": "0.96", "size": "9.56"}, {"price": "0.95", "size": "320"}, {"price": "0.94", "size": "358"}, {"price": "0.93", "size": "81.01"}, {"price": "0.92", "size": "162.5"}, {"price": "0.9", "size": "55"}, {"price": "0.88", "size": "91.66"}, {"price": "0.87", "size": "6.76"}, {"price": "0.78", "size": "10"}], "event_type": "book", "last_trade_price": ""}, {"market": "0x4199da177c779f825cb52bc3e6f3824307c3f3cf1e6712fc1159850c20b47ce9", "asset_id": "18763571531139496361031498694245361696091860650817925361371865437054120418249", "timestamp": "1769383784308", "hash": "a4080f9c8632f19d045bb68afcf4a398f10f369c", "bids": [{"price": "0.01", "size": "1031.8"}, {"price": "0.02", "size": "158.98"}, {"price": "0.03", "size": "16"}, {"price": "0.04", "size": "9.56"}, {"price": "0.05", "size": "320"}, {"price": "0.06", "size": "358"}, {"price": "0.07", "size": "81.01"}, {"price": "0.08", "size": "162.5"}, {"price": "0.1", "size": "55"}, {"price": "0.12", "size": "91.66"}, {"price": "0.13", "size": "6.76"}, {"price": "0.22", "size": "10"}], "asks": [{"price": "0.99", "size": "1423"}, {"price": "0.98", "size": "850"}, {"price": "0.97", "size": "16"}, {"price": "0.95", "size": "142"}, {"price": "0.94", "size": "50.07"}], "event_type": "book", "last_trade_price": ""}, {"market": "0x16386f8c483c1a5a4c5a9f1cb6e2b67d6cd8044378d255d648e8d910df6ded7d", "asset_id": "13124965558531750447972172098137038109188455735059688619193666944599899940622", "timestamp": "1769383779655", "hash": "213de6c54b18f4f480fbff2fcbdb60922d202fd7", "bids": [{"price": "0.01", "size": "1031.81"}, {"price": "0.02", "size": "158.98"}, {"price": "0.03", "size": "16"}, {"price": "0.04", "size": "9.56"}, {"price": "0.05", "size": "320"}, {"price": "0.06", "size": "358"}, {"price": "0.07", "size": "81.01"}, {"price": "0.08", "size": "162.5"}, {"price": "0.1", "size": "79"}, {"price": "0.12", "size": "91.66"}, {"price": "0.13", "size": "6.76"}, {"price": "0.22", "size": "10"}], "asks": [{"price": "0.99", "size": "1735.58"}, {"price": "0.98", "size": "561.64"}, {"price": "0.97", "size": "16"}, {"price": "0.96", "size": "7.7"}, {"price": "0.95", "size": "160.46"}, {"price": "0.94", "size": "11.15"}], "event_type": "book", "last_trade_price": ""}, {"market": "0x3795b9fea94dc994cedc750c8a2f9dcb6be92ff6ab71de39d35cb8a3c309caf4", "asset_id": "32604606094339082487039570121150569192070516388078026209320139608509933456713", "timestamp": "1769383782369", "hash": "abb576aa56245e64b66e62ad23acb2ce7ad93cd8", "bids": [{"price": "0.01", "size": "515"}, {"price": "0.02", "size": "850"}, {"price": "0.03", "size": "16"}, {"price": "0.05", "size": "142"}, {"price": "0.06", "size": "47.52"}], "asks": [{"price": "0.99", "size": "123.81"}, {"price": "0.98", "size": "158.98"}, {"price": "0.97", "size": "16"}, {"price": "0.96", "size": "9.56"}, {"price": "0.95", "size": "320"}, {"price": "0.94", "size": "358"}, {"price": "0.93", "size": "81.01"}, {"price": "0.92", "size": "162.5"}, {"price": "0.9", "size": "55"}, {"price": "0.88", "size": "91.66"}, {"price": "0.87", "size": "6.76"}, {"price": "0.78", "size": "10"}], "event_type": "book", "last_trade_price": ""}, {"market": "0x3795b9fea94dc994cedc750c8a2f9dcb6be92ff6ab71de39d35cb8a3c309caf4", "asset_id": "106101755203527251106411217508016654671864317766704186582736673816821264943719", "timestamp": "1769383782369", "hash": "f9479b111539e776f6ad8a4f16664befa8cc3183", "bids": [{"price": "0.01", "size": "123.81"}, {"price": "0.02", "size": "158.98"}, {"price": "0.03", "size": "16"}, {"price": "0.04", "size": "9.56"}, {"price": "0.05", "size": "320"}, {"price": "0.06", "size": "358"}, {"price": "0.07", "size": "81.01"}, {"price": "0.08", "size": "162.5"}, {"price": "0.1", "size": "55"}, {"price": "0.12", "size": "91.66"}, {"price": "0.13", "size": "6.76"}, {"price": "0.22", "size": "10"}], "asks": [{"price": "0.99", "size": "515"}, {"price": "0.98", "size": "850"}, {"price": "0.97", "size": "16"}, {"price": "0.95", "size": "142"}, {"price": "0.94", "size": "47.52"}], "event_type": "book", "last_trade_price": ""}]}
{"_local_timestamp": "2026-01-25T23:34:55.182812+00:00", "data": {"market": "0x4199da177c779f825cb52bc3e6f3824307c3f3cf1e6712fc1159850c20b47ce9", "price_changes": [{"asset_id": "18763571531139496361031498694245361696091860650817925361371865437054120418249", "price": "0.07", "size": "75", "side": "BUY", "hash": "50243ecb3f09cccc6e91d2c8f5a78381128e5a42", "best_bid": "0.22", "best_ask": "0.94"}, {"asset_id": "92216603731314845111489921729049583433829165810976199137362966399785850025550", "price": "0.93", "size": "75", "side": "SELL", "hash": "f825ef08211cc0d0a957616a404855588924fc70", "best_bid": "0.06", "best_ask": "0.78"}], "timestamp": "1769384095114", "event_type": "price_change"}}
{"_local_timestamp": "2026-01-25T23:34:55.184441+00:00", "data": {"market": "0x4199da177c779f825cb52bc3e6f3824307c3f3cf1e6712fc1159850c20b47ce9", "price_changes": [{"asset_id": "18763571531139496361031498694245361696091860650817925361371865437054120418249", "price": "0.13", "size": "0", "side": "BUY", "hash": "50243ecb3f09cccc6e91d2c8f5a78381128e5a42", "best_bid": "0.22", "best_ask": "0.94"}, {"asset_id": "92216603731314845111489921729049583433829165810976199137362966399785850025550", "price": "0.87", "size": "0", "side": "SELL", "hash": "f825ef08211cc0d0a957616a404855588924fc70", "best_bid": "0.06", "best_ask": "0.78"}], "timestamp": "1769384095114", "event_type": "price_change"}}
{"_local_timestamp": "2026-01-25T23:34:56.223437+00:00", "data": {"market": "0x4199da177c779f825cb52bc3e6f3824307c3f3cf1e6712fc1159850c20b47ce9", "price_changes": [{"asset_id": "18763571531139496361031498694245361696091860650817925361371865437054120418249", "price": "0.13", "size": "6.22", "side": "BUY", "hash": "8234d6f9a31f8e2de29ea5a700db1a215b6930de", "best_bid": "0.22", "best_ask": "0.94"}, {"asset_id": "92216603731314845111489921729049583433829165810976199137362966399785850025550", "price": "0.87", "size": "6.22", "side": "SELL", "hash": "1d91b0657cd70770332b34305bbef4fbeb4e3030", "best_bid": "0.06", "best_ask": "0.78"}], "timestamp": "1769384096079", "event_type": "price_change"}}
{"_local_timestamp": "2026-01-25T23:34:56.228859+00:00", "data": {"market": "0x4199da177c779f825cb52bc3e6f3824307c3f3cf1e6712fc1159850c20b47ce9", "price_changes": [{"asset_id": "18763571531139496361031498694245361696091860650817925361371865437054120418249", "price": "0.08", "size": "168.62", "side": "BUY", "hash": "e7e9926d71c947cdd1c04acd153edac7ab78ac5d", "best_bid": "0.22", "best_ask": "0.94"}, {"asset_id": "92216603731314845111489921729049583433829165810976199137362966399785850025550", "price": "0.92", "size": "168.62", "side": "SELL", "hash": "3b553fbf9cb210d5b6a09f8930a1d7d68ab6d26c", "best_bid": "0.06", "best_ask": "0.78"}], "timestamp": "1769384096093", "event_type": "price_change"}}
{"_local_timestamp": "2026-01-25T23:36:57.918995+00:00", "data": {"market": "0x16386f8c483c1a5a4c5a9f1cb6e2b67d6cd8044378d255d648e8d910df6ded7d", "price_changes": [{"asset_id": "13124965558531750447972172098137038109188455735059688619193666944599899940622", "price": "0.07", "size": "75", "side": "BUY", "hash": "3b025f4a1d1d52114112ecdc005f0dce71313958", "best_bid": "0.22", "best_ask": "0.94"}, {"asset_id": "78076775725697503668284125039323984077230721712389157887255038112449224399593", "price": "0.93", "size": "75", "side": "SELL", "hash": "9b35cc4e0b875180df61d7ae90b3a56d0fed6810", "best_bid": "0.06", "best_ask": "0.78"}], "timestamp": "1769384217755", "event_type": "price_change"}}
{"_local_timestamp": "2026-01-25T23:36:57.919826+00:00", "data": {"market": "0x3795b9fea94dc994cedc750c8a2f9dcb6be92ff6ab71de39d35cb8a3c309caf4", "price_changes": [{"asset_id": "106101755203527251106411217508016654671864317766704186582736673816821264943719", "price": "0.07", "size": "75", "side": "BUY", "hash": "bb505cf6b27432314ef3b505831bb378f42e3aa9", "best_bid": "0.22", "best_ask": "0.94"}, {"asset_id": "32604606094339082487039570121150569192070516388078026209320139608509933456713", "price": "0.93", "size": "75", "side": "SELL", "hash": "ab65064c8e7e9c0d3a733efee76ec1466f9c363b", "best_bid": "0.06", "best_ask": "0.78"}], "timestamp": "1769384217755", "event_type": "price_change"}}
{"_local_timestamp": "2026-01-25T23:36:57.920209+00:00", "data": {"market": "0x16386f8c483c1a5a4c5a9f1cb6e2b67d6cd8044378d255d648e8d910df6ded7d", "price_changes": [{"asset_id": "13124965558531750447972172098137038109188455735059688619193666944599899940622", "price": "0.13", "size": "0", "side": "BUY", "hash": "3b025f4a1d1d52114112ecdc005f0dce71313958", "best_bid": "0.22", "best_ask": "0.94"}, {"asset_id": "78076775725697503668284125039323984077230721712389157887255038112449224399593", "price": "0.87", "size": "0", "side": "SELL", "hash": "9b35cc4e0b875180df61d7ae90b3a56d0fed6810", "best_bid": "0.06", "best_ask": "0.78"}], "timestamp": "1769384217755", "event_type": "price_change"}}
{"_local_timestamp": "2026-01-25T23:36:57.920510+00:00", "data": {"market": "0x3795b9fea94dc994cedc750c8a2f9dcb6be92ff6ab71de39d35cb8a3c309caf4", "price_changes": [{"asset_id": "106101755203527251106411217508016654671864317766704186582736673816821264943719", "price": "0.13", "size": "0", "side": "BUY", "hash": "bb505cf6b27432314ef3b505831bb378f42e3aa9", "best_bid": "0.22", "best_ask": "0.94"}, {"asset_id": "32604606094339082487039570121150569192070516388078026209320139608509933456713", "price": "0.87", "size": "0", "side": "SELL", "hash": "ab65064c8e7e9c0d3a733efee76ec1466f9c363b", "best_bid": "0.06", "best_ask": "0.78"}], "timestamp": "1769384217755", "event_type": "price_change"}}
{"_local_timestamp": "2026-01-25T23:36:59.501717+00:00", "data": {"market": "0x3795b9fea94dc994cedc750c8a2f9dcb6be92ff6ab71de39d35cb8a3c309caf4", "price_changes": [{"asset_id": "106101755203527251106411217508016654671864317766704186582736673816821264943719", "price": "0.08", "size": "168.62", "side": "BUY", "hash": "02bd266a33d6986d2e91e34280cff2477e791468", "best_bid": "0.22", "best_ask": "0.94"}, {"asset_id": "32604606094339082487039570121150569192070516388078026209320139608509933456713", "price": "0.92", "size": "168.62", "side": "SELL", "hash": "5fed3ac578feb9c4b96fe670b50a6552264b45d3", "best_bid": "0.06", "best_ask": "0.78"}], "timestamp": "1769384219418", "event_type": "price_change"}}
{"_local_timestamp": "2026-01-25T23:36:59.502089+00:00", "data": {"market": "0x16386f8c483c1a5a4c5a9f1cb6e2b67d6cd8044378d255d648e8d910df6ded7d", "price_changes": [{"asset_id": "13124965558531750447972172098137038109188455735059688619193666944599899940622", "price": "0.08", "size": "168.62", "side": "BUY", "hash": "5fb2f132e9cd29277c966e8448707972954e9898", "best_bid": "0.22", "best_ask": "0.94"}, {"asset_id": "78076775725697503668284125039323984077230721712389157887255038112449224399593", "price": "0.92", "size": "168.62", "side": "SELL", "hash": "07ce939e2b89768c52d5da9e4737733f58c076e2", "best_bid": "0.06", "best_ask": "0.78"}], "timestamp": "1769384219418", "event_type": "price_change"}}
{"_local_timestamp": "2026-01-25T23:36:59.502494+00:00", "data": {"market": "0x3795b9fea94dc994cedc750c8a2f9dcb6be92ff6ab71de39d35cb8a3c309caf4", "price_changes": [{"asset_id": "106101755203527251106411217508016654671864317766704186582736673816821264943719", "price": "0.13", "size": "6.22", "side": "BUY", "hash": "025e0c9abc3edaf95259d05a7e956f6a6d204885", "best_bid": "0.22", "best_ask": "0.94"}, {"asset_id": "32604606094339082487039570121150569192070516388078026209320139608509933456713", "price": "0.87", "size": "6.22", "side": "SELL", "hash": "0808f9e2715cfb34f142a89f53d028ae9685254a", "best_bid": "0.06", "best_ask": "0.78"}], "timestamp": "1769384219420", "event_type": "price_change"}}
{"_local_timestamp": "2026-01-25T23:36:59.502948+00:00", "data": {"market": "0x16386f8c483c1a5a4c5a9f1cb6e2b67d6cd8044378d255d648e8d910df6ded7d", "price_changes": [{"asset_id": "13124965558531750447972172098137038109188455735059688619193666944599899940622", "price": "0.13", "size": "6.22", "side": "BUY", "hash": "c9849fa87a0602d6facf7cec74817e8c07cd82cf", "best_bid": "0.22", "best_ask": "0.94"}, {"asset_id": "78076775725697503668284125039323984077230721712389157887255038112449224399593", "price": "0.87", "size": "6.22", "side": "SELL", "hash": "1dc78d8899d77b1bbee79a2abc2bd9330ab30bca", "best_bid": "0.06", "best_ask": "0.78"}], "timestamp": "1769384219420", "event_type": "price_change"}}
