{"_local_timestamp": "2026-01-25T23:33:59.407022+00:00", "data": [{"market": "0x00f4e094b17c7d49c9c766bfcfac94bf366322be95c8f1d692d6541cc31d6b83", "asset_id": "45268289931252599800223358378863149486982454787710684104775558118822599327739", "timestamp": "1769382484896", "hash": "67244ae3d34c80f4e4ab4118ebd83af675593e0c", "bids": [{"price": "0.01", "size": "550"}, {"price": "0.02", "size": "375"}], "asks": [{"price": "0.99", "size": "566.74"}, {"price": "0.98", "size": "158.94"}, {"price": "0.97", "size": "203.44"}, {"price": "0.95", "size": "11.68"}], "event_type": "book", "last_trade_price": ""}, {"market": "0x0c33e5ee0773da8ad585a1cfee4660a6e3614b75cb99baed8f3b1d0982b4adf4", "asset_id": "36790246441513811343763920198410468390071279249735314377609058838342977869403", "timestamp": "1769382489431", "hash": "84e76eb512797db706fe0f48aa052c2440328ae5", "bids": [{"price": "0.01", "size": "589.66"}, {"price": "0.02", "size": "160.56"}, {"price": "0.03", "size": "88.07"}, {"price": "0.04", "size": "5.47"}], "asks": [{"price": "0.99", "size": "550"}, {"price": "0.98", "size": "375"}], "event_type": "book", "last_trade_price": ""}, {"market": "0x0c33e5ee0773da8ad585a1cfee4660a6e3614b75cb99baed8f3b1d0982b4adf4", "asset_id": "41947103620145708414823350519018491220322488311377599218747162326790690715498", "timestamp": "1769382489431", "hash": "415dad3c19e57444b8255c4e98532fc5372769d8", "bids": [{"price": "0.01", "size": "550"}, {"price": "0.02", "size": "375"}], "asks": [{"price": "0.99", "size": "589.66"}, {"price": "0.98", "size": "160.56"}, {"price": "0.97", "size": "88.07"}, {"price": "0.96", "size": "5.47"}], "event_type": "book", "last_trade_price": ""}, {"market": "0x440d18a580941a03a35572744eddca7485b84a6c29cac356bc423405020ffd24", "asset_id": "92349517502025789211118251683056668329689199091226776251310873355748558675432", "timestamp": "1769382589292", "hash": "d7d48ff9224ab257b218cabda64e8f4209c01f28", "bids": [{"price": "0.01", "size": "569.87"}, {"price": "0.02", "size": "156.69"}, {"price": "0.03", "size": "81.18"}, {"price": "0.05", "size": "15.11"}], "asks": [{"price": "0.99", "size": "550"}, {"price": "0.98", "size": "375"}], "event_type": "book", "last_trade_price": ""}, {"market": "0x00f4e094b17c7d49c9c766bfcfac94bf366322be95c8f1d692d6541cc31d6b83", "asset_id": "10041217262999010335245680939418778887736678251492682405085738319699047048767", "timestamp": "1769382484896", "hash": "aafde383211bb6201de98beb653674909c48daf2", "bids": [{"price": "0.01", "size": "566.74"}, {"price": "0.02", "size": "158.94"}, {"price": "0.03", "size": "203.44"}, {"price": "0.05", "size": "11.68"}], "asks": [{"price": "0.99", "size": "550"}, {"price": "0.98", "size": "375"}], "event_type": "book", "last_trade_price": ""}, {"market": "0x440d18a580941a03a35572744eddca7485b84a6c29cac356bc423405020ffd24", "asset_id": "51182237327354214192522485938219065477941164582082711252552720554718472645718", "timestamp": "1769382589292", "hash": "7cfa99108fca1a7f381275cfdbf608e8aa65371b", "bids": [{"price": "0.01", "size": "550"}, {"price": "0.02", "size": "375"}], "asks": [{"price": "0.99", "size": "569.87"}, {"price": "0.98", "size": "156.69"}, {"price": "0.97", "size": "81.18"}, {"price": "0.95", "size": "15.11"}], "event_type": "book", "last_trade_price": ""}, {"market": "0x19a48f66911f4198bf17ebad23f2292336168fedcd2945f340d7f52147c50182", "asset_id": "39395146974331749449653674929603219621556671857569093380608540654307991891403", "timestamp": "1769382484886", "hash": "0a36d1cab6f319561246681982fc838cde2a2caa", "bids": [{"price": "0.01", "size": "550"}, {"price": "0.02", "size": "375"}], "asks": [{"price": "0.99", "size": "572.74"}, {"price": "0.98", "size": "160.48"}, {"price": "0.97", "size": "198.65"}, {"price": "0.95", "size": "12.73"}], "event_type": "book", "last_trade_price": ""}, {"market": "0xcb9ac2f4f956b497f66311b5e6f0ba46ee94eb2d0bfc4cda0374be60d292e04c", "asset_id": "100480366739058900652158356994111376666027424248097542650126303036256877545857", "timestamp": "1769382499507", "hash": "09c9086693a1fafc7f30d674b7eb10394e3be8e3", "bids": [{"price": "0.01", "size": "672.04"}, {"price": "0.02", "size": "160.48"}, {"price": "0.03", "size": "206.65"}, {"price": "0.04", "size": "46.25"}], "asks": [{"price": "0.99", "size": "670.11"}, {"price": "0.98", "size": "157.03"}, {"price": "0.97", "size": "208.7"}, {"price": "0.96", "size": "37"}, {"price": "0.95", "size": "13.41"}], "event_type": "book", "last_trade_price": ""}, {"market": "0xcb9ac2f4f956b497f66311b5e6f0ba46ee94eb2d0bfc4cda0374be60d292e04c", "asset_id": "64169232314910922118403549830032045270715031933774556991937851879584817634082", "timestamp": "1769382499507", "hash": "6394aea114c20d8e532f2ed62439b734f7f8be10", "bids": [{"price": "0.01", "size": "670.11"}, {"price": "0.02", "size": "157.03"}, {"price": "0.03", "size": "208.7"}, {"price": "0.04", "size": "37"}, {"price": "0.05", "size": "13.41"}], "asks": [{"price": "0.99", "size": "672.04"}, {"price": "0.98", "size": "160.48"}, {"price": "0.97", "size": "206.65"}, {"price": "0.96", "size": "46.25"}], "event_type": "book", "last_trade_price": ""}, {"market": "0x19a48f66911f4198bf17ebad23f2292336168fedcd2945f340d7f52147c50182", "asset_id": "58187898202128438946071978432288271362542934848788091805428399221641663242319", "timestamp": "1769382484886", "hash": "08b6dd8f2ba0247bea5715314ef2589371f26fa2", "bids": [{"price": "0.01", "size": "572.74"}, {"price": "0.02", "size": "160.48"}, {"price": "0.03", "size": "198.65"}, {"price": "0.05", "size": "12.73"}], "asks": [{"price": "0.99", "size": "550"}, {"price": "0.98", "size": "375"}], "event_type": "book", "last_trade_price": ""}]}
