{"_local_timestamp": "2026-01-25T23:33:59.493206+00:00", "data": [{"market": "0xd45a11efb22a2d336adad6d8639b8a41e0d281d9c23f765570ea1fb10e74d04c", "asset_id": "69683212840262971866000281153981623876932496654934200347382032288503471796078", "timestamp": "1769383086117", "hash": "9cc679f30e1c913ff3fba33b93649137bd49b255", "bids": [{"price": "0.01", "size": "569.87"}, {"price": "0.02", "size": "156.69"}, {"price": "0.03", "size": "81.18"}, {"price": "0.05", "size": "15.11"}], "asks": [{"price": "0.99", "size": "550"}, {"price": "0.98", "size": "375"}], "event_type": "book", "last_trade_price": ""}, {"market": "0x23b489a7d36e59c01ac9bb2341564549f57505c931d394906a20df890d3132fd", "asset_id": "97764933390065675722055936124403985735071452683699566710714216433332934771716", "timestamp": "1769383073807", "hash": "e267d9de59f9ebceb5d4442e7883ccf31e116802", "bids": [{"price": "0.01", "size": "672.04"}, {"price": "0.02", "size": "160.48"}, {"price": "0.03", "size": "206.65"}, {"price": "0.04", "size": "46.25"}], "asks": [{"price": "0.99", "size": "664.79"}, {"price": "0.98", "size": "157.03"}, {"price": "0.97", "size": "83.7"}, {"price": "0.96", "size": "37"}, {"price": "0.95", "size": "9"}, {"price": "0.94", "size": "5.47"}], "event_type": "book", "last_trade_price": ""}, {"market": "0x82e6647d0d4d758c7e30d3b980fe8305926fdf9510f9e8cd9a48b8df519118d7", "asset_id": "61268554684712935159842345370440046547918984668292012907314654716165440792675", "timestamp": "1769382483687", "hash": "9eb4bc07e24ac7524771d165de7156f5ca44f806", "bids": [{"price": "0.01", "size": "564.79"}, {"price": "0.02", "size": "156.69"}, {"price": "0.03", "size": "204.56"}, {"price": "0.05", "size": "12.29"}], "asks": [{"price": "0.99", "size": "550"}, {"price": "0.98", "size": "375"}], "event_type": "book", "last_trade_price": ""}, {"market": "0x1c742bc2465860f96ee186f71099c78bbc4a1df763becf2005fdda4c886ee83f", "asset_id": "18283029932935165503824894517781375095844133365895716795408368096776917591951", "timestamp": "1769382489468", "hash": "623a2d06637f884547c2f565a5d988e9cad140a0", "bids": [{"price": "0.01", "size": "589.66"}, {"price": "0.02", "size": "160.56"}, {"price": "0.03", "size": "88.07"}, {"price": "0.04", "size": "5.47"}], "asks": [{"price": "0.99", "size": "550"}, {"price": "0.98", "size": "375"}], "event_type": "book", "last_trade_price": ""}, {"market": "0x4aba91f29405322042f3af5e2f4cc4e693f066de105b9184872e51d465ecf000", "asset_id": "68608280272298934950424657654504309436583984295599359528902328724224944717370", "timestamp": "1769382721363", "hash": "11c5dfe40b45300d4fdce1d15d7591dfd5064ac0", "bids": [{"price": "0.01", "size": "550"}, {"price": "0.02", "size": "375"}], "asks": [{"price": "0.99", "size": "589.66"}, {"price": "0.98", "size": "160.56"}, {"price": "0.97", "size": "88.07"}, {"price": "0.96", "size": "5.47"}], "event_type": "book", "last_trade_price": ""}, {"market": "0x23b489a7d36e59c01ac9bb2341564549f57505c931d394906a20df890d3132fd", "asset_id": "84194931024139535713927958899775185752176860362503935821394821103261093620061", "timestamp": "1769383073807", "hash": "2161c75b9e6994adbffe8b77d1e9681d9a910467", "bids": [{"price": "0.01", "size": "664.79"}, {"price": "0.02", "size": "157.03"}, {"price": "0.03", "size": "83.7"}, {"price": "0.04", "size": "37"}, {"price": "0.05", "size": "9"}, {"price": "0.06", "size": "5.47"}], "asks": [{"price": "0.99", "size": "672.04"}, {"price": "0.98", "size": "160.48"}, {"price": "0.97", "size": "206.65"}, {"price": "0.96", "size": "46.25"}], "event_type": "book", "last_trade_price": ""}, {"market": "0x1c742bc2465860f96ee186f71099c78bbc4a1df763becf2005fdda4c886ee83f", "asset_id": "54949820627864841039933087972365407028028658375958222995197657408895655419135", "timestamp": "1769382489468", "hash": "c90d35c6af8cb16e2197c7a11a0e4a3ee8490465", "bids": [{"price": "0.01", "size": "550"}, {"price": "0.02", "size": "375"}], "asks": [{"price": "0.99", "size": "589.66"}, {"price": "0.98", "size": "160.56"}, {"price": "0.97", "size": "88.07"}, {"price": "0.96", "size": "5.47"}], "event_type": "book", "last_trade_price": ""}, {"market": "0xd45a11efb22a2d336adad6d8639b8a41e0d281d9c23f765570ea1fb10e74d04c", "asset_id": "76110657189460886979373161600524718594572060126944300950327226184421948763011", "timestamp": "1769383086117", "hash": "aa7089184bd80551df6f2da16c9696a955901759", "bids": [{"price": "0.01", "size": "550"}, {"price": "0.02", "size": "375"}], "asks": [{"price": "0.99", "size": "569.87"}, {"price": "0.98", "size": "156.69"}, {"price": "0.97", "size": "81.18"}, {"price": "0.95", "size": "15.11"}], "event_type": "book", "last_trade_price": ""}, {"market": "0x82e6647d0d4d758c7e30d3b980fe8305926fdf9510f9e8cd9a48b8df519118d7", "asset_id": "61753160421737580195600656996885298234144161917462465097400157502369185911716", "timestamp": "1769382483687", "hash": "907ad9de39b77b1b5d87e9c9b981b2f51dedd3bf", "bids": [{"price": "0.01", "size": "550"}, {"price": "0.02", "size": "375"}], "asks": [{"price": "0.99", "size": "564.79"}, {"price": "0.98", "size": "156.69"}, {"price": "0.97", "size": "204.56"}, {"price": "0.95", "size": "12.29"}], "event_type": "book", "last_trade_price": ""}, {"market": "0x4aba91f29405322042f3af5e2f4cc4e693f066de105b9184872e51d465ecf000", "asset_id": "9789022548642640755138731586939540502361942121095436416913011627872493872214", "timestamp": "1769382721363", "hash": "3475d78897076aa39e9cc466d0d1dfbbee4e578a", "bids": [{"price": "0.01", "size": "589.66"}, {"price": "0.02", "size": "160.56"}, {"price": "0.03", "size": "88.07"}, {"price": "0.04", "size": "5.47"}], "asks": [{"price": "0.99", "size": "550"}, {"price": "0.98", "size": "375"}], "event_type": "book", "last_trade_price": ""}]}
