{"_local_timestamp": "2026-01-25T23:41:08.637260+00:00", "data": [{"market": "0x213d8414403c285b855af76900737a3a72cca037c6393221486a7509f0cd5a3b", "asset_id": "75728807358992025029441148051818206911553628195564026140899033638422142608988", "timestamp": "1769384421657", "hash": "6e73732f5d4b234c0cc49a9560bdc8b7055193a4", "bids": [{"price": "0.01", "size": "550"}, {"price": "0.02", "size": "325"}], "asks": [{"price": "0.99", "size": "569.87"}, {"price": "0.98", "size": "156.69"}, {"price": "0.97", "size": "86.98"}, {"price": "0.96", "size": "17.66"}], "event_type": "book", "last_trade_price": ""}, {"market": "0xc6b099aab4a231d79f550458cf2c5d5e3cae00864d3bad271f6bc52f35e4298a", "asset_id": "3599156661202835791736443420049015324858303116390622173993292978107008825874", "timestamp": "1769382484889", "hash": "cd70b7e4e4eee274db96ffb7b781f2069e83d6e0", "bids": [{"price": "0.01", "size": "671.51"}, {"price": "0.02", "size": "384.99"}, {"price": "0.03", "size": "61.66"}], "asks": [{"price": "0.99", "size": "664.79"}, {"price": "0.98", "size": "163.72"}, {"price": "0.97", "size": "75"}, {"price": "0.96", "size": "6.21"}, {"price": "0.95", "size": "30"}, {"price": "0.94", "size": "10.95"}], "event_type": "book", "last_trade_price": ""}, {"market": "0x213d8414403c285b855af76900737a3a72cca037c6393221486a7509f0cd5a3b", "asset_id": "99923376231339958577673939797389891298099625084016638151296128476068776447954", "timestamp": "1769384421657", "hash": "163d93ae68ec71583c4b64783cfc9300f84aea31", "bids": [{"price": "0.01", "size": "569.87"}, {"price": "0.02", "size": "156.69"}, {"price": "0.03", "size": "86.98"}, {"price": "0.04", "size": "17.66"}], "asks": [{"price": "0.99", "size": "550"}, {"price": "0.98", "size": "325"}], "event_type": "book", "last_trade_price": ""}, {"market": "0x79fd4aee9d1b1eee8cb6ada3e41271e5d260603a66b4dbbca26ee25e26f5ca76", "asset_id": "10446722801099408666342426128756545583249784262773108196534115599030003519538", "timestamp": "1769384424859", "hash": "436fbb669e0a2f5c3ffb3d68f4528c9110039ca2", "bids": [{"price": "0.01", "size": "566.74"}, {"price": "0.02", "size": "158.94"}, {"price": "0.03", "size": "204"}, {"price": "0.04", "size": "7.03"}, {"price": "0.06", "size": "11.67"}], "asks": [{"price": "0.99", "size": "550"}, {"price": "0.98", "size": "400"}], "event_type": "book", "last_trade_price": ""}, {"market": "0xc6b099aab4a231d79f550458cf2c5d5e3cae00864d3bad271f6bc52f35e4298a", "asset_id": "52004457890094335327261122277633300596125691876470090396285160992514749244176", "timestamp": "1769382484889", "hash": "cd818b02b578e903597fd3b63ae9791dcd040419", "bids": [{"price": "0.01", "size": "664.79"}, {"price": "0.02", "size": "163.72"}, {"price": "0.03", "size": "75"}, {"price": "0.04", "size": "6.21"}, {"price": "0.05", "size": "30"}, {"price": "0.06", "size": "10.95"}], "asks": [{"price": "0.99", "size": "671.51"}, {"price": "0.98", "size": "384.99"}, {"price": "0.97", "size": "61.66"}], "event_type": "book", "last_trade_price": ""}, {"market": "0x79fd4aee9d1b1eee8cb6ada3e41271e5d260603a66b4dbbca26ee25e26f5ca76", "asset_id": "81554015860025070478840705752873537203919961198044043329340945560138649273575", "timestamp": "1769384424859", "hash": "bb66098a790cc81fcbfd1cf26150936f71beb6b6", "bids": [{"price": "0.01", "size": "550"}, {"price": "0.02", "size": "400"}], "asks": [{"price": "0.99", "size": "566.74"}, {"price": "0.98", "size": "158.94"}, {"price": "0.97", "size": "204"}, {"price": "0.96", "size": "7.03"}, {"price": "0.94", "size": "11.67"}], "event_type": "book", "last_trade_price": ""}, {"market": "0xe0ff068b171b601cb5e9db1c908e10643498f2242ad6811a72d3bb5bd21d53f3", "asset_id": "53306633807175939912202558130829807279702327453332600597727874625901717034373", "timestamp": "1769384404908", "hash": "7ce4b6f22ee02f42606ec6464f95698b7e3e8c6d", "bids": [{"price": "0.01", "size": "564.79"}, {"price": "0.02", "size": "159.39"}, {"price": "0.03", "size": "80.95"}, {"price": "0.04", "size": "17.6"}], "asks": [{"price": "0.99", "size": "550"}, {"price": "0.98", "size": "400"}], "event_type": "book", "last_trade_price": ""}, {"market": "0xcef375fa4cb496a50ba2a5ce13455428d96ca4d01896820d6d5e7c9eaf4d1cdf", "asset_id": "114466245214342987641108765644693001374213684974251077934455391311760583614960", "timestamp": "1769384421657", "hash": "916b0bf96a949dbf40347e97a6182d18287ac48c", "bids": [{"price": "0.01", "size": "550"}, {"price": "0.02", "size": "400"}], "asks": [{"price": "0.99", "size": "569.87"}, {"price": "0.98", "size": "156.69"}, {"price": "0.97", "size": "80.98"}, {"price": "0.96", "size": "17.66"}], "event_type": "book", "last_trade_price": ""}, {"market": "0xcef375fa4cb496a50ba2a5ce13455428d96ca4d01896820d6d5e7c9eaf4d1cdf", "asset_id": "9547576617841161457650123239278252857478780768373821428774621069186864964726", "timestamp": "1769384421657", "hash": "3ffe265bdebbc903d2c8f0622c1225d099afdd69", "bids": [{"price": "0.01", "size": "569.87"}, {"price": "0.02", "size": "156.69"}, {"price": "0.03", "size": "80.98"}, {"price": "0.04", "size": "17.66"}], "asks": [{"price": "0.99", "size": "550"}, {"price": "0.98", "size": "400"}], "event_type": "book", "last_trade_price": ""}, {"market": "0xe0ff068b171b601cb5e9db1c908e10643498f2242ad6811a72d3bb5bd21d53f3", "asset_id": "12521634711172541367500101180815976574687422341693911930865444585602309861624", "timestamp": "1769384404908", "hash": "24e054ff5e563d61e81070a03602e669b0d1914f", "bids": [{"price": "0.01", "size": "550"}, {"price": "0.02", "size": "400"}], "asks": [{"price": "0.99", "size": "564.79"}, {"price": "0.98", "size": "159.39"}, {"price": "0.97", "size": "80.95"}, {"price": "0.96", "size": "17.6"}], "event_type": "book", "last_trade_price": ""}]}
