{"_local_timestamp": "2026-01-25T23:33:55.775358+00:00", "data": [{"market": "0xa23eeee4d6e3db791613b118f08b67c40fd9591825c538a44722a180599675d9", "asset_id": "5987950415911275125358270344343724666642656084847636601568314559710089085673", "timestamp": "1769383638682", "hash": "7c369c9a56c2a279ba8697fd24b2b966e2c7d63c", "bids": [{"price": "0.01", "size": "82.24"}, {"price": "0.02", "size": "150"}, {"price": "0.03", "size": "25.92"}, {"price": "0.04", "size": "5.47"}, {"price": "0.08", "size": "162.5"}, {"price": "0.09", "size": "81"}, {"price": "0.1", "size": "110"}, {"price": "0.15", "size": "15"}], "asks": [{"price": "0.99", "size": "479.95"}, {"price": "0.98", "size": "156.33"}, {"price": "0.97", "size": "205.83"}, {"price": "0.96", "size": "32.22"}], "event_type": "book", "last_trade_price": ""}, {"market": "0x7ec941676e04ff61705b879236026a197c3d729f9fb829660dd6a79345798a23", "asset_id": "102778230334965801559214900772367262390836301521733226635837472476641892097731", "timestamp": "1769383079936", "hash": "b7843cd193e47e2a60608f30be9fdec27782cedc", "bids": [{"price": "0.01", "size": "482.73"}, {"price": "0.02", "size": "159.99"}, {"price": "0.03", "size": "131.99"}, {"price": "0.05", "size": "12.73"}], "asks": [{"price": "0.99", "size": "460"}, {"price": "0.98", "size": "400"}], "event_type": "book", "last_trade_price": ""}, {"market": "0xa23eeee4d6e3db791613b118f08b67c40fd9591825c538a44722a180599675d9", "asset_id": "71056761480870284672107925530782202259782343381948383754169010992166441248550", "timestamp": "1769383638682", "hash": "75d1a29d75403a7ce60f32cb7ffbe76b707f3b0d", "bids": [{"price": "0.01", "size": "479.95"}, {"price": "0.02", "size": "156.33"}, {"price": "0.03", "size": "205.83"}, {"price": "0.04", "size": "32.22"}], "asks": [{"price": "0.99", "size": "82.24"}, {"price": "0.98", "size": "150"}, {"price": "0.97", "size": "25.92"}, {"price": "0.96", "size": "5.47"}, {"price": "0.92", "size": "162.5"}, {"price": "0.91", "size": "81"}, {"price": "0.9", "size": "110"}, {"price": "0.85", "size": "15"}], "event_type": "book", "last_trade_price": ""}, {"market": "0x17e2bb156ccbc182875eec7fceaf8393ef38769135ba405d6da0d153f13698bd", "asset_id": "89538061390818791510273494653492786241308800636886429390790610797333273013426", "timestamp": "1769382595335", "hash": "d23e6b7efb243db98f51a2f1c6457b47e52cf119", "bids": [{"price": "0.01", "size": "480.27"}, {"price": "0.02", "size": "160.16"}, {"price": "0.03", "size": "198.59"}, {"price": "0.05", "size": "13.39"}], "asks": [{"price": "0.99", "size": "460"}, {"price": "0.98", "size": "385"}], "event_type": "book", "last_trade_price": ""}, {"market": "0x8287905075db09c5bd4fa9860b7bcd12b6ad3a868521977c563002c18a11923b", "asset_id": "89295549361781140847005140962776736711910814467273609480490314622400426670808", "timestamp": "1769382483676", "hash": "c330c6f6e8fadb719f4def49908052b4a32b37ad", "bids": [{"price": "0.01", "size": "574.79"}, {"price": "0.02", "size": "163.72"}, {"price": "0.03", "size": "75"}, {"price": "0.04", "size": "6.21"}, {"price": "0.05", "size": "30"}, {"price": "0.06", "size": "10.95"}], "asks": [{"price": "0.99", "size": "582.04"}, {"price": "0.98", "size": "160.48"}, {"price": "0.97", "size": "206.65"}, {"price": "0.96", "size": "46.25"}], "event_type": "book", "last_trade_price": ""}, {"market": "0x17e2bb156ccbc182875eec7fceaf8393ef38769135ba405d6da0d153f13698bd", "asset_id": "40073389011954934950535160780280190526148542411846180190432789773978159298209", "timestamp": "1769382595335", "hash": "e783f4f9d8bf94b5966124d4bd5f626eeea2fe2f", "bids": [{"price": "0.01", "size": "460"}, {"price": "0.02", "size": "385"}], "asks": [{"price": "0.99", "size": "480.27"}, {"price": "0.98", "size": "160.16"}, {"price": "0.97", "size": "198.59"}, {"price": "0.95", "size": "13.39"}], "event_type": "book", "last_trade_price": ""}, {"market": "0x8287905075db09c5bd4fa9860b7bcd12b6ad3a868521977c563002c18a11923b", "asset_id": "111359991473675044563243614718122626779474854617143043018588804402561058696037", "timestamp": "1769382483676", "hash": "deafa12177bb709c9db67cc67ab5d11dffc2cd4b", "bids": [{"price": "0.01", "size": "582.04"}, {"price": "0.02", "size": "160.48"}, {"price": "0.03", "size": "206.65"}, {"price": "0.04", "size": "46.25"}], "asks": [{"price": "0.99", "size": "574.79"}, {"price": "0.98", "size": "163.72"}, {"price": "0.97", "size": "75"}, {"price": "0.96", "size": "6.21"}, {"price": "0.95", "size": "30"}, {"price": "0.94", "size": "10.95"}], "event_type": "book", "last_trade_price": ""}, {"market": "0xa7cb2241244c449d94e3088b48aa4692ff0c912dc9b4fdda1ad03bb0539f6cc2", "asset_id": "64134837917596991333672138385935409051962645386397293919399201381734801119883", "timestamp": "1769382484881", "hash": "2b4b04c682f39756124890e3086512a834e82717", "bids": [{"price": "0.01", "size": "460"}, {"price": "0.02", "size": "400"}], "asks": [{"price": "0.99", "size": "479.87"}, {"price": "0.98", "size": "156.69"}, {"price": "0.97", "size": "81.18"}, {"price": "0.95", "size": "15.11"}], "event_type": "book", "last_trade_price": ""}, {"market": "0x7ec941676e04ff61705b879236026a197c3d729f9fb829660dd6a79345798a23", "asset_id": "9606068516056427717611657236986200911698653892716133748795024709057756685272", "timestamp": "1769383079936", "hash": "10cec34219de63b4fb36949bb5dd4150d1411f91", "bids": [{"price": "0.01", "size": "460"}, {"price": "0.02", "size": "400"}], "asks": [{"price": "0.99", "size": "482.73"}, {"price": "0.98", "size": "159.99"}, {"price": "0.97", "size": "131.99"}, {"price": "0.95", "size": "12.73"}], "event_type": "book", "last_trade_price": ""}, {"market": "0xa7cb2241244c449d94e3088b48aa4692ff0c912dc9b4fdda1ad03bb0539f6cc2", "asset_id": "85055307847226963378528575052782345380417165433966432601357433329862351155136", "timestamp": "1769382484881", "hash": "a5f6668a766ccc67fd14efc4668ae7645910c274", "bids": [{"price": "0.01", "size": "479.87"}, {"price": "0.02", "size": "156.69"}, {"price": "0.03", "size": "81.18"}, {"price": "0.05", "size": "15.11"}], "asks": [{"price": "0.99", "size": "460"}, {"price": "0.98", "size": "400"}], "event_type": "book", "last_trade_price": ""}]}
