{"_local_timestamp": "2026-01-25T23:40:50.515258+00:00", "data": [{"market": "0xae07b6632985e519e109f6710a7c952faa6cd6a805d46ffeff0a7aa8ccc84e77", "asset_id": "9560257138714834324162647537684452454361995462107828768611362054858098938101", "timestamp": "1769383610602", "hash": "30692ae04624fb08e4bae59143210d34b91b9042", "bids": [{"price": "0.01", "size": "81.28"}, {"price": "0.02", "size": "150"}, {"price": "0.03", "size": "12.68"}, {"price": "0.05", "size": "30"}, {"price": "0.06", "size": "33"}, {"price": "0.07", "size": "8.74"}, {"price": "0.11", "size": "300"}, {"price": "0.12", "size": "200"}, {"price": "0.13", "size": "125"}, {"price": "0.14", "size": "75"}, {"price": "0.15", "size": "5.3"}, {"price": "0.18", "size": "158"}, {"price": "0.2", "size": "65"}, {"price": "0.22", "size": "50"}, {"price": "0.32", "size": "10"}], "asks": [{"price": "0.99", "size": "415"}, {"price": "0.98", "size": "475"}, {"price": "0.96", "size": "100"}, {"price": "0.94", "size": "47.52"}], "event_type": "book", "last_trade_price": ""}, {"market": "0x4a43d9bde05524cd8cb935645d46614d51c43ab71eb19b60f4f99aef88601cb3", "asset_id": "47325811772670097822283710236099603882465394855380915916960416676350564603358", "timestamp": "1769383608190", "hash": "dc937ff09594c4d6794c341658dd2e81214f8d90", "bids": [{"price": "0.01", "size": "1370"}, {"price": "0.02", "size": "850"}, {"price": "0.04", "size": "112"}, {"price": "0.06", "size": "47.52"}], "asks": [{"price": "0.99", "size": "976.32"}, {"price": "0.98", "size": "859.03"}, {"price": "0.97", "size": "16"}, {"price": "0.96", "size": "6.17"}, {"price": "0.95", "size": "20"}, {"price": "0.94", "size": "33"}, {"price": "0.93", "size": "8.51"}, {"price": "0.88", "size": "300"}, {"price": "0.86", "size": "200"}, {"price": "0.85", "size": "130.75"}, {"price": "0.84", "size": "75"}, {"price": "0.82", "size": "37"}, {"price": "0.75", "size": "52"}, {"price": "0.74", "size": "42.3"}, {"price": "0.71", "size": "10"}], "event_type": "book", "last_trade_price": ""}, {"market": "0x4a43d9bde05524cd8cb935645d46614d51c43ab71eb19b60f4f99aef88601cb3", "asset_id": "39399103111481761732022542368233789624440144524161511141422485338490857404835", "timestamp": "1769383608190", "hash": "54c21b6bc15ef0aad3f00bcb7753fc5cd28a5121", "bids": [{"price": "0.01", "size": "976.32"}, {"price": "0.02", "size": "859.03"}, {"price": "0.03", "size": "16"}, {"price": "0.04", "size": "6.17"}, {"price": "0.05", "size": "20"}, {"price": "0.06", "size": "33"}, {"price": "0.07", "size": "8.51"}, {"price": "0.12", "size": "300"}, {"price": "0.14", "size": "200"}, {"price": "0.15", "size": "130.75"}, {"price": "0.16", "size": "75"}, {"price": "0.18", "size": "37"}, {"price": "0.25", "size": "52"}, {"price": "0.26", "size": "42.3"}, {"price": "0.29", "size": "10"}], "asks": [{"price": "0.99", "size": "1370"}, {"price": "0.98", "size": "850"}, {"price": "0.96", "size": "112"}, {"price": "0.94", "size": "47.52"}], "event_type": "book", "last_trade_price": ""}, {"market": "0xae07b6632985e519e109f6710a7c952faa6cd6a805d46ffeff0a7aa8ccc84e77", "asset_id": "95812564218724247953850185569227218901257271226030571135126963266389591113796", "timestamp": "1769383610602", "hash": "e9aff89bd6cffb4100b387f1abe7d376f86d16d6", "bids": [{"price": "0.01", "size": "415"}, {"price": "0.02", "size": "475"}, {"price": "0.04", "size": "100"}, {"price": "0.06", "size": "47.52"}], "asks": [{"price": "0.99", "size": "81.28"}, {"price": "0.98", "size": "150"}, {"price": "0.97", "size": "12.68"}, {"price": "0.95", "size": "30"}, {"price": "0.94", "size": "33"}, {"price": "0.93", "size": "8.74"}, {"price": "0.89", "size": "300"}, {"price": "0.88", "size": "200"}, {"price": "0.87", "size": "125"}, {"price": "0.86", "size": "75"}, {"price": "0.85", "size": "5.3"}, {"price": "0.82", "size": "158"}, {"price": "0.8", "size": "65"}, {"price": "0.78", "size": "50"}, {"price": "0.68", "size": "10"}], "event_type": "book", "last_trade_price": ""}, {"market": "0x04c4846d9e6bee87f13d63afb108b266628b04002f16a71454b6be97e2a14658", "asset_id": "25448650147176707372746554084635942131242353334858106579547250914207284092630", "timestamp": "1769384248916", "hash": "ade0e88705d56fe3667b8c27eccda473d5a7170c", "bids": [{"price": "0.01", "size": "970"}, {"price": "0.02", "size": "150"}, {"price": "0.03", "size": "300"}, {"price": "0.04", "size": "337"}, {"price": "0.05", "size": "185"}, {"price": "0.06", "size": "33"}, {"price": "0.07", "size": "21.47"}, {"price": "0.11", "size": "118.18"}], "asks": [{"price": "0.99", "size": "979.28"}, {"price": "0.98", "size": "156.28"}, {"price": "0.97", "size": "17.22"}, {"price": "0.96", "size": "300"}, {"price": "0.95", "size": "355"}, {"price": "0.94", "size": "108"}, {"price": "0.93", "size": "7.65"}, {"price": "0.9", "size": "130"}, {"price": "0.89", "size": "165"}, {"price": "0.88", "size": "10.86"}, {"price": "0.79", "size": "10"}], "event_type": "book", "last_trade_price": ""}, {"market": "0x04c4846d9e6bee87f13d63afb108b266628b04002f16a71454b6be97e2a14658", "asset_id": "65662194739393678730914843924619048305401611449613543835291363872942318428186", "timestamp": "1769384248916", "hash": "bdfd2462dc38de4c9a57b5fcfa4b1bfaabf2cb01", "bids": [{"price": "0.01", "size": "979.28"}, {"price": "0.02", "size": "156.28"}, {"price": "0.03", "size": "17.22"}, {"price": "0.04", "size": "300"}, {"price": "0.05", "size": "355"}, {"price": "0.06", "size": "108"}, {"price": "0.07", "size": "7.65"}, {"price": "0.1", "size": "130"}, {"price": "0.11", "size": "165"}, {"price": "0.12", "size": "10.86"}, {"price": "0.21", "size": "10"}], "asks": [{"price": "0.99", "size": "970"}, {"price": "0.98", "size": "150"}, {"price": "0.97", "size": "300"}, {"price": "0.96", "size": "337"}, {"price": "0.95", "size": "185"}, {"price": "0.94", "size": "33"}, {"price": "0.93", "size": "21.47"}, {"price": "0.89", "size": "118.18"}], "event_type": "book", "last_trade_price": ""}]}
{"_local_timestamp": "2026-01-25T23:41:52.091247+00:00", "data": {"market": "0x04c4846d9e6bee87f13d63afb108b266628b04002f16a71454b6be97e2a14658", "price_changes": [{"asset_id": "65662194739393678730914843924619048305401611449613543835291363872942318428186", "price": "0.02", "size": "6.28", "side": "BUY", "hash": "338518c93850cdb8e09a7ac2281dfcabe67fb130", "best_bid": "0.21", "best_ask": "0.89"}, {"asset_id": "25448650147176707372746554084635942131242353334858106579547250914207284092630", "price": "0.98", "size": "6.28", "side": "SELL", "hash": "6a3126732528dcad1c29973ee5a17af33be61062", "best_bid": "0.11", "best_ask": "0.79"}], "timestamp": "1769384512000", "event_type": "price_change"}}
{"_local_timestamp": "2026-01-25T23:41:52.096109+00:00", "data": {"market": "0x04c4846d9e6bee87f13d63afb108b266628b04002f16a71454b6be97e2a14658", "price_changes": [{"asset_id": "25448650147176707372746554084635942131242353334858106579547250914207284092630", "price": "0.02", "size": "0", "side": "BUY", "hash": "ddb406c12b272c725f9590843c3e33f1d0056899", "best_bid": "0.11", "best_ask": "0.79"}, {"asset_id": "65662194739393678730914843924619048305401611449613543835291363872942318428186", "price": "0.98", "size": "0", "side": "SELL", "hash": "672e26f62b45767309eae1977d7c2790acd9bed8", "best_bid": "0.21", "best_ask": "0.89"}], "timestamp": "1769384512002", "event_type": "price_change"}}
{"_local_timestamp": "2026-01-25T23:41:58.140556+00:00", "data": {"market": "0x04c4846d9e6bee87f13d63afb108b266628b04002f16a71454b6be97e2a14658", "price_changes": [{"asset_id": "25448650147176707372746554084635942131242353334858106579547250914207284092630", "price": "0.02", "size": "150", "side": "BUY", "hash": "2c2c1ef6c21f96b72775d77605077e073f688c09", "best_bid": "0.11", "best_ask": "0.79"}, {"asset_id": "65662194739393678730914843924619048305401611449613543835291363872942318428186", "price": "0.98", "size": "150", "side": "SELL", "hash": "f7e21d417f3542aa6f02cd7e8a47fc657d61461c", "best_bid": "0.21", "best_ask": "0.89"}], "timestamp": "1769384518051", "event_type": "price_change"}}
{"_local_timestamp": "2026-01-25T23:41:58.154197+00:00", "data": {"market": "0x04c4846d9e6bee87f13d63afb108b266628b04002f16a71454b6be97e2a14658", "price_changes": [{"asset_id": "65662194739393678730914843924619048305401611449613543835291363872942318428186", "price": "0.02", "size": "156.28", "side": "BUY", "hash": "0e61dec5935cb0439410ee9f16812cd3a9db9ffc", "best_bid": "0.21", "best_ask": "0.89"}, {"asset_id": "25448650147176707372746554084635942131242353334858106579547250914207284092630", "price": "0.98", "size": "156.28", "side": "SELL", "hash": "4a8c92ca8c502bffba27128a29725008bc4649ad", "best_bid": "0.11", "best_ask": "0.79"}], "timestamp": "1769384518053", "event_type": "price_change"}}
{"_local_timestamp": "2026-01-25T23:43:08.104970+00:00", "data": {"market": "0xae07b6632985e519e109f6710a7c952faa6cd6a805d46ffeff0a7aa8ccc84e77", "price_changes": [{"asset_id": "95812564218724247953850185569227218901257271226030571135126963266389591113796", "price": "0.02", "size": "700", "side": "BUY", "hash": "7f17cb322ea5529ba1f408adf04d39c6923be7ec", "best_bid": "0.06", "best_ask": "0.68"}, {"asset_id": "9560257138714834324162647537684452454361995462107828768611362054858098938101", "price": "0.98", "size": "700", "side": "SELL", "hash": "f7853e297a04ed49d4af69113b14d4fc861e6c78", "best_bid": "0.32", "best_ask": "0.94"}], "timestamp": "1769384588001", "event_type": "price_change"}}
{"_local_timestamp": "2026-01-25T23:43:08.146220+00:00", "data": {"market": "0xae07b6632985e519e109f6710a7c952faa6cd6a805d46ffeff0a7aa8ccc84e77", "price_changes": [{"asset_id": "9560257138714834324162647537684452454361995462107828768611362054858098938101", "price": "0.02", "size": "0", "side": "BUY", "hash": "a3b5f7fb7d8b5d3c5eb944c41e5eb1ab1319da62", "best_bid": "0.32", "best_ask": "0.94"}, {"asset_id": "95812564218724247953850185569227218901257271226030571135126963266389591113796", "price": "0.98", "size": "0", "side": "SELL", "hash": "47efec6b2f0bbdcf6b0cdd4b6054485ec54751a1", "best_bid": "0.06", "best_ask": "0.68"}], "timestamp": "1769384588005", "event_type": "price_change"}}
{"_local_timestamp": "2026-01-25T23:43:13.633172+00:00", "data": {"market": "0xae07b6632985e519e109f6710a7c952faa6cd6a805d46ffeff0a7aa8ccc84e77", "price_changes": [{"asset_id": "9560257138714834324162647537684452454361995462107828768611362054858098938101", "price": "0.02", "size": "150", "side": "BUY", "hash": "950cce569f5afcaa0ff3ab23af1cd97fe221af56", "best_bid": "0.32", "best_ask": "0.94"}, {"asset_id": "95812564218724247953850185569227218901257271226030571135126963266389591113796", "price": "0.98", "size": "150", "side": "SELL", "hash": "e64e684909acd40590c5762ffa81f8cbe14e8da0", "best_bid": "0.06", "best_ask": "0.68"}], "timestamp": "1769384593501", "event_type": "price_change"}}
{"_local_timestamp": "2026-01-25T23:43:13.633571+00:00", "data": {"market": "0xae07b6632985e519e109f6710a7c952faa6cd6a805d46ffeff0a7aa8ccc84e77", "price_changes": [{"asset_id": "95812564218724247953850185569227218901257271226030571135126963266389591113796", "price": "0.02", "size": "850", "side": "BUY", "hash": "2f5429eac05bb32a07a28cfa7409ab0c0eb2a6cd", "best_bid": "0.06", "best_ask": "0.68"}, {"asset_id": "9560257138714834324162647537684452454361995462107828768611362054858098938101", "price": "0.98", "size": "850", "side": "SELL", "hash": "8e05ff3530362eaf1b348b22f1024876e299366d", "best_bid": "0.32", "best_ask": "0.94"}], "timestamp": "1769384593502", "event_type": "price_change"}}
