{"_local_timestamp": "2026-01-25T23:33:26.411805+00:00", "data": [{"market": "0x9fe2564b07061f0ae948ef446460b09e89bb48c779b80e0f9362997a94e28f77", "asset_id": "75711009743643064170387866095481777364297731290448789850352842100174219914992", "timestamp": "1769383650295", "hash": "f01689e2e07664c1f8e1401dc9ccfed62922b6ae", "bids": [{"price": "0.01", "size": "99.99"}, {"price": "0.02", "size": "9"}, {"price": "0.05", "size": "20"}, {"price": "0.06", "size": "16.66"}, {"price": "0.37", "size": "5"}, {"price": "0.7", "size": "200"}, {"price": "0.71", "size": "30.87"}, {"price": "0.72", "size": "5.47"}], "asks": [{"price": "0.99", "size": "36.89"}, {"price": "0.98", "size": "61"}, {"price": "0.97", "size": "8.59"}, {"price": "0.96", "size": "562.19"}], "event_type": "book", "last_trade_price": ""}, {"market": "0x88cb99f31d5c0bb4ff2c8d8b5273d8718396671b074f6ce0944a27319850e9f3", "asset_id": "52154627964633770054562062667725491535258828344725101096044671988519968251340", "timestamp": "1769381798429", "hash": "79fe35e1f9dff31265c1bf9b736d1def6994084d", "bids": [{"price": "0.01", "size": "28.04"}, {"price": "0.02", "size": "9"}, {"price": "0.05", "size": "20"}, {"price": "0.06", "size": "11.9"}, {"price": "0.11", "size": "10"}, {"price": "0.15", "size": "567.59"}], "asks": [{"price": "0.99", "size": "200"}, {"price": "0.98", "size": "9"}, {"price": "0.92", "size": "495.76"}], "event_type": "book", "last_trade_price": "0.160"}, {"market": "0xfd016ee60f632cd2690df35d55178044fd1f6797482fab8ef3973d1b71e1ca44", "asset_id": "51135793353089373989015927083925327048166403606940422090526284337055705011381", "timestamp": "1769383647522", "hash": "3a9e20ba91707d91adbdfe6f9f4e9bc6e515ee09", "bids": [{"price": "0.001", "size": "1011.09"}, {"price": "0.002", "size": "454.09"}, {"price": "0.01", "size": "8"}, {"price": "0.011", "size": "7.27"}, {"price": "0.1", "size": "10"}, {"price": "0.11", "size": "100"}, {"price": "0.111", "size": "9.01"}, {"price": "0.301", "size": "518.76"}, {"price": "0.302", "size": "5.47"}], "asks": [{"price": "0.999", "size": "147"}, {"price": "0.998", "size": "565.81"}], "event_type": "book", "last_trade_price": ""}, {"market": "0xfd016ee60f632cd2690df35d55178044fd1f6797482fab8ef3973d1b71e1ca44", "asset_id": "79259580758260647390411545117273794141509487408147108602864904971039043819728", "timestamp": "1769383647522", "hash": "e85735cc828484d0017d738989417ee96a1faf99", "bids": [{"price": "0.001", "size": "147"}, {"price": "0.002", "size": "565.81"}], "asks": [{"price": "0.999", "size": "1011.09"}, {"price": "0.998", "size": "454.09"}, {"price": "0.99", "size": "8"}, {"price": "0.989", "size": "7.27"}, {"price": "0.9", "size": "10"}, {"price": "0.89", "size": "100"}, {"price": "0.889", "size": "9.01"}, {"price": "0.699", "size": "518.76"}, {"price": "0.698", "size": "5.47"}], "event_type": "book", "last_trade_price": ""}, {"market": "0x88cb99f31d5c0bb4ff2c8d8b5273d8718396671b074f6ce0944a27319850e9f3", "asset_id": "47007509631619386996876772058317698147961715714069160708200883907362917025969", "timestamp": "1769381798429", "hash": "99b360423f547400f02b6630a6c305ad46c2bab8", "bids": [{"price": "0.01", "size": "200"}, {"price": "0.02", "size": "9"}, {"price": "0.08", "size": "495.76"}], "asks": [{"price": "0.99", "size": "28.04"}, {"price": "0.98", "size": "9"}, {"price": "0.95", "size": "20"}, {"price": "0.94", "size": "11.9"}, {"price": "0.89", "size": "10"}, {"price": "0.85", "size": "567.59"}], "event_type": "book", "last_trade_price": "0.160"}, {"market": "0x9fe2564b07061f0ae948ef446460b09e89bb48c779b80e0f9362997a94e28f77", "asset_id": "77936611569669645579811324259517988359035777954142289053049076050395572869434", "timestamp": "1769383650295", "hash": "37b6c3fcc0a81f8bc0e44356b896ff368833d7c1", "bids": [{"price": "0.01", "size": "36.89"}, {"price": "0.02", "size": "61"}, {"price": "0.03", "size": "8.59"}, {"price": "0.04", "size": "562.19"}], "asks": [{"price": "0.99", "size": "99.99"}, {"price": "0.98", "size": "9"}, {"price": "0.95", "size": "20"}, {"price": "0.94", "size": "16.66"}, {"price": "0.63", "size": "5"}, {"price": "0.3", "size": "200"}, {"price": "0.29", "size": "30.87"}, {"price": "0.28", "size": "5.47"}], "event_type": "book", "last_trade_price": ""}]}
