{"_local_timestamp": "2026-01-25T23:40:59.713432+00:00", "data": [{"market": "0x5c5ed72f4643151d7ae38e0124e531cbb81e44bd201cfe8324d25ed8644fb165", "asset_id": "101751224978913766471991027574119955890708579446180917837560958939504690874019", "timestamp": "1769384435741", "hash": "759daa3a563a910a8f6da318e74dfa50febfecfc", "bids": [{"price": "0.01", "size": "513.05"}, {"price": "0.02", "size": "160.49"}, {"price": "0.03", "size": "243.65"}, {"price": "0.04", "size": "15.28"}], "asks": [{"price": "0.99", "size": "515.87"}, {"price": "0.98", "size": "156.69"}, {"price": "0.97", "size": "81.18"}, {"price": "0.96", "size": "12.04"}, {"price": "0.95", "size": "5.47"}], "event_type": "book", "last_trade_price": ""}, {"market": "0xe07e780d87f77d690e3024a88392ce48c804eeaa9cc588dd6b298e1c2ba96f1e", "asset_id": "17738128979368233790175380187606341537445763001082846204398416416957143700138", "timestamp": "1769384435741", "hash": "c5bf7298b38cb4f9e619496256e81d0c3d62fade", "bids": [{"price": "0.01", "size": "508.08"}, {"price": "0.02", "size": "160.48"}, {"price": "0.03", "size": "210.65"}, {"price": "0.04", "size": "16.53"}], "asks": [{"price": "0.99", "size": "512.75"}, {"price": "0.98", "size": "158.94"}, {"price": "0.97", "size": "233"}, {"price": "0.96", "size": "7.03"}, {"price": "0.94", "size": "11.67"}], "event_type": "book", "last_trade_price": ""}, {"market": "0x377c6212b087f18c8dd18ddd53469057b9788b67297ba7934a6e17fcff8223d3", "asset_id": "23282443130220050616146668470194798602357387763360069160999043033819844273014", "timestamp": "1769382484880", "hash": "c32ba777036457a9fb5e01a92b0ed3f2b90209b9", "bids": [{"price": "0.01", "size": "516.82"}, {"price": "0.02", "size": "156.7"}, {"price": "0.03", "size": "184.93"}, {"price": "0.05", "size": "14.46"}], "asks": [{"price": "0.99", "size": "512.38"}, {"price": "0.98", "size": "305.17"}, {"price": "0.97", "size": "52.57"}], "event_type": "book", "last_trade_price": ""}, {"market": "0x9f27187addbc1efa1a934185746a1e73366f058a8114fd947eeebdeaa3d36fe9", "asset_id": "94522667219467554506851381813068766486083034063058164754749111907374379915712", "timestamp": "1769382722516", "hash": "1a0d6be5085a4ea506a3fca74376743561382a52", "bids": [{"price": "0.01", "size": "509.82"}, {"price": "0.02", "size": "158.95"}, {"price": "0.03", "size": "86.07"}, {"price": "0.04", "size": "500"}, {"price": "0.05", "size": "26.01"}], "asks": [{"price": "0.99", "size": "510.79"}, {"price": "0.98", "size": "157.03"}, {"price": "0.97", "size": "8.7"}, {"price": "0.95", "size": "9.01"}, {"price": "0.94", "size": "20"}, {"price": "0.93", "size": "291.18"}], "event_type": "book", "last_trade_price": ""}, {"market": "0x9f27187addbc1efa1a934185746a1e73366f058a8114fd947eeebdeaa3d36fe9", "asset_id": "20212343653090704986035307772360681296871220652595561437793016481596810352126", "timestamp": "1769382722516", "hash": "cd8653169a7e8aff6a38eee86c8d7e512a9cab48", "bids": [{"price": "0.01", "size": "510.79"}, {"price": "0.02", "size": "157.03"}, {"price": "0.03", "size": "8.7"}, {"price": "0.05", "size": "9.01"}, {"price": "0.06", "size": "20"}, {"price": "0.07", "size": "291.18"}], "asks": [{"price": "0.99", "size": "509.82"}, {"price": "0.98", "size": "158.95"}, {"price": "0.97", "size": "86.07"}, {"price": "0.96", "size": "500"}, {"price": "0.95", "size": "26.01"}], "event_type": "book", "last_trade_price": ""}, {"market": "0x377c6212b087f18c8dd18ddd53469057b9788b67297ba7934a6e17fcff8223d3", "asset_id": "31151440925095205942822773824923697105994769963627395737770344364872200156531", "timestamp": "1769382484880", "hash": "f863a6124eb26ae2c709d8f985f337a662bdb132", "bids": [{"price": "0.01", "size": "512.38"}, {"price": "0.02", "size": "305.17"}, {"price": "0.03", "size": "52.57"}], "asks": [{"price": "0.99", "size": "516.82"}, {"price": "0.98", "size": "156.7"}, {"price": "0.97", "size": "184.93"}, {"price": "0.95", "size": "14.46"}], "event_type": "book", "last_trade_price": ""}, {"market": "0x5c5ed72f4643151d7ae38e0124e531cbb81e44bd201cfe8324d25ed8644fb165", "asset_id": "38558492410357326615709170912928335734561065028222159538188940069779993608410", "timestamp": "1769384435741", "hash": "3266448fd58ae869630a1c0b955205931122de5e", "bids": [{"price": "0.01", "size": "515.87"}, {"price": "0.02", "size": "156.69"}, {"price": "0.03", "size": "81.18"}, {"price": "0.04", "size": "12.04"}, {"price": "0.05", "size": "5.47"}], "asks": [{"price": "0.99", "size": "513.05"}, {"price": "0.98", "size": "160.49"}, {"price": "0.97", "size": "243.65"}, {"price": "0.96", "size": "15.28"}], "event_type": "book", "last_trade_price": ""}, {"market": "0xd75d82787bf647af6eb401f79170ce3eb537bf108a26fb35678cbb61b6325dab", "asset_id": "48045397070105519893671399670895615527604034561501923758748156885231898414461", "timestamp": "1769382589264", "hash": "bddf4ee251907703d25e61c2553ab9156c48ed64", "bids": [{"price": "0.01", "size": "554.79"}, {"price": "0.02", "size": "157.04"}, {"price": "0.03", "size": "12.74"}, {"price": "0.04", "size": "37"}, {"price": "0.05", "size": "58"}, {"price": "0.06", "size": "355.41"}], "asks": [{"price": "0.99", "size": "559.79"}, {"price": "0.98", "size": "157.04"}, {"price": "0.97", "size": "12.74"}, {"price": "0.95", "size": "30"}, {"price": "0.94", "size": "73.48"}, {"price": "0.93", "size": "291.18"}], "event_type": "book", "last_trade_price": ""}, {"market": "0xd75d82787bf647af6eb401f79170ce3eb537bf108a26fb35678cbb61b6325dab", "asset_id": "48442663682518965375641477316025532243542889995806648394210404313415466637958", "timestamp": "1769382589264", "hash": "b454b11543e91ec78da5cf930bb59d64f1f1fe3f", "bids": [{"price": "0.01", "size": "559.79"}, {"price": "0.02", "size": "157.04"}, {"price": "0.03", "size": "12.74"}, {"price": "0.05", "size": "30"}, {"price": "0.06", "size": "73.48"}, {"price": "0.07", "size": "291.18"}], "asks": [{"price": "0.99", "size": "554.79"}, {"price": "0.98", "size": "157.04"}, {"price": "0.97", "size": "12.74"}, {"price": "0.96", "size": "37"}, {"price": "0.95", "size": "58"}, {"price": "0.94", "size": "355.41"}], "event_type": "book", "last_trade_price": ""}, {"market": "0xe07e780d87f77d690e3024a88392ce48c804eeaa9cc588dd6b298e1c2ba96f1e", "asset_id": "42530613994595726700987847057142170549981194449379894303133642413032281239120", "timestamp": "1769384435741", "hash": "34fff2ec73645c701a07b38dab5b429482e6dde2", "bids": [{"price": "0.01", "size": "512.75"}, {"price": "0.02", "size": "158.94"}, {"price": "0.03", "size": "233"}, {"price": "0.04", "size": "7.03"}, {"price": "0.06", "size": "11.67"}], "asks": [{"price": "0.99", "size": "508.08"}, {"price": "0.98", "size": "160.48"}, {"price": "0.97", "size": "210.65"}, {"price": "0.96", "size": "16.53"}], "event_type": "book", "last_trade_price": ""}]}
