{"_local_timestamp": "2026-01-25T23:41:07.767569+00:00", "data": [{"market": "0xf3301875c031d82122e5b4bb7263d64ecbec9a2a61e93be0b177d33c98dae1c4", "asset_id": "91474398084297476129696479877523997927852580987586003798212551880217980662646", "timestamp": "1769382484885", "hash": "3e6a846dea219a0f2090d571a04cd47b5dccb673", "bids": [{"price": "0.01", "size": "571.38"}, {"price": "0.02", "size": "160.17"}, {"price": "0.03", "size": "248.84"}, {"price": "0.04", "size": "14.91"}], "asks": [{"price": "0.99", "size": "550"}, {"price": "0.98", "size": "375"}], "event_type": "book", "last_trade_price": ""}, {"market": "0xf3301875c031d82122e5b4bb7263d64ecbec9a2a61e93be0b177d33c98dae1c4", "asset_id": "2157999957870625336355649730503372228381416235737176899238323759962744704126", "timestamp": "1769382484885", "hash": "89375fb9438312b84e7df6e4cf01e5d03a30acb6", "bids": [{"price": "0.01", "size": "550"}, {"price": "0.02", "size": "375"}], "asks": [{"price": "0.99", "size": "571.38"}, {"price": "0.98", "size": "160.17"}, {"price": "0.97", "size": "248.84"}, {"price": "0.96", "size": "14.91"}], "event_type": "book", "last_trade_price": ""}, {"market": "0x4a544d42e95a4d2364199ed43c4c953df5a5a190b254545cb05053cbf325201e", "asset_id": "81106052407329483558102772412933462402480206142626675017894097620266747287854", "timestamp": "1769384345974", "hash": "6da91605047adbf81aa07b4e87656edc7cd1408a", "bids": [{"price": "0.01", "size": "550"}, {"price": "0.02", "size": "375"}], "asks": [{"price": "0.99", "size": "566.74"}, {"price": "0.98", "size": "158.94"}, {"price": "0.97", "size": "197.86"}, {"price": "0.96", "size": "17.41"}], "event_type": "book", "last_trade_price": ""}, {"market": "0xf7e8fdea9665d18b85493d4f085090eafc9f069e264b8bf3556f18507a370352", "asset_id": "50312004130911243455890909617782418853333424520302903070688928921091494330548", "timestamp": "1769382483671", "hash": "75ebfa6cb9d66905fbf7209d50ff2164e241de46", "bids": [{"price": "0.01", "size": "664.79"}, {"price": "0.02", "size": "157.03"}, {"price": "0.03", "size": "83.7"}, {"price": "0.04", "size": "37"}, {"price": "0.05", "size": "9"}, {"price": "0.06", "size": "5.47"}], "asks": [{"price": "0.99", "size": "672.04"}, {"price": "0.98", "size": "160.48"}, {"price": "0.97", "size": "81.65"}, {"price": "0.96", "size": "68.94"}], "event_type": "book", "last_trade_price": ""}, {"market": "0x4a544d42e95a4d2364199ed43c4c953df5a5a190b254545cb05053cbf325201e", "asset_id": "103943229942429495623171273426928776776079672511679314108276820947516136501491", "timestamp": "1769384345974", "hash": "787aed50dc9f9ba463f1e63ff877ae63e4dd2271", "bids": [{"price": "0.01", "size": "566.74"}, {"price": "0.02", "size": "158.94"}, {"price": "0.03", "size": "197.86"}, {"price": "0.04", "size": "17.41"}], "asks": [{"price": "0.99", "size": "550"}, {"price": "0.98", "size": "375"}], "event_type": "book", "last_trade_price": ""}, {"market": "0xf7e8fdea9665d18b85493d4f085090eafc9f069e264b8bf3556f18507a370352", "asset_id": "95883903682930699635012357136243523881347993914445437389605168995114684845997", "timestamp": "1769382483671", "hash": "b1a441db3db5ec9f88a8c5365887065e0e8ee0c3", "bids": [{"price": "0.01", "size": "672.04"}, {"price": "0.02", "size": "160.48"}, {"price": "0.03", "size": "81.65"}, {"price": "0.04", "size": "68.94"}], "asks": [{"price": "0.99", "size": "664.79"}, {"price": "0.98", "size": "157.03"}, {"price": "0.97", "size": "83.7"}, {"price": "0.96", "size": "37"}, {"price": "0.95", "size": "9"}, {"price": "0.94", "size": "5.47"}], "event_type": "book", "last_trade_price": ""}, {"market": "0x5bb2bf10a947f37166919363664cd1e39dcad7d88f146a09489840e146deb76f", "asset_id": "82699270764752616219299661267492656989191300229645510606523104336587781706929", "timestamp": "1769382571296", "hash": "7ab056d6b5874e3c8725e4db34a05ab1f2387704", "bids": [{"price": "0.01", "size": "550"}, {"price": "0.02", "size": "375"}], "asks": [{"price": "0.99", "size": "568.34"}, {"price": "0.98", "size": "160.56"}, {"price": "0.97", "size": "80.42"}, {"price": "0.96", "size": "11.06"}, {"price": "0.95", "size": "5.47"}], "event_type": "book", "last_trade_price": ""}, {"market": "0x5bb2bf10a947f37166919363664cd1e39dcad7d88f146a09489840e146deb76f", "asset_id": "139247082394539462995028392831283106113236150140189361568724337388902496119", "timestamp": "1769382571296", "hash": "c66fcc2e6714d1321b88dc03016aea2dcd85aecd", "bids": [{"price": "0.01", "size": "568.34"}, {"price": "0.02", "size": "160.56"}, {"price": "0.03", "size": "80.42"}, {"price": "0.04", "size": "11.06"}, {"price": "0.05", "size": "5.47"}], "asks": [{"price": "0.99", "size": "550"}, {"price": "0.98", "size": "375"}], "event_type": "book", "last_trade_price": ""}, {"market": "0x2becdcb145dfca0b87c273fbdf26d5b53b23837744b233408aa454af7ba9fd0b", "asset_id": "56516045926370469676176301628648808270600223339893775046365179181390956148588", "timestamp": "1769384344790", "hash": "dd2f94fe260091599d7fe6f2b0104dfdd0005652", "bids": [{"price": "0.01", "size": "569.87"}, {"price": "0.02", "size": "156.69"}, {"price": "0.03", "size": "81.18"}, {"price": "0.04", "size": "12.05"}, {"price": "0.05", "size": "5.47"}], "asks": [{"price": "0.99", "size": "550"}, {"price": "0.98", "size": "375"}], "event_type": "book", "last_trade_price": ""}, {"market": "0x2becdcb145dfca0b87c273fbdf26d5b53b23837744b233408aa454af7ba9fd0b", "asset_id": "95681070814793017855276582274068387014646967119408144849414741528606962411732", "timestamp": "1769384344790", "hash": "6fbbb0aa48149e44e016cdc0a1a0d41db7fb4069", "bids": [{"price": "0.01", "size": "550"}, {"price": "0.02", "size": "375"}], "asks": [{"price": "0.99", "size": "569.87"}, {"price": "0.98", "size": "156.69"}, {"price": "0.97", "size": "81.18"}, {"price": "0.96", "size": "12.05"}, {"price": "0.95", "size": "5.47"}], "event_type": "book", "last_trade_price": ""}]}
