{"_local_timestamp": "2026-01-25T23:41:15.352565+00:00", "data": [{"market": "0x257a078eefa4cab8c328f7b3a1f6b245e187bdd2ade9a22a355167db174d8746", "asset_id": "100684753787391629373985011165373998500617318989612629622978849880977690723705", "timestamp": "1769384473849", "hash": "aa48b12f4db75cac40f97a2eebed145e90c2251c", "bids": [{"price": "0.01", "size": "63399.18"}, {"price": "0.02", "size": "5109.31"}, {"price": "0.03", "size": "17255.86"}, {"price": "0.04", "size": "59.18"}, {"price": "0.05", "size": "30"}, {"price": "0.06", "size": "9445.76"}, {"price": "0.07", "size": "1071"}, {"price": "0.08", "size": "31.02"}, {"price": "0.1", "size": "4770"}, {"price": "0.11", "size": "726"}, {"price": "0.12", "size": "7055.66"}, {"price": "0.16", "size": "12.5"}, {"price": "0.17", "size": "6.4"}, {"price": "0.21", "size": "150"}, {"price": "0.25", "size": "8.92"}, {"price": "0.26", "size": "100"}, {"price": "0.27", "size": "55.49"}, {"price": "0.3", "size": "50"}, {"price": "0.34", "size": "250"}, {"price": "0.37", "size": "100"}, {"price": "0.46", "size": "100"}, {"price": "0.5", "size": "2000"}, {"price": "0.51", "size": "25.49"}, {"price": "0.52", "size": "21.15"}, {"price": "0.56", "size": "1312.57"}, {"price": "0.57", "size": "839.1"}, {"price": "0.58", "size": "649.98"}, {"price": "0.59", "size": "616.45"}, {"price": "0.6", "size": "137.49"}, {"price": "0.61", "size": "200"}, {"price": "0.62", "size": "335.81"}, {"price": "0.63", "size": "1034.1"}, {"price": "0.64", "size": "166"}, {"price": "0.65", "size": "466.26"}], "asks": [{"price": "0.99", "size": "64398.06"}, {"price": "0.98", "size": "17400.23"}, {"price": "0.97", "size": "4007.05"}, {"price": "0.96", "size": "55.15"}, {"price": "0.95", "size": "36.16"}, {"price": "0.94", "size": "3000"}, {"price": "0.93", "size": "10.66"}, {"price": "0.92", "size": "25"}, {"price": "0.91", "size": "700"}, {"price": "0.9", "size": "277"}, {"price": "0.89", "size": "8.49"}, {"price": "0.87", "size": "900"}, {"price": "0.85", "size": "70"}, {"price": "0.84", "size": "12.5"}, {"price": "0.83", "size": "7.7"}, {"price": "0.75", "size": "81"}, {"price": "0.74", "size": "50"}, {"price": "0.73", "size": "10"}, {"price": "0.72", "size": "149.28"}, {"price": "0.71", "size": "100"}, {"price": "0.7", "size": "2355"}, {"price": "0.69", "size": "341.36"}], "event_type": "book", "last_trade_price": "0.310"}, {"market": "0x257a078eefa4cab8c328f7b3a1f6b245e187bdd2ade9a22a355167db174d8746", "asset_id": "90547437185543923202857127726984505409861164087031186610904109291462840058121", "timestamp": "1769384473849", "hash": "bf618ab83e269568406bc0c13c3b084343b8c9e4", "bids": [{"price": "0.01", "size": "64398.06"}, {"price": "0.02", "size": "17400.23"}, {"price": "0.03", "size": "4007.05"}, {"price": "0.04", "size": "55.15"}, {"price": "0.05", "size": "36.16"}, {"price": "0.06", "size": "3000"}, {"price": "0.07", "size": "10.66"}, {"price": "0.08", "size": "25"}, {"price": "0.09", "size": "700"}, {"price": "0.1", "size": "277"}, {"price": "0.11", "size": "8.49"}, {"price": "0.13", "size": "900"}, {"price": "0.15", "size": "70"}, {"price": "0.16", "size": "12.5"}, {"price": "0.17", "size": "7.7"}, {"price": "0.25", "size": "81"}, {"price": "0.26", "size": "50"}, {"price": "0.27", "size": "10"}, {"price": "0.28", "size": "149.28"}, {"price": "0.29", "size": "100"}, {"price": "0.3", "size": "2355"}, {"price": "0.31", "size": "341.36"}], "asks": [{"price": "0.99", "size": "63399.18"}, {"price": "0.98", "size": "5109.31"}, {"price": "0.97", "size": "17255.86"}, {"price": "0.96", "size": "59.18"}, {"price": "0.95", "size": "30"}, {"price": "0.94", "size": "9445.76"}, {"price": "0.93", "size": "1071"}, {"price": "0.92", "size": "31.02"}, {"price": "0.9", "size": "4770"}, {"price": "0.89", "size": "726"}, {"price": "0.88", "size": "7055.66"}, {"price": "0.84", "size": "12.5"}, {"price": "0.83", "size": "6.4"}, {"price": "0.79", "size": "150"}, {"price": "0.75", "size": "8.92"}, {"price": "0.74", "size": "100"}, {"price": "0.73", "size": "55.49"}, {"price": "0.7", "size": "50"}, {"price": "0.66", "size": "250"}, {"price": "0.63", "size": "100"}, {"price": "0.54", "size": "100"}, {"price": "0.5", "size": "2000"}, {"price": "0.49", "size": "25.49"}, {"price": "0.48", "size": "21.15"}, {"price": "0.44", "size": "1312.57"}, {"price": "0.43", "size": "839.1"}, {"price": "0.42", "size": "649.98"}, {"price": "0.41", "size": "616.45"}, {"price": "0.4", "size": "137.49"}, {"price": "0.39", "size": "200"}, {"price": "0.38", "size": "335.81"}, {"price": "0.37", "size": "1034.1"}, {"price": "0.36", "size": "166"}, {"price": "0.35", "size": "466.26"}], "event_type": "book", "last_trade_price": "0.310"}]}
{"_local_timestamp": "2026-01-25T23:41:35.866500+00:00", "data": {"market": "0x257a078eefa4cab8c328f7b3a1f6b245e187bdd2ade9a22a355167db174d8746", "price_changes": [{"asset_id": "90547437185543923202857127726984505409861164087031186610904109291462840058121", "price": "0.02", "size": "17357.52", "side": "BUY", "hash": "fdcdb05f0cd2a35ac803a36f5b4a596bbe7c8894", "best_bid": "0.31", "best_ask": "0.35"}, {"asset_id": "100684753787391629373985011165373998500617318989612629622978849880977690723705", "price": "0.98", "size": "17357.52", "side": "SELL", "hash": "051c63a9103b86d28df1f3d3830603c987d252d1", "best_bid": "0.65", "best_ask": "0.69"}], "timestamp": "1769384495712", "event_type": "price_change"}}
{"_local_timestamp": "2026-01-25T23:41:36.102669+00:00", "data": {"market": "0x257a078eefa4cab8c328f7b3a1f6b245e187bdd2ade9a22a355167db174d8746", "price_changes": [{"asset_id": "90547437185543923202857127726984505409861164087031186610904109291462840058121", "price": "0.02", "size": "17400.23", "side": "BUY", "hash": "20370c540fbe1a0fb35a3296a726a9f8a821c417", "best_bid": "0.31", "best_ask": "0.35"}, {"asset_id": "100684753787391629373985011165373998500617318989612629622978849880977690723705", "price": "0.98", "size": "17400.23", "side": "SELL", "hash": "6b7bebdbbd345bdaf9d4a60f12fa1b454e3cb49a", "best_bid": "0.65", "best_ask": "0.69"}], "timestamp": "1769384495945", "event_type": "price_change"}}
{"_local_timestamp": "2026-01-25T23:41:51.730997+00:00", "data": {"market": "0x257a078eefa4cab8c328f7b3a1f6b245e187bdd2ade9a22a355167db174d8746", "price_changes": [{"asset_id": "90547437185543923202857127726984505409861164087031186610904109291462840058121", "price": "0.02", "size": "17357.52", "side": "BUY", "hash": "a8c8dc98b1e4b6569ec31745b3f7a32f871109f4", "best_bid": "0.31", "best_ask": "0.35"}, {"asset_id": "100684753787391629373985011165373998500617318989612629622978849880977690723705", "price": "0.98", "size": "17357.52", "side": "SELL", "hash": "400912d2e67d8a8d0b86bfb5f1e998049288960f", "best_bid": "0.65", "best_ask": "0.69"}], "timestamp": "1769384511660", "event_type": "price_change"}}
{"_local_timestamp": "2026-01-25T23:41:52.118658+00:00", "data": {"market": "0x257a078eefa4cab8c328f7b3a1f6b245e187bdd2ade9a22a355167db174d8746", "price_changes": [{"asset_id": "90547437185543923202857127726984505409861164087031186610904109291462840058121", "price": "0.02", "size": "17400.23", "side": "BUY", "hash": "a4370a3cc3ce893231749e40ad3f46288f510c94", "best_bid": "0.31", "best_ask": "0.35"}, {"asset_id": "100684753787391629373985011165373998500617318989612629622978849880977690723705", "price": "0.98", "size": "17400.23", "side": "SELL", "hash": "c6abddfe4f0a3b542c24b757b6e5a7b68dd0800c", "best_bid": "0.65", "best_ask": "0.69"}], "timestamp": "1769384512045", "event_type": "price_change"}}
{"_local_timestamp": "2026-01-25T23:42:21.099880+00:00", "data": {"market": "0x257a078eefa4cab8c328f7b3a1f6b245e187bdd2ade9a22a355167db174d8746", "price_changes": [{"asset_id": "90547437185543923202857127726984505409861164087031186610904109291462840058121", "price": "0.02", "size": "17357.52", "side": "BUY", "hash": "3159dca8ebf034d209ce1edd18cb0cc5cf4e8d4b", "best_bid": "0.31", "best_ask": "0.35"}, {"asset_id": "100684753787391629373985011165373998500617318989612629622978849880977690723705", "price": "0.98", "size": "17357.52", "side": "SELL", "hash": "9c32fd2d095f5f2861dac31a3ee191f6a7255407", "best_bid": "0.65", "best_ask": "0.69"}], "timestamp": "1769384541027", "event_type": "price_change"}}
{"_local_timestamp": "2026-01-25T23:42:21.462922+00:00", "data": {"market": "0x257a078eefa4cab8c328f7b3a1f6b245e187bdd2ade9a22a355167db174d8746", "price_changes": [{"asset_id": "90547437185543923202857127726984505409861164087031186610904109291462840058121", "price": "0.02", "size": "17400.23", "side": "BUY", "hash": "618f27b8c5c099fac703076b2998999b3915ee34", "best_bid": "0.31", "best_ask": "0.35"}, {"asset_id": "100684753787391629373985011165373998500617318989612629622978849880977690723705", "price": "0.98", "size": "17400.23", "side": "SELL", "hash": "63713e96b5b88abac285306dff0fa0bb53aa8789", "best_bid": "0.65", "best_ask": "0.69"}], "timestamp": "1769384541383", "event_type": "price_change"}}
{"_local_timestamp": "2026-01-25T23:42:42.214167+00:00", "data": {"market": "0x257a078eefa4cab8c328f7b3a1f6b245e187bdd2ade9a22a355167db174d8746", "price_changes": [{"asset_id": "90547437185543923202857127726984505409861164087031186610904109291462840058121", "price": "0.02", "size": "17357.52", "side": "BUY", "hash": "c2ffabbdfc2ef494b17d7c4ab782f495fc7a8301", "best_bid": "0.31", "best_ask": "0.35"}, {"asset_id": "100684753787391629373985011165373998500617318989612629622978849880977690723705", "price": "0.98", "size": "17357.52", "side": "SELL", "hash": "59ddab5810972b95086935fe586c9300c8ecc154", "best_bid": "0.65", "best_ask": "0.69"}], "timestamp": "1769384562151", "event_type": "price_change"}}
{"_local_timestamp": "2026-01-25T23:42:42.503829+00:00", "data": {"market": "0x257a078eefa4cab8c328f7b3a1f6b245e187bdd2ade9a22a355167db174d8746", "price_changes": [{"asset_id": "90547437185543923202857127726984505409861164087031186610904109291462840058121", "price": "0.02", "size": "17400.23", "side": "BUY", "hash": "bccb083c946d804bd2b206d0d167ccca70165ae0", "best_bid": "0.31", "best_ask": "0.35"}, {"asset_id": "100684753787391629373985011165373998500617318989612629622978849880977690723705", "price": "0.98", "size": "17400.23", "side": "SELL", "hash": "2b8ec0482a2f74c344029f8a80c2c51ea2820158", "best_bid": "0.65", "best_ask": "0.69"}], "timestamp": "1769384562432", "event_type": "price_change"}}
{"_local_timestamp": "2026-01-25T23:42:45.474251+00:00", "data": {"market": "0x257a078eefa4cab8c328f7b3a1f6b245e187bdd2ade9a22a355167db174d8746", "price_changes": [{"asset_id": "100684753787391629373985011165373998500617318989612629622978849880977690723705", "price": "0.21", "size": "100", "side": "BUY", "hash": "c6995f243e55be0e3b5223c4b37ce214b68f498b", "best_bid": "0.65", "best_ask": "0.69"}, {"asset_id": "90547437185543923202857127726984505409861164087031186610904109291462840058121", "price": "0.79", "size": "100", "side": "SELL", "hash": "1916c2b3325f0d79599c649b0b2b1f9f50add212", "best_bid": "0.31", "best_ask": "0.35"}], "timestamp": "1769384565226", "event_type": "price_change"}}
{"_local_timestamp": "2026-01-25T23:42:45.805218+00:00", "data": {"market": "0x257a078eefa4cab8c328f7b3a1f6b245e187bdd2ade9a22a355167db174d8746", "price_changes": [{"asset_id": "100684753787391629373985011165373998500617318989612629622978849880977690723705", "price": "0.26", "size": "150", "side": "BUY", "hash": "224f114fa8e930e0f461aed4090757605e14bf39", "best_bid": "0.65", "best_ask": "0.69"}, {"asset_id": "90547437185543923202857127726984505409861164087031186610904109291462840058121", "price": "0.74", "size": "150", "side": "SELL", "hash": "d37c88d4edebf46a628f4c64b568fa4cf767b5ce", "best_bid": "0.31", "best_ask": "0.35"}], "timestamp": "1769384565606", "event_type": "price_change"}}
{"_local_timestamp": "2026-01-25T23:43:16.349756+00:00", "data": {"market": "0x257a078eefa4cab8c328f7b3a1f6b245e187bdd2ade9a22a355167db174d8746", "price_changes": [{"asset_id": "90547437185543923202857127726984505409861164087031186610904109291462840058121", "price": "0.02", "size": "17357.52", "side": "BUY", "hash": "7eebefcbb2296a18e998c81987482910a83b46b6", "best_bid": "0.31", "best_ask": "0.35"}, {"asset_id": "100684753787391629373985011165373998500617318989612629622978849880977690723705", "price": "0.98", "size": "17357.52", "side": "SELL", "hash": "bf37ffcf8cf7d2e0a61fe600137294979fabe669", "best_bid": "0.65", "best_ask": "0.69"}], "timestamp": "1769384596281", "event_type": "price_change"}}
{"_local_timestamp": "2026-01-25T23:43:16.840501+00:00", "data": {"market": "0x257a078eefa4cab8c328f7b3a1f6b245e187bdd2ade9a22a355167db174d8746", "price_changes": [{"asset_id": "90547437185543923202857127726984505409861164087031186610904109291462840058121", "price": "0.02", "size": "17400.23", "side": "BUY", "hash": "8d3ce0994746054354fecf9601fa93141c17ab4d", "best_bid": "0.31", "best_ask": "0.35"}, {"asset_id": "100684753787391629373985011165373998500617318989612629622978849880977690723705", "price": "0.98", "size": "17400.23", "side": "SELL", "hash": "6f67d0dd532130e511699895386767ee1820c8fc", "best_bid": "0.65", "best_ask": "0.69"}], "timestamp": "1769384596773", "event_type": "price_change"}}
