{"_local_timestamp": "2026-01-25T23:34:08.576671+00:00", "data": [{"market": "0x257a078eefa4cab8c328f7b3a1f6b245e187bdd2ade9a22a355167db174d8746", "asset_id": "100684753787391629373985011165373998500617318989612629622978849880977690723705", "timestamp": "1769384013554", "hash": "a6a67a9543e6a7e54da7374795c06b7957d51f85", "bids": [{"price": "0.01", "size": "63399.18"}, {"price": "0.02", "size": "5109.31"}, {"price": "0.03", "size": "17255.86"}, {"price": "0.04", "size": "59.18"}, {"price": "0.05", "size": "30"}, {"price": "0.06", "size": "9445.76"}, {"price": "0.07", "size": "1071"}, {"price": "0.08", "size": "31.02"}, {"price": "0.1", "size": "6870"}, {"price": "0.11", "size": "726"}, {"price": "0.12", "size": "5.66"}, {"price": "0.16", "size": "12.5"}, {"price": "0.17", "size": "6.4"}, {"price": "0.2", "size": "4800"}, {"price": "0.21", "size": "100"}, {"price": "0.25", "size": "8.92"}, {"price": "0.26", "size": "100"}, {"price": "0.27", "size": "55.49"}, {"price": "0.3", "size": "50"}, {"price": "0.34", "size": "250"}, {"price": "0.37", "size": "100"}, {"price": "0.46", "size": "100"}, {"price": "0.49", "size": "200"}, {"price": "0.5", "size": "2000"}, {"price": "0.51", "size": "25.49"}, {"price": "0.52", "size": "21.15"}, {"price": "0.56", "size": "1312.57"}, {"price": "0.57", "size": "839.1"}, {"price": "0.58", "size": "649.98"}, {"price": "0.59", "size": "616.45"}, {"price": "0.6", "size": "137.49"}, {"price": "0.61", "size": "200"}, {"price": "0.62", "size": "335.81"}, {"price": "0.63", "size": "1034.1"}, {"price": "0.64", "size": "166"}, {"price": "0.65", "size": "471.98"}], "asks": [{"price": "0.99", "size": "64398.06"}, {"price": "0.98", "size": "17400.23"}, {"price": "0.97", "size": "4007.05"}, {"price": "0.96", "size": "55.15"}, {"price": "0.95", "size": "36.16"}, {"price": "0.94", "size": "3000"}, {"price": "0.93", "size": "10.66"}, {"price": "0.92", "size": "25"}, {"price": "0.91", "size": "700"}, {"price": "0.9", "size": "277"}, {"price": "0.89", "size": "8.49"}, {"price": "0.87", "size": "900"}, {"price": "0.85", "size": "70"}, {"price": "0.84", "size": "12.5"}, {"price": "0.83", "size": "7.7"}, {"price": "0.75", "size": "81"}, {"price": "0.74", "size": "50"}, {"price": "0.73", "size": "10"}, {"price": "0.72", "size": "149.28"}, {"price": "0.71", "size": "100"}, {"price": "0.7", "size": "2355"}, {"price": "0.69", "size": "347.06"}], "event_type": "book", "last_trade_price": "0.310"}, {"market": "0x257a078eefa4cab8c328f7b3a1f6b245e187bdd2ade9a22a355167db174d8746", "asset_id": "90547437185543923202857127726984505409861164087031186610904109291462840058121", "timestamp": "1769384013554", "hash": "508de9b99faf8314b8844d66827f1f72ba6d0ab2", "bids": [{"price": "0.01", "size": "64398.06"}, {"price": "0.02", "size": "17400.23"}, {"price": "0.03", "size": "4007.05"}, {"price": "0.04", "size": "55.15"}, {"price": "0.05", "size": "36.16"}, {"price": "0.06", "size": "3000"}, {"price": "0.07", "size": "10.66"}, {"price": "0.08", "size": "25"}, {"price": "0.09", "size": "700"}, {"price": "0.1", "size": "277"}, {"price": "0.11", "size": "8.49"}, {"price": "0.13", "size": "900"}, {"price": "0.15", "size": "70"}, {"price": "0.16", "size": "12.5"}, {"price": "0.17", "size": "7.7"}, {"price": "0.25", "size": "81"}, {"price": "0.26", "size": "50"}, {"price": "0.27", "size": "10"}, {"price": "0.28", "size": "149.28"}, {"price": "0.29", "size": "100"}, {"price": "0.3", "size": "2355"}, {"price": "0.31", "size": "347.06"}], "asks": [{"price": "0.99", "size": "63399.18"}, {"price": "0.98", "size": "5109.31"}, {"price": "0.97", "size": "17255.86"}, {"price": "0.96", "size": "59.18"}, {"price": "0.95", "size": "30"}, {"price": "0.94", "size": "9445.76"}, {"price": "0.93", "size": "1071"}, {"price": "0.92", "size": "31.02"}, {"price": "0.9", "size": "6870"}, {"price": "0.89", "size": "726"}, {"price": "0.88", "size": "5.66"}, {"price": "0.84", "size": "12.5"}, {"price": "0.83", "size": "6.4"}, {"price": "0.8", "size": "4800"}, {"price": "0.79", "size": "100"}, {"price": "0.75", "size": "8.92"}, {"price": "0.74", "size": "100"}, {"price": "0.73", "size": "55.49"}, {"price": "0.7", "size": "50"}, {"price": "0.66", "size": "250"}, {"price": "0.63", "size": "100"}, {"price": "0.54", "size": "100"}, {"price": "0.51", "size": "200"}, {"price": "0.5", "size": "2000"}, {"price": "0.49", "size": "25.49"}, {"price": "0.48", "size": "21.15"}, {"price": "0.44", "size": "1312.57"}, {"price": "0.43", "size": "839.1"}, {"price": "0.42", "size": "649.98"}, {"price": "0.41", "size": "616.45"}, {"price": "0.4", "size": "137.49"}, {"price": "0.39", "size": "200"}, {"price": "0.38", "size": "335.81"}, {"price": "0.37", "size": "1034.1"}, {"price": "0.36", "size": "166"}, {"price": "0.35", "size": "471.98"}], "event_type": "book", "last_trade_price": "0.310"}]}
{"_local_timestamp": "2026-01-25T23:34:19.905547+00:00", "data": {"market": "0x257a078eefa4cab8c328f7b3a1f6b245e187bdd2ade9a22a355167db174d8746", "price_changes": [{"asset_id": "100684753787391629373985011165373998500617318989612629622978849880977690723705", "price": "0.2", "size": "2700", "side": "BUY", "hash": "6cf69fa22c89bbefda7fe9b39692acbd74623b85", "best_bid": "0.65", "best_ask": "0.69"}, {"asset_id": "90547437185543923202857127726984505409861164087031186610904109291462840058121", "price": "0.8", "size": "2700", "side": "SELL", "hash": "a756e6159c38341812e5572d2fb20269fa3e87a7", "best_bid": "0.31", "best_ask": "0.35"}], "timestamp": "1769384059764", "event_type": "price_change"}}
{"_local_timestamp": "2026-01-25T23:34:22.061082+00:00", "data": {"market": "0x257a078eefa4cab8c328f7b3a1f6b245e187bdd2ade9a22a355167db174d8746", "price_changes": [{"asset_id": "100684753787391629373985011165373998500617318989612629622978849880977690723705", "price": "0.12", "size": "3505.66", "side": "BUY", "hash": "703f200a3b769e824f13012d412442123bbfac22", "best_bid": "0.65", "best_ask": "0.69"}, {"asset_id": "90547437185543923202857127726984505409861164087031186610904109291462840058121", "price": "0.88", "size": "3505.66", "side": "SELL", "hash": "15e71b31c4aa05d25705c80ba61d8daa786b4455", "best_bid": "0.31", "best_ask": "0.35"}], "timestamp": "1769384061994", "event_type": "price_change"}}
{"_local_timestamp": "2026-01-25T23:34:34.860147+00:00", "data": {"market": "0x257a078eefa4cab8c328f7b3a1f6b245e187bdd2ade9a22a355167db174d8746", "price_changes": [{"asset_id": "100684753787391629373985011165373998500617318989612629622978849880977690723705", "price": "0.1", "size": "6170", "side": "BUY", "hash": "a070fa21bc3aed9183e517b38cb8b9f09eea4c03", "best_bid": "0.65", "best_ask": "0.69"}, {"asset_id": "90547437185543923202857127726984505409861164087031186610904109291462840058121", "price": "0.9", "size": "6170", "side": "SELL", "hash": "a73002e1d9ca97495ea2885a12bf3bbd2fb5a73d", "best_bid": "0.31", "best_ask": "0.35"}], "timestamp": "1769384074778", "event_type": "price_change"}}
{"_local_timestamp": "2026-01-25T23:34:43.345508+00:00", "data": {"market": "0x257a078eefa4cab8c328f7b3a1f6b245e187bdd2ade9a22a355167db174d8746", "price_changes": [{"asset_id": "90547437185543923202857127726984505409861164087031186610904109291462840058121", "price": "0.02", "size": "17357.52", "side": "BUY", "hash": "14adc150018c43bd85aa9b2e57d8cb465141a0ae", "best_bid": "0.31", "best_ask": "0.35"}, {"asset_id": "100684753787391629373985011165373998500617318989612629622978849880977690723705", "price": "0.98", "size": "17357.52", "side": "SELL", "hash": "82446797553ca0c4856195cfc88098c471f7ced5", "best_bid": "0.65", "best_ask": "0.69"}], "timestamp": "1769384083276", "event_type": "price_change"}}
{"_local_timestamp": "2026-01-25T23:34:43.646245+00:00", "data": {"market": "0x257a078eefa4cab8c328f7b3a1f6b245e187bdd2ade9a22a355167db174d8746", "price_changes": [{"asset_id": "90547437185543923202857127726984505409861164087031186610904109291462840058121", "price": "0.02", "size": "17400.23", "side": "BUY", "hash": "1e5a9c54a01ece6e87ebe76925004588af5d8dbf", "best_bid": "0.31", "best_ask": "0.35"}, {"asset_id": "100684753787391629373985011165373998500617318989612629622978849880977690723705", "price": "0.98", "size": "17400.23", "side": "SELL", "hash": "84b2529df2e4aa122b3babff60b0d55b808ef739", "best_bid": "0.65", "best_ask": "0.69"}], "timestamp": "1769384083551", "event_type": "price_change"}}
{"_local_timestamp": "2026-01-25T23:35:58.190409+00:00", "data": {"market": "0x257a078eefa4cab8c328f7b3a1f6b245e187bdd2ade9a22a355167db174d8746", "price_changes": [{"asset_id": "100684753787391629373985011165373998500617318989612629622978849880977690723705", "price": "0.12", "size": "5.66", "side": "BUY", "hash": "023c85c7f50875f9f8f9eab2517469a7f577fb70", "best_bid": "0.65", "best_ask": "0.69"}, {"asset_id": "90547437185543923202857127726984505409861164087031186610904109291462840058121", "price": "0.88", "size": "5.66", "side": "SELL", "hash": "275d1ead52ea200471477a8721a285a2a649e8d5", "best_bid": "0.31", "best_ask": "0.35"}], "timestamp": "1769384158080", "event_type": "price_change"}}
{"_local_timestamp": "2026-01-25T23:36:03.414127+00:00", "data": {"market": "0x257a078eefa4cab8c328f7b3a1f6b245e187bdd2ade9a22a355167db174d8746", "price_changes": [{"asset_id": "100684753787391629373985011165373998500617318989612629622978849880977690723705", "price": "0.21", "size": "2098", "side": "BUY", "hash": "2626e2e284e3a7612148e72f47d8192c3775e1ec", "best_bid": "0.65", "best_ask": "0.69"}, {"asset_id": "90547437185543923202857127726984505409861164087031186610904109291462840058121", "price": "0.79", "size": "2098", "side": "SELL", "hash": "411641c3ccdbf4af7bde7870a897c40c1536353d", "best_bid": "0.31", "best_ask": "0.35"}], "timestamp": "1769384163345", "event_type": "price_change"}}
{"_local_timestamp": "2026-01-25T23:36:12.977029+00:00", "data": {"market": "0x257a078eefa4cab8c328f7b3a1f6b245e187bdd2ade9a22a355167db174d8746", "price_changes": [{"asset_id": "100684753787391629373985011165373998500617318989612629622978849880977690723705", "price": "0.21", "size": "2598", "side": "BUY", "hash": "98614ff411b2e95f56bcdbd52983b0d43639880d", "best_bid": "0.65", "best_ask": "0.69"}, {"asset_id": "90547437185543923202857127726984505409861164087031186610904109291462840058121", "price": "0.79", "size": "2598", "side": "SELL", "hash": "aaf4287993651b9643c3b2b908f090caae4d4f03", "best_bid": "0.31", "best_ask": "0.35"}], "timestamp": "1769384172908", "event_type": "price_change"}}
{"_local_timestamp": "2026-01-25T23:36:19.708084+00:00", "data": {"market": "0x257a078eefa4cab8c328f7b3a1f6b245e187bdd2ade9a22a355167db174d8746", "price_changes": [{"asset_id": "100684753787391629373985011165373998500617318989612629622978849880977690723705", "price": "0.2", "size": "2300", "side": "BUY", "hash": "693a0f2e1bbac7e145f4bbe19278f4c7d974f3dc", "best_bid": "0.65", "best_ask": "0.69"}, {"asset_id": "90547437185543923202857127726984505409861164087031186610904109291462840058121", "price": "0.8", "size": "2300", "side": "SELL", "hash": "75e8154b39188e522c576674e764c81caf37f870", "best_bid": "0.31", "best_ask": "0.35"}], "timestamp": "1769384179638", "event_type": "price_change"}}
{"_local_timestamp": "2026-01-25T23:36:19.994188+00:00", "data": {"market": "0x257a078eefa4cab8c328f7b3a1f6b245e187bdd2ade9a22a355167db174d8746", "price_changes": [{"asset_id": "100684753787391629373985011165373998500617318989612629622978849880977690723705", "price": "0.21", "size": "2698", "side": "BUY", "hash": "84b065f649143368fe320978930a58bdb6cf5e50", "best_bid": "0.65", "best_ask": "0.69"}, {"asset_id": "90547437185543923202857127726984505409861164087031186610904109291462840058121", "price": "0.79", "size": "2698", "side": "SELL", "hash": "801ca39e74b1fcd6c405ac23a37a724817383b67", "best_bid": "0.31", "best_ask": "0.35"}], "timestamp": "1769384179930", "event_type": "price_change"}}
{"_local_timestamp": "2026-01-25T23:36:19.998423+00:00", "data": {"market": "0x257a078eefa4cab8c328f7b3a1f6b245e187bdd2ade9a22a355167db174d8746", "price_changes": [{"asset_id": "100684753787391629373985011165373998500617318989612629622978849880977690723705", "price": "0.1", "size": "6870", "side": "BUY", "hash": "68bc429bd4af473fab9f9bba4a6a18db3a77dddf", "best_bid": "0.65", "best_ask": "0.69"}, {"asset_id": "90547437185543923202857127726984505409861164087031186610904109291462840058121", "price": "0.9", "size": "6870", "side": "SELL", "hash": "c9cb10a5d4e02a14b0fe8bb24339b508c11fc476", "best_bid": "0.31", "best_ask": "0.35"}], "timestamp": "1769384179931", "event_type": "price_change"}}
{"_local_timestamp": "2026-01-25T23:36:29.709947+00:00", "data": {"market": "0x257a078eefa4cab8c328f7b3a1f6b245e187bdd2ade9a22a355167db174d8746", "price_changes": [{"asset_id": "100684753787391629373985011165373998500617318989612629622978849880977690723705", "price": "0.21", "size": "3698", "side": "BUY", "hash": "c184a0849a99f8a0aa3da1d8510211642c8bc498", "best_bid": "0.65", "best_ask": "0.69"}, {"asset_id": "90547437185543923202857127726984505409861164087031186610904109291462840058121", "price": "0.79", "size": "3698", "side": "SELL", "hash": "802ebfefa8ede1a610296622dba13808aa7b0c39", "best_bid": "0.31", "best_ask": "0.35"}], "timestamp": "1769384189634", "event_type": "price_change"}}
{"_local_timestamp": "2026-01-25T23:36:44.857108+00:00", "data": {"market": "0x257a078eefa4cab8c328f7b3a1f6b245e187bdd2ade9a22a355167db174d8746", "price_changes": [{"asset_id": "100684753787391629373985011165373998500617318989612629622978849880977690723705", "price": "0.2", "size": "800", "side": "BUY", "hash": "6348ac1beb18a2ef517bef125a0c2934656a618f", "best_bid": "0.65", "best_ask": "0.69"}, {"asset_id": "90547437185543923202857127726984505409861164087031186610904109291462840058121", "price": "0.8", "size": "800", "side": "SELL", "hash": "e3d23759f7fc22994535242019009a689c03a319", "best_bid": "0.31", "best_ask": "0.35"}], "timestamp": "1769384204795", "event_type": "price_change"}}
{"_local_timestamp": "2026-01-25T23:36:45.090131+00:00", "data": {"market": "0x257a078eefa4cab8c328f7b3a1f6b245e187bdd2ade9a22a355167db174d8746", "price_changes": [{"asset_id": "100684753787391629373985011165373998500617318989612629622978849880977690723705", "price": "0.11", "size": "2226", "side": "BUY", "hash": "8450428f31642e83e2ed1081658df8a8d057ee57", "best_bid": "0.65", "best_ask": "0.69"}, {"asset_id": "90547437185543923202857127726984505409861164087031186610904109291462840058121", "price": "0.89", "size": "2226", "side": "SELL", "hash": "5c1d1f1d8d6c58c4a1b00585d5c914e57a69f5e8", "best_bid": "0.31", "best_ask": "0.35"}], "timestamp": "1769384205015", "event_type": "price_change"}}
{"_local_timestamp": "2026-01-25T23:36:56.422191+00:00", "data": {"market": "0x257a078eefa4cab8c328f7b3a1f6b245e187bdd2ade9a22a355167db174d8746", "price_changes": [{"asset_id": "90547437185543923202857127726984505409861164087031186610904109291462840058121", "price": "0.02", "size": "17357.52", "side": "BUY", "hash": "cfa9ef118d9df73a7db78a3164b54c4bc1438384", "best_bid": "0.31", "best_ask": "0.35"}, {"asset_id": "100684753787391629373985011165373998500617318989612629622978849880977690723705", "price": "0.98", "size": "17357.52", "side": "SELL", "hash": "722fd0bdde2805c0ceca3d64f8ec5f66590c7e42", "best_bid": "0.65", "best_ask": "0.69"}], "timestamp": "1769384216144", "event_type": "price_change"}}
{"_local_timestamp": "2026-01-25T23:36:58.921701+00:00", "data": {"market": "0x257a078eefa4cab8c328f7b3a1f6b245e187bdd2ade9a22a355167db174d8746", "price_changes": [{"asset_id": "90547437185543923202857127726984505409861164087031186610904109291462840058121", "price": "0.02", "size": "17400.23", "side": "BUY", "hash": "4cd036d1eaaac4776de219563206524d6a1fc11c", "best_bid": "0.31", "best_ask": "0.35"}, {"asset_id": "100684753787391629373985011165373998500617318989612629622978849880977690723705", "price": "0.98", "size": "17400.23", "side": "SELL", "hash": "8d9cdb516520725e62b49b73a2946b817baf5391", "best_bid": "0.65", "best_ask": "0.69"}], "timestamp": "1769384218688", "event_type": "price_change"}}
{"_local_timestamp": "2026-01-25T23:36:59.638387+00:00", "data": {"market": "0x257a078eefa4cab8c328f7b3a1f6b245e187bdd2ade9a22a355167db174d8746", "price_changes": [{"asset_id": "100684753787391629373985011165373998500617318989612629622978849880977690723705", "price": "0.2", "size": "50", "side": "BUY", "hash": "6fa09eb1f2fc730b497b6bea44b0ddf9cf0c066b", "best_bid": "0.65", "best_ask": "0.69"}, {"asset_id": "90547437185543923202857127726984505409861164087031186610904109291462840058121", "price": "0.8", "size": "50", "side": "SELL", "hash": "6a6faf128d452c982c523b0f6f922ce7e10f5401", "best_bid": "0.31", "best_ask": "0.35"}], "timestamp": "1769384219570", "event_type": "price_change"}}
{"_local_timestamp": "2026-01-25T23:36:59.864359+00:00", "data": {"market": "0x257a078eefa4cab8c328f7b3a1f6b245e187bdd2ade9a22a355167db174d8746", "price_changes": [{"asset_id": "100684753787391629373985011165373998500617318989612629622978849880977690723705", "price": "0.11", "size": "2976", "side": "BUY", "hash": "c7b9b9b70befae8e41b5a1dacb5fa46cb0309313", "best_bid": "0.65", "best_ask": "0.69"}, {"asset_id": "90547437185543923202857127726984505409861164087031186610904109291462840058121", "price": "0.89", "size": "2976", "side": "SELL", "hash": "a8c8a4dad96e8d434516896c678165befb0f78a6", "best_bid": "0.31", "best_ask": "0.35"}], "timestamp": "1769384219801", "event_type": "price_change"}}
{"_local_timestamp": "2026-01-25T23:37:05.120720+00:00", "data": {"market": "0x257a078eefa4cab8c328f7b3a1f6b245e187bdd2ade9a22a355167db174d8746", "price_changes": [{"asset_id": "100684753787391629373985011165373998500617318989612629622978849880977690723705", "price": "0.1", "size": "6170", "side": "BUY", "hash": "01ce24c8c1002c449f7ddc2c76c6cee3ba457944", "best_bid": "0.65", "best_ask": "0.69"}, {"asset_id": "90547437185543923202857127726984505409861164087031186610904109291462840058121", "price": "0.9", "size": "6170", "side": "SELL", "hash": "d1811ca86d6beee65d019ac6c41f3c4f93c34c77", "best_bid": "0.31", "best_ask": "0.35"}], "timestamp": "1769384225029", "event_type": "price_change"}}
{"_local_timestamp": "2026-01-25T23:37:05.355910+00:00", "data": {"market": "0x257a078eefa4cab8c328f7b3a1f6b245e187bdd2ade9a22a355167db174d8746", "price_changes": [{"asset_id": "100684753787391629373985011165373998500617318989612629622978849880977690723705", "price": "0.11", "size": "3376", "side": "BUY", "hash": "2b0e2a39760e6d36ab1657390cdbaf357a6e3f2a", "best_bid": "0.65", "best_ask": "0.69"}, {"asset_id": "90547437185543923202857127726984505409861164087031186610904109291462840058121", "price": "0.89", "size": "3376", "side": "SELL", "hash": "7bc34ede5af276dde0eb603ecde3c73e8a348afd", "best_bid": "0.31", "best_ask": "0.35"}], "timestamp": "1769384225292", "event_type": "price_change"}}
{"_local_timestamp": "2026-01-25T23:37:15.000950+00:00", "data": {"market": "0x257a078eefa4cab8c328f7b3a1f6b245e187bdd2ade9a22a355167db174d8746", "price_changes": [{"asset_id": "100684753787391629373985011165373998500617318989612629622978849880977690723705", "price": "0.1", "size": "5470", "side": "BUY", "hash": "c83f582869d7b9fe09fc4059f415bd88641a27f3", "best_bid": "0.65", "best_ask": "0.69"}, {"asset_id": "90547437185543923202857127726984505409861164087031186610904109291462840058121", "price": "0.9", "size": "5470", "side": "SELL", "hash": "308996ff8054644bea3b2a827741e68972c587b3", "best_bid": "0.31", "best_ask": "0.35"}], "timestamp": "1769384234933", "event_type": "price_change"}}
{"_local_timestamp": "2026-01-25T23:37:15.326567+00:00", "data": {"market": "0x257a078eefa4cab8c328f7b3a1f6b245e187bdd2ade9a22a355167db174d8746", "price_changes": [{"asset_id": "100684753787391629373985011165373998500617318989612629622978849880977690723705", "price": "0.11", "size": "3876", "side": "BUY", "hash": "c358e2ddfc450fefcb2ecd33eb26c3da45b76a79", "best_bid": "0.65", "best_ask": "0.69"}, {"asset_id": "90547437185543923202857127726984505409861164087031186610904109291462840058121", "price": "0.89", "size": "3876", "side": "SELL", "hash": "c146f8d1bce5771929f8e6b5e16e07c091e3a45c", "best_bid": "0.31", "best_ask": "0.35"}], "timestamp": "1769384235235", "event_type": "price_change"}}
{"_local_timestamp": "2026-01-25T23:37:28.185865+00:00", "data": {"market": "0x257a078eefa4cab8c328f7b3a1f6b245e187bdd2ade9a22a355167db174d8746", "price_changes": [{"asset_id": "100684753787391629373985011165373998500617318989612629622978849880977690723705", "price": "0.1", "size": "4770", "side": "BUY", "hash": "bbf9b6abdf892bdb5923ca3bff372cf308a1c17d", "best_bid": "0.65", "best_ask": "0.69"}, {"asset_id": "90547437185543923202857127726984505409861164087031186610904109291462840058121", "price": "0.9", "size": "4770", "side": "SELL", "hash": "45281cabfb4285c5854770bc5bd6203dea257a12", "best_bid": "0.31", "best_ask": "0.35"}], "timestamp": "1769384248104", "event_type": "price_change"}}
{"_local_timestamp": "2026-01-25T23:37:28.464444+00:00", "data": {"market": "0x257a078eefa4cab8c328f7b3a1f6b245e187bdd2ade9a22a355167db174d8746", "price_changes": [{"asset_id": "100684753787391629373985011165373998500617318989612629622978849880977690723705", "price": "0.11", "size": "4276", "side": "BUY", "hash": "4bf167214529388f6b091826e73e8958a23e6c8f", "best_bid": "0.65", "best_ask": "0.69"}, {"asset_id": "90547437185543923202857127726984505409861164087031186610904109291462840058121", "price": "0.89", "size": "4276", "side": "SELL", "hash": "ee161e4c4a857b471df9f189f27dc913ccdbad73", "best_bid": "0.31", "best_ask": "0.35"}], "timestamp": "1769384248394", "event_type": "price_change"}}
{"_local_timestamp": "2026-01-25T23:37:28.943269+00:00", "data": {"market": "0x257a078eefa4cab8c328f7b3a1f6b245e187bdd2ade9a22a355167db174d8746", "price_changes": [{"asset_id": "90547437185543923202857127726984505409861164087031186610904109291462840058121", "price": "0.02", "size": "17357.52", "side": "BUY", "hash": "86f03c110e6f0c646040237b000f052cf55490ae", "best_bid": "0.31", "best_ask": "0.35"}, {"asset_id": "100684753787391629373985011165373998500617318989612629622978849880977690723705", "price": "0.98", "size": "17357.52", "side": "SELL", "hash": "5e9df39acaca56a718c271da8f1abd06fca420cc", "best_bid": "0.65", "best_ask": "0.69"}], "timestamp": "1769384248876", "event_type": "price_change"}}
{"_local_timestamp": "2026-01-25T23:37:30.566401+00:00", "data": {"market": "0x257a078eefa4cab8c328f7b3a1f6b245e187bdd2ade9a22a355167db174d8746", "price_changes": [{"asset_id": "90547437185543923202857127726984505409861164087031186610904109291462840058121", "price": "0.02", "size": "17400.23", "side": "BUY", "hash": "9e0bca5b56e9b073a446707a4527efc65e3f102a", "best_bid": "0.31", "best_ask": "0.35"}, {"asset_id": "100684753787391629373985011165373998500617318989612629622978849880977690723705", "price": "0.98", "size": "17400.23", "side": "SELL", "hash": "49f6eb9a51cec889f8ec936199c3bfceb31a40fc", "best_bid": "0.65", "best_ask": "0.69"}], "timestamp": "1769384250500", "event_type": "price_change"}}
{"_local_timestamp": "2026-01-25T23:37:31.909011+00:00", "data": {"market": "0x257a078eefa4cab8c328f7b3a1f6b245e187bdd2ade9a22a355167db174d8746", "price_changes": [{"asset_id": "90547437185543923202857127726984505409861164087031186610904109291462840058121", "price": "0.02", "size": "17357.52", "side": "BUY", "hash": "77abcac75a77c35dbce5c69e8e322288681e93db", "best_bid": "0.31", "best_ask": "0.35"}, {"asset_id": "100684753787391629373985011165373998500617318989612629622978849880977690723705", "price": "0.98", "size": "17357.52", "side": "SELL", "hash": "0b572f71cde2ff4916f28399d27fc43ed049a8c7", "best_bid": "0.65", "best_ask": "0.69"}], "timestamp": "1769384251754", "event_type": "price_change"}}
{"_local_timestamp": "2026-01-25T23:37:32.280245+00:00", "data": {"market": "0x257a078eefa4cab8c328f7b3a1f6b245e187bdd2ade9a22a355167db174d8746", "price_changes": [{"asset_id": "90547437185543923202857127726984505409861164087031186610904109291462840058121", "price": "0.02", "size": "17400.23", "side": "BUY", "hash": "04aaca39eee2ae576decc8dbef606f1025d174a9", "best_bid": "0.31", "best_ask": "0.35"}, {"asset_id": "100684753787391629373985011165373998500617318989612629622978849880977690723705", "price": "0.98", "size": "17400.23", "side": "SELL", "hash": "fe32aec30a54f32b2e24f3a4eefb50bdec605755", "best_bid": "0.65", "best_ask": "0.69"}], "timestamp": "1769384252157", "event_type": "price_change"}}
{"_local_timestamp": "2026-01-25T23:37:45.235796+00:00", "data": {"market": "0x257a078eefa4cab8c328f7b3a1f6b245e187bdd2ade9a22a355167db174d8746", "price_changes": [{"asset_id": "90547437185543923202857127726984505409861164087031186610904109291462840058121", "price": "0.02", "size": "17357.52", "side": "BUY", "hash": "859e43ed3d549f97bb2298a9fbeba13f35c5d64a", "best_bid": "0.31", "best_ask": "0.35"}, {"asset_id": "100684753787391629373985011165373998500617318989612629622978849880977690723705", "price": "0.98", "size": "17357.52", "side": "SELL", "hash": "29b12ac44aeb1a1fcacf3a4f688b8cf63521cac2", "best_bid": "0.65", "best_ask": "0.69"}], "timestamp": "1769384265160", "event_type": "price_change"}}
{"_local_timestamp": "2026-01-25T23:37:45.597106+00:00", "data": {"market": "0x257a078eefa4cab8c328f7b3a1f6b245e187bdd2ade9a22a355167db174d8746", "price_changes": [{"asset_id": "90547437185543923202857127726984505409861164087031186610904109291462840058121", "price": "0.02", "size": "17400.23", "side": "BUY", "hash": "9f3b309fe6250abeb6e2649658790b7763de788b", "best_bid": "0.31", "best_ask": "0.35"}, {"asset_id": "100684753787391629373985011165373998500617318989612629622978849880977690723705", "price": "0.98", "size": "17400.23", "side": "SELL", "hash": "765d6f89b4702fc2ed1a7018830f9c00899d4994", "best_bid": "0.65", "best_ask": "0.69"}], "timestamp": "1769384265529", "event_type": "price_change"}}
{"_local_timestamp": "2026-01-25T23:38:01.073488+00:00", "data": {"market": "0x257a078eefa4cab8c328f7b3a1f6b245e187bdd2ade9a22a355167db174d8746", "price_changes": [{"asset_id": "100684753787391629373985011165373998500617318989612629622978849880977690723705", "price": "0.49", "size": "0", "side": "BUY", "hash": "967efede007f46b169f217a3c73e5a34b027fdc7", "best_bid": "0.65", "best_ask": "0.69"}, {"asset_id": "90547437185543923202857127726984505409861164087031186610904109291462840058121", "price": "0.51", "size": "0", "side": "SELL", "hash": "cf2bb926404a97e0e2497656bb83bdb4ab0ecb00", "best_bid": "0.31", "best_ask": "0.35"}], "timestamp": "1769384281000", "event_type": "price_change"}}
{"_local_timestamp": "2026-01-25T23:38:09.390099+00:00", "data": {"market": "0x257a078eefa4cab8c328f7b3a1f6b245e187bdd2ade9a22a355167db174d8746", "price_changes": [{"asset_id": "90547437185543923202857127726984505409861164087031186610904109291462840058121", "price": "0.02", "size": "17357.52", "side": "BUY", "hash": "caaed90632cd837e26f6c3742cf21db50e33549d", "best_bid": "0.31", "best_ask": "0.35"}, {"asset_id": "100684753787391629373985011165373998500617318989612629622978849880977690723705", "price": "0.98", "size": "17357.52", "side": "SELL", "hash": "ca16688d7665ed1ac5346c3445ad8e1513babbb8", "best_bid": "0.65", "best_ask": "0.69"}], "timestamp": "1769384289324", "event_type": "price_change"}}
{"_local_timestamp": "2026-01-25T23:38:10.301375+00:00", "data": {"market": "0x257a078eefa4cab8c328f7b3a1f6b245e187bdd2ade9a22a355167db174d8746", "price_changes": [{"asset_id": "90547437185543923202857127726984505409861164087031186610904109291462840058121", "price": "0.02", "size": "17400.23", "side": "BUY", "hash": "4ff353a3455f88828dcf7c0d654fdf571c06bb21", "best_bid": "0.31", "best_ask": "0.35"}, {"asset_id": "100684753787391629373985011165373998500617318989612629622978849880977690723705", "price": "0.98", "size": "17400.23", "side": "SELL", "hash": "8e5804f3120549b3bd758502c9b663f7e0b82c92", "best_bid": "0.65", "best_ask": "0.69"}], "timestamp": "1769384290131", "event_type": "price_change"}}
{"_local_timestamp": "2026-01-25T23:38:21.271715+00:00", "data": {"market": "0x257a078eefa4cab8c328f7b3a1f6b245e187bdd2ade9a22a355167db174d8746", "price_changes": [{"asset_id": "100684753787391629373985011165373998500617318989612629622978849880977690723705", "price": "0.2", "size": "0", "side": "BUY", "hash": "255e1e3895c6af4e2ac94daea6855afa208f12c5", "best_bid": "0.65", "best_ask": "0.69"}, {"asset_id": "90547437185543923202857127726984505409861164087031186610904109291462840058121", "price": "0.8", "size": "0", "side": "SELL", "hash": "8792e9a60298176f9640ea6214fb575a3d0bad86", "best_bid": "0.31", "best_ask": "0.35"}], "timestamp": "1769384301125", "event_type": "price_change"}}
{"_local_timestamp": "2026-01-25T23:38:21.662175+00:00", "data": {"market": "0x257a078eefa4cab8c328f7b3a1f6b245e187bdd2ade9a22a355167db174d8746", "price_changes": [{"asset_id": "100684753787391629373985011165373998500617318989612629622978849880977690723705", "price": "0.21", "size": "3748", "side": "BUY", "hash": "e549ca5458f63672690d88485a9ab185078bfdb6", "best_bid": "0.65", "best_ask": "0.69"}, {"asset_id": "90547437185543923202857127726984505409861164087031186610904109291462840058121", "price": "0.79", "size": "3748", "side": "SELL", "hash": "34688f600225c1832f8417ea6f100c47e7297817", "best_bid": "0.31", "best_ask": "0.35"}], "timestamp": "1769384301483", "event_type": "price_change"}}
{"_local_timestamp": "2026-01-25T23:38:21.663091+00:00", "data": {"market": "0x257a078eefa4cab8c328f7b3a1f6b245e187bdd2ade9a22a355167db174d8746", "price_changes": [{"asset_id": "90547437185543923202857127726984505409861164087031186610904109291462840058121", "price": "0.02", "size": "17357.52", "side": "BUY", "hash": "0eb56a20a04274f2118fce522e1211abe310610f", "best_bid": "0.31", "best_ask": "0.35"}, {"asset_id": "100684753787391629373985011165373998500617318989612629622978849880977690723705", "price": "0.98", "size": "17357.52", "side": "SELL", "hash": "9788993dd0bd648242a865180687f202304ba1c6", "best_bid": "0.65", "best_ask": "0.69"}], "timestamp": "1769384301506", "event_type": "price_change"}}
{"_local_timestamp": "2026-01-25T23:38:21.996778+00:00", "data": {"market": "0x257a078eefa4cab8c328f7b3a1f6b245e187bdd2ade9a22a355167db174d8746", "price_changes": [{"asset_id": "90547437185543923202857127726984505409861164087031186610904109291462840058121", "price": "0.02", "size": "17400.23", "side": "BUY", "hash": "b3d6fc87250d169dd07592cc5063981961740c8f", "best_bid": "0.31", "best_ask": "0.35"}, {"asset_id": "100684753787391629373985011165373998500617318989612629622978849880977690723705", "price": "0.98", "size": "17400.23", "side": "SELL", "hash": "ad7d8e1ff3dd65c29964c4217139ed754d482d4e", "best_bid": "0.65", "best_ask": "0.69"}], "timestamp": "1769384301932", "event_type": "price_change"}}
{"_local_timestamp": "2026-01-25T23:38:36.360405+00:00", "data": {"market": "0x257a078eefa4cab8c328f7b3a1f6b245e187bdd2ade9a22a355167db174d8746", "price_changes": [{"asset_id": "90547437185543923202857127726984505409861164087031186610904109291462840058121", "price": "0.02", "size": "17357.52", "side": "BUY", "hash": "b1ce29f827da0b8d0d5abe84c28309ab99a4dda1", "best_bid": "0.31", "best_ask": "0.35"}, {"asset_id": "100684753787391629373985011165373998500617318989612629622978849880977690723705", "price": "0.98", "size": "17357.52", "side": "SELL", "hash": "56eefe72d489832c640038c76bf1623804e508f3", "best_bid": "0.65", "best_ask": "0.69"}], "timestamp": "1769384316288", "event_type": "price_change"}}
{"_local_timestamp": "2026-01-25T23:38:36.824472+00:00", "data": {"market": "0x257a078eefa4cab8c328f7b3a1f6b245e187bdd2ade9a22a355167db174d8746", "price_changes": [{"asset_id": "90547437185543923202857127726984505409861164087031186610904109291462840058121", "price": "0.02", "size": "17400.23", "side": "BUY", "hash": "e3b9509ed347e1cfa767a7fc5c6abeeb7da4da55", "best_bid": "0.31", "best_ask": "0.35"}, {"asset_id": "100684753787391629373985011165373998500617318989612629622978849880977690723705", "price": "0.98", "size": "17400.23", "side": "SELL", "hash": "3138e6ea1e640284b13733ff3ee2e68d5ba4b88b", "best_bid": "0.65", "best_ask": "0.69"}], "timestamp": "1769384316754", "event_type": "price_change"}}
{"_local_timestamp": "2026-01-25T23:38:40.547919+00:00", "data": {"market": "0x257a078eefa4cab8c328f7b3a1f6b245e187bdd2ade9a22a355167db174d8746", "price_changes": [{"asset_id": "90547437185543923202857127726984505409861164087031186610904109291462840058121", "price": "0.35", "size": "469.12", "side": "SELL", "hash": "54b255908c8f7c568b77c65e4be6604b81a69517", "best_bid": "0.31", "best_ask": "0.35"}, {"asset_id": "100684753787391629373985011165373998500617318989612629622978849880977690723705", "price": "0.65", "size": "469.12", "side": "BUY", "hash": "7c42e3535852e439992786630f5abd3b48d1165f", "best_bid": "0.65", "best_ask": "0.69"}], "timestamp": "1769384320476", "event_type": "price_change"}}
{"_local_timestamp": "2026-01-25T23:38:40.548642+00:00", "data": {"market": "0x257a078eefa4cab8c328f7b3a1f6b245e187bdd2ade9a22a355167db174d8746", "asset_id": "90547437185543923202857127726984505409861164087031186610904109291462840058121", "bids": [{"price": "0.01", "size": "64398.06"}, {"price": "0.02", "size": "17400.23"}, {"price": "0.03", "size": "4007.05"}, {"price": "0.04", "size": "55.15"}, {"price": "0.05", "size": "36.16"}, {"price": "0.06", "size": "3000"}, {"price": "0.07", "size": "10.66"}, {"price": "0.08", "size": "25"}, {"price": "0.09", "size": "700"}, {"price": "0.1", "size": "277"}, {"price": "0.11", "size": "8.49"}, {"price": "0.13", "size": "900"}, {"price": "0.15", "size": "70"}, {"price": "0.16", "size": "12.5"}, {"price": "0.17", "size": "7.7"}, {"price": "0.25", "size": "81"}, {"price": "0.26", "size": "50"}, {"price": "0.27", "size": "10"}, {"price": "0.28", "size": "149.28"}, {"price": "0.29", "size": "100"}, {"price": "0.3", "size": "2355"}, {"price": "0.31", "size": "347.06"}], "asks": [{"price": "0.99", "size": "63399.18"}, {"price": "0.98", "size": "5109.31"}, {"price": "0.97", "size": "17255.86"}, {"price": "0.96", "size": "59.18"}, {"price": "0.95", "size": "30"}, {"price": "0.94", "size": "9445.76"}, {"price": "0.93", "size": "1071"}, {"price": "0.92", "size": "31.02"}, {"price": "0.9", "size": "4770"}, {"price": "0.89", "size": "4276"}, {"price": "0.88", "size": "5.66"}, {"price": "0.84", "size": "12.5"}, {"price": "0.83", "size": "6.4"}, {"price": "0.79", "size": "3748"}, {"price": "0.75", "size": "8.92"}, {"price": "0.74", "size": "100"}, {"price": "0.73", "size": "55.49"}, {"price": "0.7", "size": "50"}, {"price": "0.66", "size": "250"}, {"price": "0.63", "size": "100"}, {"price": "0.54", "size": "100"}, {"price": "0.5", "size": "2000"}, {"price": "0.49", "size": "25.49"}, {"price": "0.48", "size": "21.15"}, {"price": "0.44", "size": "1312.57"}, {"price": "0.43", "size": "839.1"}, {"price": "0.42", "size": "649.98"}, {"price": "0.41", "size": "616.45"}, {"price": "0.4", "size": "137.49"}, {"price": "0.39", "size": "200"}, {"price": "0.38", "size": "335.81"}, {"price": "0.37", "size": "1034.1"}, {"price": "0.36", "size": "166"}, {"price": "0.35", "size": "469.12"}], "hash": "54b255908c8f7c568b77c65e4be6604b81a69517", "timestamp": "1769384320476", "event_type": "book"}}
{"_local_timestamp": "2026-01-25T23:38:40.549265+00:00", "data": {"market": "0x257a078eefa4cab8c328f7b3a1f6b245e187bdd2ade9a22a355167db174d8746", "asset_id": "100684753787391629373985011165373998500617318989612629622978849880977690723705", "bids": [{"price": "0.01", "size": "63399.18"}, {"price": "0.02", "size": "5109.31"}, {"price": "0.03", "size": "17255.86"}, {"price": "0.04", "size": "59.18"}, {"price": "0.05", "size": "30"}, {"price": "0.06", "size": "9445.76"}, {"price": "0.07", "size": "1071"}, {"price": "0.08", "size": "31.02"}, {"price": "0.1", "size": "4770"}, {"price": "0.11", "size": "4276"}, {"price": "0.12", "size": "5.66"}, {"price": "0.16", "size": "12.5"}, {"price": "0.17", "size": "6.4"}, {"price": "0.21", "size": "3748"}, {"price": "0.25", "size": "8.92"}, {"price": "0.26", "size": "100"}, {"price": "0.27", "size": "55.49"}, {"price": "0.3", "size": "50"}, {"price": "0.34", "size": "250"}, {"price": "0.37", "size": "100"}, {"price": "0.46", "size": "100"}, {"price": "0.5", "size": "2000"}, {"price": "0.51", "size": "25.49"}, {"price": "0.52", "size": "21.15"}, {"price": "0.56", "size": "1312.57"}, {"price": "0.57", "size": "839.1"}, {"price": "0.58", "size": "649.98"}, {"price": "0.59", "size": "616.45"}, {"price": "0.6", "size": "137.49"}, {"price": "0.61", "size": "200"}, {"price": "0.62", "size": "335.81"}, {"price": "0.63", "size": "1034.1"}, {"price": "0.64", "size": "166"}, {"price": "0.65", "size": "469.12"}], "asks": [{"price": "0.99", "size": "64398.06"}, {"price": "0.98", "size": "17400.23"}, {"price": "0.97", "size": "4007.05"}, {"price": "0.96", "size": "55.15"}, {"price": "0.95", "size": "36.16"}, {"price": "0.94", "size": "3000"}, {"price": "0.93", "size": "10.66"}, {"price": "0.92", "size": "25"}, {"price": "0.91", "size": "700"}, {"price": "0.9", "size": "277"}, {"price": "0.89", "size": "8.49"}, {"price": "0.87", "size": "900"}, {"price": "0.85", "size": "70"}, {"price": "0.84", "size": "12.5"}, {"price": "0.83", "size": "7.7"}, {"price": "0.75", "size": "81"}, {"price": "0.74", "size": "50"}, {"price": "0.73", "size": "10"}, {"price": "0.72", "size": "149.28"}, {"price": "0.71", "size": "100"}, {"price": "0.7", "size": "2355"}, {"price": "0.69", "size": "347.06"}], "hash": "7c42e3535852e439992786630f5abd3b48d1165f", "timestamp": "1769384320476", "event_type": "book"}}
{"_local_timestamp": "2026-01-25T23:38:40.567412+00:00", "data": {"market": "0x257a078eefa4cab8c328f7b3a1f6b245e187bdd2ade9a22a355167db174d8746", "asset_id": "90547437185543923202857127726984505409861164087031186610904109291462840058121", "price": "0.35", "size": "2.857141", "fee_rate_bps": "0", "side": "BUY", "timestamp": "1769384320502", "event_type": "last_trade_price", "transaction_hash": "0x2e5f90bc2ee5745e7d38183b5a77c5e78d3c4316a186892d24bbfb01a85fcd2b"}}
{"_local_timestamp": "2026-01-25T23:38:42.709339+00:00", "data": {"market": "0x257a078eefa4cab8c328f7b3a1f6b245e187bdd2ade9a22a355167db174d8746", "price_changes": [{"asset_id": "90547437185543923202857127726984505409861164087031186610904109291462840058121", "price": "0.35", "size": "466.26", "side": "SELL", "hash": "905d503039a4978687a730c0050ed23ba2cd5807", "best_bid": "0.31", "best_ask": "0.35"}, {"asset_id": "100684753787391629373985011165373998500617318989612629622978849880977690723705", "price": "0.65", "size": "466.26", "side": "BUY", "hash": "f6bc94722b337b93ca0d3962c6ead4147511e9fe", "best_bid": "0.65", "best_ask": "0.69"}], "timestamp": "1769384322632", "event_type": "price_change"}}
{"_local_timestamp": "2026-01-25T23:38:42.710065+00:00", "data": {"market": "0x257a078eefa4cab8c328f7b3a1f6b245e187bdd2ade9a22a355167db174d8746", "asset_id": "90547437185543923202857127726984505409861164087031186610904109291462840058121", "bids": [{"price": "0.01", "size": "64398.06"}, {"price": "0.02", "size": "17400.23"}, {"price": "0.03", "size": "4007.05"}, {"price": "0.04", "size": "55.15"}, {"price": "0.05", "size": "36.16"}, {"price": "0.06", "size": "3000"}, {"price": "0.07", "size": "10.66"}, {"price": "0.08", "size": "25"}, {"price": "0.09", "size": "700"}, {"price": "0.1", "size": "277"}, {"price": "0.11", "size": "8.49"}, {"price": "0.13", "size": "900"}, {"price": "0.15", "size": "70"}, {"price": "0.16", "size": "12.5"}, {"price": "0.17", "size": "7.7"}, {"price": "0.25", "size": "81"}, {"price": "0.26", "size": "50"}, {"price": "0.27", "size": "10"}, {"price": "0.28", "size": "149.28"}, {"price": "0.29", "size": "100"}, {"price": "0.3", "size": "2355"}, {"price": "0.31", "size": "347.06"}], "asks": [{"price": "0.99", "size": "63399.18"}, {"price": "0.98", "size": "5109.31"}, {"price": "0.97", "size": "17255.86"}, {"price": "0.96", "size": "59.18"}, {"price": "0.95", "size": "30"}, {"price": "0.94", "size": "9445.76"}, {"price": "0.93", "size": "1071"}, {"price": "0.92", "size": "31.02"}, {"price": "0.9", "size": "4770"}, {"price": "0.89", "size": "4276"}, {"price": "0.88", "size": "5.66"}, {"price": "0.84", "size": "12.5"}, {"price": "0.83", "size": "6.4"}, {"price": "0.79", "size": "3748"}, {"price": "0.75", "size": "8.92"}, {"price": "0.74", "size": "100"}, {"price": "0.73", "size": "55.49"}, {"price": "0.7", "size": "50"}, {"price": "0.66", "size": "250"}, {"price": "0.63", "size": "100"}, {"price": "0.54", "size": "100"}, {"price": "0.5", "size": "2000"}, {"price": "0.49", "size": "25.49"}, {"price": "0.48", "size": "21.15"}, {"price": "0.44", "size": "1312.57"}, {"price": "0.43", "size": "839.1"}, {"price": "0.42", "size": "649.98"}, {"price": "0.41", "size": "616.45"}, {"price": "0.4", "size": "137.49"}, {"price": "0.39", "size": "200"}, {"price": "0.38", "size": "335.81"}, {"price": "0.37", "size": "1034.1"}, {"price": "0.36", "size": "166"}, {"price": "0.35", "size": "466.26"}], "hash": "905d503039a4978687a730c0050ed23ba2cd5807", "timestamp": "1769384322632", "event_type": "book"}}
{"_local_timestamp": "2026-01-25T23:38:42.710756+00:00", "data": {"market": "0x257a078eefa4cab8c328f7b3a1f6b245e187bdd2ade9a22a355167db174d8746", "asset_id": "100684753787391629373985011165373998500617318989612629622978849880977690723705", "bids": [{"price": "0.01", "size": "63399.18"}, {"price": "0.02", "size": "5109.31"}, {"price": "0.03", "size": "17255.86"}, {"price": "0.04", "size": "59.18"}, {"price": "0.05", "size": "30"}, {"price": "0.06", "size": "9445.76"}, {"price": "0.07", "size": "1071"}, {"price": "0.08", "size": "31.02"}, {"price": "0.1", "size": "4770"}, {"price": "0.11", "size": "4276"}, {"price": "0.12", "size": "5.66"}, {"price": "0.16", "size": "12.5"}, {"price": "0.17", "size": "6.4"}, {"price": "0.21", "size": "3748"}, {"price": "0.25", "size": "8.92"}, {"price": "0.26", "size": "100"}, {"price": "0.27", "size": "55.49"}, {"price": "0.3", "size": "50"}, {"price": "0.34", "size": "250"}, {"price": "0.37", "size": "100"}, {"price": "0.46", "size": "100"}, {"price": "0.5", "size": "2000"}, {"price": "0.51", "size": "25.49"}, {"price": "0.52", "size": "21.15"}, {"price": "0.56", "size": "1312.57"}, {"price": "0.57", "size": "839.1"}, {"price": "0.58", "size": "649.98"}, {"price": "0.59", "size": "616.45"}, {"price": "0.6", "size": "137.49"}, {"price": "0.61", "size": "200"}, {"price": "0.62", "size": "335.81"}, {"price": "0.63", "size": "1034.1"}, {"price": "0.64", "size": "166"}, {"price": "0.65", "size": "466.26"}], "asks": [{"price": "0.99", "size": "64398.06"}, {"price": "0.98", "size": "17400.23"}, {"price": "0.97", "size": "4007.05"}, {"price": "0.96", "size": "55.15"}, {"price": "0.95", "size": "36.16"}, {"price": "0.94", "size": "3000"}, {"price": "0.93", "size": "10.66"}, {"price": "0.92", "size": "25"}, {"price": "0.91", "size": "700"}, {"price": "0.9", "size": "277"}, {"price": "0.89", "size": "8.49"}, {"price": "0.87", "size": "900"}, {"price": "0.85", "size": "70"}, {"price": "0.84", "size": "12.5"}, {"price": "0.83", "size": "7.7"}, {"price": "0.75", "size": "81"}, {"price": "0.74", "size": "50"}, {"price": "0.73", "size": "10"}, {"price": "0.72", "size": "149.28"}, {"price": "0.71", "size": "100"}, {"price": "0.7", "size": "2355"}, {"price": "0.69", "size": "347.06"}], "hash": "f6bc94722b337b93ca0d3962c6ead4147511e9fe", "timestamp": "1769384322632", "event_type": "book"}}
{"_local_timestamp": "2026-01-25T23:38:42.733018+00:00", "data": {"market": "0x257a078eefa4cab8c328f7b3a1f6b245e187bdd2ade9a22a355167db174d8746", "asset_id": "90547437185543923202857127726984505409861164087031186610904109291462840058121", "price": "0.35", "size": "2.857141", "fee_rate_bps": "0", "side": "BUY", "timestamp": "1769384322658", "event_type": "last_trade_price", "transaction_hash": "0xd616f59e6c13e9f8e2decd57e2b105c6ae7ab14ea522c1f4a76decef6591f3b8"}}
{"_local_timestamp": "2026-01-25T23:38:48.994487+00:00", "data": {"market": "0x257a078eefa4cab8c328f7b3a1f6b245e187bdd2ade9a22a355167db174d8746", "price_changes": [{"asset_id": "90547437185543923202857127726984505409861164087031186610904109291462840058121", "price": "0.31", "size": "344.21", "side": "BUY", "hash": "ed5a5cd2140e91c1318e69fa39a852203eef1bf8", "best_bid": "0.31", "best_ask": "0.35"}, {"asset_id": "100684753787391629373985011165373998500617318989612629622978849880977690723705", "price": "0.69", "size": "344.21", "side": "SELL", "hash": "b14e20374e63fa384f66387bef1930a74522cde6", "best_bid": "0.65", "best_ask": "0.69"}], "timestamp": "1769384328917", "event_type": "price_change"}}
{"_local_timestamp": "2026-01-25T23:38:48.996873+00:00", "data": {"market": "0x257a078eefa4cab8c328f7b3a1f6b245e187bdd2ade9a22a355167db174d8746", "asset_id": "90547437185543923202857127726984505409861164087031186610904109291462840058121", "bids": [{"price": "0.01", "size": "64398.06"}, {"price": "0.02", "size": "17400.23"}, {"price": "0.03", "size": "4007.05"}, {"price": "0.04", "size": "55.15"}, {"price": "0.05", "size": "36.16"}, {"price": "0.06", "size": "3000"}, {"price": "0.07", "size": "10.66"}, {"price": "0.08", "size": "25"}, {"price": "0.09", "size": "700"}, {"price": "0.1", "size": "277"}, {"price": "0.11", "size": "8.49"}, {"price": "0.13", "size": "900"}, {"price": "0.15", "size": "70"}, {"price": "0.16", "size": "12.5"}, {"price": "0.17", "size": "7.7"}, {"price": "0.25", "size": "81"}, {"price": "0.26", "size": "50"}, {"price": "0.27", "size": "10"}, {"price": "0.28", "size": "149.28"}, {"price": "0.29", "size": "100"}, {"price": "0.3", "size": "2355"}, {"price": "0.31", "size": "344.21"}], "asks": [{"price": "0.99", "size": "63399.18"}, {"price": "0.98", "size": "5109.31"}, {"price": "0.97", "size": "17255.86"}, {"price": "0.96", "size": "59.18"}, {"price": "0.95", "size": "30"}, {"price": "0.94", "size": "9445.76"}, {"price": "0.93", "size": "1071"}, {"price": "0.92", "size": "31.02"}, {"price": "0.9", "size": "4770"}, {"price": "0.89", "size": "4276"}, {"price": "0.88", "size": "5.66"}, {"price": "0.84", "size": "12.5"}, {"price": "0.83", "size": "6.4"}, {"price": "0.79", "size": "3748"}, {"price": "0.75", "size": "8.92"}, {"price": "0.74", "size": "100"}, {"price": "0.73", "size": "55.49"}, {"price": "0.7", "size": "50"}, {"price": "0.66", "size": "250"}, {"price": "0.63", "size": "100"}, {"price": "0.54", "size": "100"}, {"price": "0.5", "size": "2000"}, {"price": "0.49", "size": "25.49"}, {"price": "0.48", "size": "21.15"}, {"price": "0.44", "size": "1312.57"}, {"price": "0.43", "size": "839.1"}, {"price": "0.42", "size": "649.98"}, {"price": "0.41", "size": "616.45"}, {"price": "0.4", "size": "137.49"}, {"price": "0.39", "size": "200"}, {"price": "0.38", "size": "335.81"}, {"price": "0.37", "size": "1034.1"}, {"price": "0.36", "size": "166"}, {"price": "0.35", "size": "466.26"}], "hash": "ed5a5cd2140e91c1318e69fa39a852203eef1bf8", "timestamp": "1769384328917", "event_type": "book"}}
{"_local_timestamp": "2026-01-25T23:38:48.997505+00:00", "data": {"market": "0x257a078eefa4cab8c328f7b3a1f6b245e187bdd2ade9a22a355167db174d8746", "asset_id": "100684753787391629373985011165373998500617318989612629622978849880977690723705", "bids": [{"price": "0.01", "size": "63399.18"}, {"price": "0.02", "size": "5109.31"}, {"price": "0.03", "size": "17255.86"}, {"price": "0.04", "size": "59.18"}, {"price": "0.05", "size": "30"}, {"price": "0.06", "size": "9445.76"}, {"price": "0.07", "size": "1071"}, {"price": "0.08", "size": "31.02"}, {"price": "0.1", "size": "4770"}, {"price": "0.11", "size": "4276"}, {"price": "0.12", "size": "5.66"}, {"price": "0.16", "size": "12.5"}, {"price": "0.17", "size": "6.4"}, {"price": "0.21", "size": "3748"}, {"price": "0.25", "size": "8.92"}, {"price": "0.26", "size": "100"}, {"price": "0.27", "size": "55.49"}, {"price": "0.3", "size": "50"}, {"price": "0.34", "size": "250"}, {"price": "0.37", "size": "100"}, {"price": "0.46", "size": "100"}, {"price": "0.5", "size": "2000"}, {"price": "0.51", "size": "25.49"}, {"price": "0.52", "size": "21.15"}, {"price": "0.56", "size": "1312.57"}, {"price": "0.57", "size": "839.1"}, {"price": "0.58", "size": "649.98"}, {"price": "0.59", "size": "616.45"}, {"price": "0.6", "size": "137.49"}, {"price": "0.61", "size": "200"}, {"price": "0.62", "size": "335.81"}, {"price": "0.63", "size": "1034.1"}, {"price": "0.64", "size": "166"}, {"price": "0.65", "size": "466.26"}], "asks": [{"price": "0.99", "size": "64398.06"}, {"price": "0.98", "size": "17400.23"}, {"price": "0.97", "size": "4007.05"}, {"price": "0.96", "size": "55.15"}, {"price": "0.95", "size": "36.16"}, {"price": "0.94", "size": "3000"}, {"price": "0.93", "size": "10.66"}, {"price": "0.92", "size": "25"}, {"price": "0.91", "size": "700"}, {"price": "0.9", "size": "277"}, {"price": "0.89", "size": "8.49"}, {"price": "0.87", "size": "900"}, {"price": "0.85", "size": "70"}, {"price": "0.84", "size": "12.5"}, {"price": "0.83", "size": "7.7"}, {"price": "0.75", "size": "81"}, {"price": "0.74", "size": "50"}, {"price": "0.73", "size": "10"}, {"price": "0.72", "size": "149.28"}, {"price": "0.71", "size": "100"}, {"price": "0.7", "size": "2355"}, {"price": "0.69", "size": "344.21"}], "hash": "b14e20374e63fa384f66387bef1930a74522cde6", "timestamp": "1769384328917", "event_type": "book"}}
{"_local_timestamp": "2026-01-25T23:38:49.018002+00:00", "data": {"market": "0x257a078eefa4cab8c328f7b3a1f6b245e187bdd2ade9a22a355167db174d8746", "asset_id": "90547437185543923202857127726984505409861164087031186610904109291462840058121", "price": "0.31", "size": "2.85", "fee_rate_bps": "0", "side": "SELL", "timestamp": "1769384328943", "event_type": "last_trade_price", "transaction_hash": "0x6ef046c51a5ed085ecaabb203d133f7cda8ee55ef9fd95659c37f618e0b95db0"}}
{"_local_timestamp": "2026-01-25T23:38:49.407559+00:00", "data": {"market": "0x257a078eefa4cab8c328f7b3a1f6b245e187bdd2ade9a22a355167db174d8746", "price_changes": [{"asset_id": "90547437185543923202857127726984505409861164087031186610904109291462840058121", "price": "0.31", "size": "341.36", "side": "BUY", "hash": "82130c4f9580cf4c02242735960b74e44cb681d3", "best_bid": "0.31", "best_ask": "0.35"}, {"asset_id": "100684753787391629373985011165373998500617318989612629622978849880977690723705", "price": "0.69", "size": "341.36", "side": "SELL", "hash": "8c49bd018b93a23e3466fbe1594542751ad88e9d", "best_bid": "0.65", "best_ask": "0.69"}], "timestamp": "1769384329333", "event_type": "price_change"}}
{"_local_timestamp": "2026-01-25T23:38:49.408225+00:00", "data": {"market": "0x257a078eefa4cab8c328f7b3a1f6b245e187bdd2ade9a22a355167db174d8746", "asset_id": "90547437185543923202857127726984505409861164087031186610904109291462840058121", "bids": [{"price": "0.01", "size": "64398.06"}, {"price": "0.02", "size": "17400.23"}, {"price": "0.03", "size": "4007.05"}, {"price": "0.04", "size": "55.15"}, {"price": "0.05", "size": "36.16"}, {"price": "0.06", "size": "3000"}, {"price": "0.07", "size": "10.66"}, {"price": "0.08", "size": "25"}, {"price": "0.09", "size": "700"}, {"price": "0.1", "size": "277"}, {"price": "0.11", "size": "8.49"}, {"price": "0.13", "size": "900"}, {"price": "0.15", "size": "70"}, {"price": "0.16", "size": "12.5"}, {"price": "0.17", "size": "7.7"}, {"price": "0.25", "size": "81"}, {"price": "0.26", "size": "50"}, {"price": "0.27", "size": "10"}, {"price": "0.28", "size": "149.28"}, {"price": "0.29", "size": "100"}, {"price": "0.3", "size": "2355"}, {"price": "0.31", "size": "341.36"}], "asks": [{"price": "0.99", "size": "63399.18"}, {"price": "0.98", "size": "5109.31"}, {"price": "0.97", "size": "17255.86"}, {"price": "0.96", "size": "59.18"}, {"price": "0.95", "size": "30"}, {"price": "0.94", "size": "9445.76"}, {"price": "0.93", "size": "1071"}, {"price": "0.92", "size": "31.02"}, {"price": "0.9", "size": "4770"}, {"price": "0.89", "size": "4276"}, {"price": "0.88", "size": "5.66"}, {"price": "0.84", "size": "12.5"}, {"price": "0.83", "size": "6.4"}, {"price": "0.79", "size": "3748"}, {"price": "0.75", "size": "8.92"}, {"price": "0.74", "size": "100"}, {"price": "0.73", "size": "55.49"}, {"price": "0.7", "size": "50"}, {"price": "0.66", "size": "250"}, {"price": "0.63", "size": "100"}, {"price": "0.54", "size": "100"}, {"price": "0.5", "size": "2000"}, {"price": "0.49", "size": "25.49"}, {"price": "0.48", "size": "21.15"}, {"price": "0.44", "size": "1312.57"}, {"price": "0.43", "size": "839.1"}, {"price": "0.42", "size": "649.98"}, {"price": "0.41", "size": "616.45"}, {"price": "0.4", "size": "137.49"}, {"price": "0.39", "size": "200"}, {"price": "0.38", "size": "335.81"}, {"price": "0.37", "size": "1034.1"}, {"price": "0.36", "size": "166"}, {"price": "0.35", "size": "466.26"}], "hash": "82130c4f9580cf4c02242735960b74e44cb681d3", "timestamp": "1769384329333", "event_type": "book"}}
{"_local_timestamp": "2026-01-25T23:38:49.408856+00:00", "data": {"market": "0x257a078eefa4cab8c328f7b3a1f6b245e187bdd2ade9a22a355167db174d8746", "asset_id": "100684753787391629373985011165373998500617318989612629622978849880977690723705", "bids": [{"price": "0.01", "size": "63399.18"}, {"price": "0.02", "size": "5109.31"}, {"price": "0.03", "size": "17255.86"}, {"price": "0.04", "size": "59.18"}, {"price": "0.05", "size": "30"}, {"price": "0.06", "size": "9445.76"}, {"price": "0.07", "size": "1071"}, {"price": "0.08", "size": "31.02"}, {"price": "0.1", "size": "4770"}, {"price": "0.11", "size": "4276"}, {"price": "0.12", "size": "5.66"}, {"price": "0.16", "size": "12.5"}, {"price": "0.17", "size": "6.4"}, {"price": "0.21", "size": "3748"}, {"price": "0.25", "size": "8.92"}, {"price": "0.26", "size": "100"}, {"price": "0.27", "size": "55.49"}, {"price": "0.3", "size": "50"}, {"price": "0.34", "size": "250"}, {"price": "0.37", "size": "100"}, {"price": "0.46", "size": "100"}, {"price": "0.5", "size": "2000"}, {"price": "0.51", "size": "25.49"}, {"price": "0.52", "size": "21.15"}, {"price": "0.56", "size": "1312.57"}, {"price": "0.57", "size": "839.1"}, {"price": "0.58", "size": "649.98"}, {"price": "0.59", "size": "616.45"}, {"price": "0.6", "size": "137.49"}, {"price": "0.61", "size": "200"}, {"price": "0.62", "size": "335.81"}, {"price": "0.63", "size": "1034.1"}, {"price": "0.64", "size": "166"}, {"price": "0.65", "size": "466.26"}], "asks": [{"price": "0.99", "size": "64398.06"}, {"price": "0.98", "size": "17400.23"}, {"price": "0.97", "size": "4007.05"}, {"price": "0.96", "size": "55.15"}, {"price": "0.95", "size": "36.16"}, {"price": "0.94", "size": "3000"}, {"price": "0.93", "size": "10.66"}, {"price": "0.92", "size": "25"}, {"price": "0.91", "size": "700"}, {"price": "0.9", "size": "277"}, {"price": "0.89", "size": "8.49"}, {"price": "0.87", "size": "900"}, {"price": "0.85", "size": "70"}, {"price": "0.84", "size": "12.5"}, {"price": "0.83", "size": "7.7"}, {"price": "0.75", "size": "81"}, {"price": "0.74", "size": "50"}, {"price": "0.73", "size": "10"}, {"price": "0.72", "size": "149.28"}, {"price": "0.71", "size": "100"}, {"price": "0.7", "size": "2355"}, {"price": "0.69", "size": "341.36"}], "hash": "8c49bd018b93a23e3466fbe1594542751ad88e9d", "timestamp": "1769384329333", "event_type": "book"}}
{"_local_timestamp": "2026-01-25T23:38:49.428686+00:00", "data": {"market": "0x257a078eefa4cab8c328f7b3a1f6b245e187bdd2ade9a22a355167db174d8746", "asset_id": "90547437185543923202857127726984505409861164087031186610904109291462840058121", "price": "0.31", "size": "2.85", "fee_rate_bps": "0", "side": "SELL", "timestamp": "1769384329359", "event_type": "last_trade_price", "transaction_hash": "0x88bff803173cc547bedb92bfff3ec96a8b09c58018958d9545f1dc175eec27aa"}}
{"_local_timestamp": "2026-01-25T23:38:49.523303+00:00", "data": {"market": "0x257a078eefa4cab8c328f7b3a1f6b245e187bdd2ade9a22a355167db174d8746", "price_changes": [{"asset_id": "90547437185543923202857127726984505409861164087031186610904109291462840058121", "price": "0.02", "size": "17357.52", "side": "BUY", "hash": "65caa07043235782b2470419a120d8f365e86f01", "best_bid": "0.31", "best_ask": "0.35"}, {"asset_id": "100684753787391629373985011165373998500617318989612629622978849880977690723705", "price": "0.98", "size": "17357.52", "side": "SELL", "hash": "5009de245f693a894ad90399cc92d691998b6e1d", "best_bid": "0.65", "best_ask": "0.69"}], "timestamp": "1769384329452", "event_type": "price_change"}}
{"_local_timestamp": "2026-01-25T23:38:49.876946+00:00", "data": {"market": "0x257a078eefa4cab8c328f7b3a1f6b245e187bdd2ade9a22a355167db174d8746", "price_changes": [{"asset_id": "90547437185543923202857127726984505409861164087031186610904109291462840058121", "price": "0.02", "size": "17400.23", "side": "BUY", "hash": "4bd1cb3bc92cb8c3360426a08452cce02b56f943", "best_bid": "0.31", "best_ask": "0.35"}, {"asset_id": "100684753787391629373985011165373998500617318989612629622978849880977690723705", "price": "0.98", "size": "17400.23", "side": "SELL", "hash": "24e01b216ac68c30e1fbbc11afc8bd4e6f2140c0", "best_bid": "0.65", "best_ask": "0.69"}], "timestamp": "1769384329804", "event_type": "price_change"}}
{"_local_timestamp": "2026-01-25T23:39:20.470713+00:00", "data": {"market": "0x257a078eefa4cab8c328f7b3a1f6b245e187bdd2ade9a22a355167db174d8746", "price_changes": [{"asset_id": "100684753787391629373985011165373998500617318989612629622978849880977690723705", "price": "0.21", "size": "1750", "side": "BUY", "hash": "23c0d0bbe08da516330484c3047cb0af2545de97", "best_bid": "0.65", "best_ask": "0.69"}, {"asset_id": "90547437185543923202857127726984505409861164087031186610904109291462840058121", "price": "0.79", "size": "1750", "side": "SELL", "hash": "a470d55adf17ab9f64408599474c0fc335e4a148", "best_bid": "0.31", "best_ask": "0.35"}], "timestamp": "1769384360339", "event_type": "price_change"}}
