{"_local_timestamp": "2026-01-25T23:34:08.576671+00:00", "data": [{"market": "0x257a078eefa4cab8c328f7b3a1f6b245e187bdd2ade9a22a355167db174d8746", "asset_id": "100684753787391629373985011165373998500617318989612629622978849880977690723705", "timestamp": "1769384013554", "hash": "a6a67a9543e6a7e54da7374795c06b7957d51f85", "bids": [{"price": "0.01", "size": "63399.18"}, {"price": "0.02", "size": "5109.31"}, {"price": "0.03", "size": "17255.86"}, {"price": "0.04", "size": "59.18"}, {"price": "0.05", "size": "30"}, {"price": "0.06", "size": "9445.76"}, {"price": "0.07", "size": "1071"}, {"price": "0.08", "size": "31.02"}, {"price": "0.1", "size": "6870"}, {"price": "0.11", "size": "726"}, {"price": "0.12", "size": "5.66"}, {"price": "0.16", "size": "12.5"}, {"price": "0.17", "size": "6.4"}, {"price": "0.2", "size": "4800"}, {"price": "0.21", "size": "100"}, {"price": "0.25", "size": "8.92"}, {"price": "0.26", "size": "100"}, {"price": "0.27", "size": "55.49"}, {"price": "0.3", "size": "50"}, {"price": "0.34", "size": "250"}, {"price": "0.37", "size": "100"}, {"price": "0.46", "size": "100"}, {"price": "0.49", "size": "200"}, {"price": "0.5", "size": "2000"}, {"price": "0.51", "size": "25.49"}, {"price": "0.52", "size": "21.15"}, {"price": "0.56", "size": "1312.57"}, {"price": "0.57", "size": "839.1"}, {"price": "0.58", "size": "649.98"}, {"price": "0.59", "size": "616.45"}, {"price": "0.6", "size": "137.49"}, {"price": "0.61", "size": "200"}, {"price": "0.62", "size": "335.81"}, {"price": "0.63", "size": "1034.1"}, {"price": "0.64", "size": "166"}, {"price": "0.65", "size": "471.98"}], "asks": [{"price": "0.99", "size": "64398.06"}, {"price": "0.98", "size": "17400.23"}, {"price": "0.97", "size": "4007.05"}, {"price": "0.96", "size": "55.15"}, {"price": "0.95", "size": "36.16"}, {"price": "0.94", "size": "3000"}, {"price": "0.93", "size": "10.66"}, {"price": "0.92", "size": "25"}, {"price": "0.91", "size": "700"}, {"price": "0.9", "size": "277"}, {"price": "0.89", "size": "8.49"}, {"price": "0.87", "size": "900"}, {"price": "0.85", "size": "70"}, {"price": "0.84", "size": "12.5"}, {"price": "0.83", "size": "7.7"}, {"price": "0.75", "size": "81"}, {"price": "0.74", "size": "50"}, {"price": "0.73", "size": "10"}, {"price": "0.72", "size": "149.28"}, {"price": "0.71", "size": "100"}, {"price": "0.7", "size": "2355"}, {"price": "0.69", "size": "347.06"}], "event_type": "book", "last_trade_price": "0.310"}, {"market": "0x257a078eefa4cab8c328f7b3a1f6b245e187bdd2ade9a22a355167db174d8746", "asset_id": "90547437185543923202857127726984505409861164087031186610904109291462840058121", "timestamp": "1769384013554", "hash": "508de9b99faf8314b8844d66827f1f72ba6d0ab2", "bids": [{"price": "0.01", "size": "64398.06"}, {"price": "0.02", "size": "17400.23"}, {"price": "0.03", "size": "4007.05"}, {"price": "0.04", "size": "55.15"}, {"price": "0.05", "size": "36.16"}, {"price": "0.06", "size": "3000"}, {"price": "0.07", "size": "10.66"}, {"price": "0.08", "size": "25"}, {"price": "0.09", "size": "700"}, {"price": "0.1", "size": "277"}, {"price": "0.11", "size": "8.49"}, {"price": "0.13", "size": "900"}, {"price": "0.15", "size": "70"}, {"price": "0.16", "size": "12.5"}, {"price": "0.17", "size": "7.7"}, {"price": "0.25", "size": "81"}, {"price": "0.26", "size": "50"}, {"price": "0.27", "size": "10"}, {"price": "0.28", "size": "149.28"}, {"price": "0.29", "size": "100"}, {"price": "0.3", "size": "2355"}, {"price": "0.31", "size": "347.06"}], "asks": [{"price": "0.99", "size": "63399.18"}, {"price": "0.98", "size": "5109.31"}, {"price": "0.97", "size": "17255.86"}, {"price": "0.96", "size": "59.18"}, {"price": "0.95", "size": "30"}, {"price": "0.94", "size": "9445.76"}, {"price": "0.93", "size": "1071"}, {"price": "0.92", "size": "31.02"}, {"price": "0.9", "size": "6870"}, {"price": "0.89", "size": "726"}, {"price": "0.88", "size": "5.66"}, {"price": "0.84", "size": "12.5"}, {"price": "0.83", "size": "6.4"}, {"price": "0.8", "size": "4800"}, {"price": "0.79", "size": "100"}, {"price": "0.75", "size": "8.92"}, {"price": "0.74", "size": "100"}, {"price": "0.73", "size": "55.49"}, {"price": "0.7", "size": "50"}, {"price": "0.66", "size": "250"}, {"price": "0.63", "size": "100"}, {"price": "0.54", "size": "100"}, {"price": "0.51", "size": "200"}, {"price": "0.5", "size": "2000"}, {"price": "0.49", "size": "25.49"}, {"price": "0.48", "size": "21.15"}, {"price": "0.44", "size": "1312.57"}, {"price": "0.43", "size": "839.1"}, {"price": "0.42", "size": "649.98"}, {"price": "0.41", "size": "616.45"}, {"price": "0.4", "size": "137.49"}, {"price": "0.39", "size": "200"}, {"price": "0.38", "size": "335.81"}, {"price": "0.37", "size": "1034.1"}, {"price": "0.36", "size": "166"}, {"price": "0.35", "size": "471.98"}], "event_type": "book", "last_trade_price": "0.310"}]}
{"_local_timestamp": "2026-01-25T23:34:19.905547+00:00", "data": {"market": "0x257a078eefa4cab8c328f7b3a1f6b245e187bdd2ade9a22a355167db174d8746", "price_changes": [{"asset_id": "100684753787391629373985011165373998500617318989612629622978849880977690723705", "price": "0.2", "size": "2700", "side": "BUY", "hash": "6cf69fa22c89bbefda7fe9b39692acbd74623b85", "best_bid": "0.65", "best_ask": "0.69"}, {"asset_id": "90547437185543923202857127726984505409861164087031186610904109291462840058121", "price": "0.8", "size": "2700", "side": "SELL", "hash": "a756e6159c38341812e5572d2fb20269fa3e87a7", "best_bid": "0.31", "best_ask": "0.35"}], "timestamp": "1769384059764", "event_type": "price_change"}}
{"_local_timestamp": "2026-01-25T23:34:22.061082+00:00", "data": {"market": "0x257a078eefa4cab8c328f7b3a1f6b245e187bdd2ade9a22a355167db174d8746", "price_changes": [{"asset_id": "100684753787391629373985011165373998500617318989612629622978849880977690723705", "price": "0.12", "size": "3505.66", "side": "BUY", "hash": "703f200a3b769e824f13012d412442123bbfac22", "best_bid": "0.65", "best_ask": "0.69"}, {"asset_id": "90547437185543923202857127726984505409861164087031186610904109291462840058121", "price": "0.88", "size": "3505.66", "side": "SELL", "hash": "15e71b31c4aa05d25705c80ba61d8daa786b4455", "best_bid": "0.31", "best_ask": "0.35"}], "timestamp": "1769384061994", "event_type": "price_change"}}
{"_local_timestamp": "2026-01-25T23:34:34.860147+00:00", "data": {"market": "0x257a078eefa4cab8c328f7b3a1f6b245e187bdd2ade9a22a355167db174d8746", "price_changes": [{"asset_id": "100684753787391629373985011165373998500617318989612629622978849880977690723705", "price": "0.1", "size": "6170", "side": "BUY", "hash": "a070fa21bc3aed9183e517b38cb8b9f09eea4c03", "best_bid": "0.65", "best_ask": "0.69"}, {"asset_id": "90547437185543923202857127726984505409861164087031186610904109291462840058121", "price": "0.9", "size": "6170", "side": "SELL", "hash": "a73002e1d9ca97495ea2885a12bf3bbd2fb5a73d", "best_bid": "0.31", "best_ask": "0.35"}], "timestamp": "1769384074778", "event_type": "price_change"}}
{"_local_timestamp": "2026-01-25T23:34:43.345508+00:00", "data": {"market": "0x257a078eefa4cab8c328f7b3a1f6b245e187bdd2ade9a22a355167db174d8746", "price_changes": [{"asset_id": "90547437185543923202857127726984505409861164087031186610904109291462840058121", "price": "0.02", "size": "17357.52", "side": "BUY", "hash": "14adc150018c43bd85aa9b2e57d8cb465141a0ae", "best_bid": "0.31", "best_ask": "0.35"}, {"asset_id": "100684753787391629373985011165373998500617318989612629622978849880977690723705", "price": "0.98", "size": "17357.52", "side": "SELL", "hash": "82446797553ca0c4856195cfc88098c471f7ced5", "best_bid": "0.65", "best_ask": "0.69"}], "timestamp": "1769384083276", "event_type": "price_change"}}
{"_local_timestamp": "2026-01-25T23:34:43.646245+00:00", "data": {"market": "0x257a078eefa4cab8c328f7b3a1f6b245e187bdd2ade9a22a355167db174d8746", "price_changes": [{"asset_id": "90547437185543923202857127726984505409861164087031186610904109291462840058121", "price": "0.02", "size": "17400.23", "side": "BUY", "hash": "1e5a9c54a01ece6e87ebe76925004588af5d8dbf", "best_bid": "0.31", "best_ask": "0.35"}, {"asset_id": "100684753787391629373985011165373998500617318989612629622978849880977690723705", "price": "0.98", "size": "17400.23", "side": "SELL", "hash": "84b2529df2e4aa122b3babff60b0d55b808ef739", "best_bid": "0.65", "best_ask": "0.69"}], "timestamp": "1769384083551", "event_type": "price_change"}}
