{"_local_timestamp": "2026-01-25T23:33:38.182737+00:00", "data": [{"market": "0x120a43c108202f029133104531990a595af4f3700a92bbda4403535235bc4c82", "asset_id": "39828720608155723418301214397692986239980049531210825338778701775676917810839", "timestamp": "1769384013525", "hash": "9924be5f241e6fa60e8a2b1ea30764dc7e52c3b5", "bids": [{"price": "0.01", "size": "5269.82"}, {"price": "0.02", "size": "2400"}, {"price": "0.03", "size": "8.05"}, {"price": "0.05", "size": "10"}, {"price": "0.06", "size": "1550"}, {"price": "0.08", "size": "200"}, {"price": "0.09", "size": "7.33"}, {"price": "0.14", "size": "50"}, {"price": "0.15", "size": "300"}, {"price": "0.17", "size": "11"}, {"price": "0.18", "size": "888"}, {"price": "0.2", "size": "200"}, {"price": "0.24", "size": "300"}, {"price": "0.27", "size": "250"}, {"price": "0.34", "size": "150"}, {"price": "0.55", "size": "104.32"}, {"price": "0.62", "size": "47.99"}, {"price": "0.63", "size": "100"}, {"price": "0.64", "size": "16"}, {"price": "0.68", "size": "1882.4"}, {"price": "0.72", "size": "800"}, {"price": "0.73", "size": "664"}, {"price": "0.74", "size": "639.1"}, {"price": "0.75", "size": "20"}], "asks": [{"price": "0.99", "size": "2467.79"}, {"price": "0.98", "size": "850"}, {"price": "0.97", "size": "30.73"}, {"price": "0.84", "size": "20"}, {"price": "0.81", "size": "1547.23"}, {"price": "0.8", "size": "800"}, {"price": "0.79", "size": "162.84"}, {"price": "0.78", "size": "613"}, {"price": "0.77", "size": "20"}], "event_type": "book", "last_trade_price": ""}, {"market": "0x120a43c108202f029133104531990a595af4f3700a92bbda4403535235bc4c82", "asset_id": "8361104603056110450083567322497943223782511845432999258620698572163981630847", "timestamp": "1769384013525", "hash": "b583483d1ae1ff94301315a307ca62ef7635356e", "bids": [{"price": "0.01", "size": "2467.79"}, {"price": "0.02", "size": "850"}, {"price": "0.03", "size": "30.73"}, {"price": "0.16", "size": "20"}, {"price": "0.19", "size": "1547.23"}, {"price": "0.2", "size": "800"}, {"price": "0.21", "size": "162.84"}, {"price": "0.22", "size": "613"}, {"price": "0.23", "size": "20"}], "asks": [{"price": "0.99", "size": "5269.82"}, {"price": "0.98", "size": "2400"}, {"price": "0.97", "size": "8.05"}, {"price": "0.95", "size": "10"}, {"price": "0.94", "size": "1550"}, {"price": "0.92", "size": "200"}, {"price": "0.91", "size": "7.33"}, {"price": "0.86", "size": "50"}, {"price": "0.85", "size": "300"}, {"price": "0.83", "size": "11"}, {"price": "0.82", "size": "888"}, {"price": "0.8", "size": "200"}, {"price": "0.76", "size": "300"}, {"price": "0.73", "size": "250"}, {"price": "0.66", "size": "150"}, {"price": "0.45", "size": "104.32"}, {"price": "0.38", "size": "47.99"}, {"price": "0.37", "size": "100"}, {"price": "0.36", "size": "16"}, {"price": "0.32", "size": "1882.4"}, {"price": "0.28", "size": "800"}, {"price": "0.27", "size": "664"}, {"price": "0.26", "size": "639.1"}, {"price": "0.25", "size": "20"}], "event_type": "book", "last_trade_price": ""}]}
{"_local_timestamp": "2026-01-25T23:33:47.643797+00:00", "data": {"market": "0x120a43c108202f029133104531990a595af4f3700a92bbda4403535235bc4c82", "price_changes": [{"asset_id": "39828720608155723418301214397692986239980049531210825338778701775676917810839", "price": "0.21", "size": "1998", "side": "BUY", "hash": "4a78c731a9e12dc8024d76bcebd4e4baa41c20dd", "best_bid": "0.75", "best_ask": "0.77"}, {"asset_id": "8361104603056110450083567322497943223782511845432999258620698572163981630847", "price": "0.79", "size": "1998", "side": "SELL", "hash": "fec31bc449c49cd65ff58b474dfc8fd89a06beb0", "best_bid": "0.23", "best_ask": "0.25"}], "timestamp": "1769384027580", "event_type": "price_change"}}
{"_local_timestamp": "2026-01-25T23:33:57.464268+00:00", "data": {"market": "0x120a43c108202f029133104531990a595af4f3700a92bbda4403535235bc4c82", "price_changes": [{"asset_id": "8361104603056110450083567322497943223782511845432999258620698572163981630847", "price": "0.19", "size": "547.23", "side": "BUY", "hash": "470d160d3df3d002f6fc2df523912a718df78933", "best_bid": "0.23", "best_ask": "0.25"}, {"asset_id": "39828720608155723418301214397692986239980049531210825338778701775676917810839", "price": "0.81", "size": "547.23", "side": "SELL", "hash": "3ea4a400abe790f54d5f0fa5c554af8bd5c73797", "best_bid": "0.75", "best_ask": "0.77"}], "timestamp": "1769384037395", "event_type": "price_change"}}
{"_local_timestamp": "2026-01-25T23:34:10.599129+00:00", "data": {"market": "0x120a43c108202f029133104531990a595af4f3700a92bbda4403535235bc4c82", "price_changes": [{"asset_id": "39828720608155723418301214397692986239980049531210825338778701775676917810839", "price": "0.2", "size": "0", "side": "BUY", "hash": "c15c7cc4d82f2bdd635f95397259f8f494282385", "best_bid": "0.75", "best_ask": "0.77"}, {"asset_id": "8361104603056110450083567322497943223782511845432999258620698572163981630847", "price": "0.8", "size": "0", "side": "SELL", "hash": "3c1f1c113012352c0aec959e2fb112a250ede920", "best_bid": "0.23", "best_ask": "0.25"}], "timestamp": "1769384050526", "event_type": "price_change"}}
{"_local_timestamp": "2026-01-25T23:34:10.874902+00:00", "data": {"market": "0x120a43c108202f029133104531990a595af4f3700a92bbda4403535235bc4c82", "price_changes": [{"asset_id": "39828720608155723418301214397692986239980049531210825338778701775676917810839", "price": "0.21", "size": "2198", "side": "BUY", "hash": "2963a29685b12ddce94151bc960ca5a41bdef9a1", "best_bid": "0.75", "best_ask": "0.77"}, {"asset_id": "8361104603056110450083567322497943223782511845432999258620698572163981630847", "price": "0.79", "size": "2198", "side": "SELL", "hash": "bb0f1719574e180da383eb121d9952c8994a668d", "best_bid": "0.23", "best_ask": "0.25"}], "timestamp": "1769384050802", "event_type": "price_change"}}
{"_local_timestamp": "2026-01-25T23:35:01.385906+00:00", "data": {"market": "0x120a43c108202f029133104531990a595af4f3700a92bbda4403535235bc4c82", "price_changes": [{"asset_id": "8361104603056110450083567322497943223782511845432999258620698572163981630847", "price": "0.22", "size": "633", "side": "BUY", "hash": "5ddcaafa583a11e68853763139c704ddfba24a9e", "best_bid": "0.23", "best_ask": "0.25"}, {"asset_id": "39828720608155723418301214397692986239980049531210825338778701775676917810839", "price": "0.78", "size": "633", "side": "SELL", "hash": "a77a0e00748c9f34b309fbe3623fc703c53f5548", "best_bid": "0.75", "best_ask": "0.77"}], "timestamp": "1769384101308", "event_type": "price_change"}}
{"_local_timestamp": "2026-01-25T23:35:01.386721+00:00", "data": {"market": "0x120a43c108202f029133104531990a595af4f3700a92bbda4403535235bc4c82", "price_changes": [{"asset_id": "39828720608155723418301214397692986239980049531210825338778701775676917810839", "price": "0.74", "size": "659.1", "side": "BUY", "hash": "ed5c08d75ed96553acd0dd0a4834bab2b39a23ce", "best_bid": "0.75", "best_ask": "0.77"}, {"asset_id": "8361104603056110450083567322497943223782511845432999258620698572163981630847", "price": "0.26", "size": "659.1", "side": "SELL", "hash": "05fb7343b030bd956a5fe56089902a55936d0969", "best_bid": "0.23", "best_ask": "0.25"}], "timestamp": "1769384101308", "event_type": "price_change"}}
{"_local_timestamp": "2026-01-25T23:35:12.032848+00:00", "data": {"market": "0x120a43c108202f029133104531990a595af4f3700a92bbda4403535235bc4c82", "price_changes": [{"asset_id": "39828720608155723418301214397692986239980049531210825338778701775676917810839", "price": "0.72", "size": "810", "side": "BUY", "hash": "2c6611f13ca435e29b7a3613db3c43d83c19b501", "best_bid": "0.75", "best_ask": "0.77"}, {"asset_id": "8361104603056110450083567322497943223782511845432999258620698572163981630847", "price": "0.28", "size": "810", "side": "SELL", "hash": "8b60ddffd38a8bf81fde7aa3b13a6378d05220bb", "best_bid": "0.23", "best_ask": "0.25"}], "timestamp": "1769384111937", "event_type": "price_change"}}
{"_local_timestamp": "2026-01-25T23:35:56.420993+00:00", "data": {"market": "0x120a43c108202f029133104531990a595af4f3700a92bbda4403535235bc4c82", "price_changes": [{"asset_id": "39828720608155723418301214397692986239980049531210825338778701775676917810839", "price": "0.24", "size": "250", "side": "BUY", "hash": "c37d6cd09f57b534c0ea547f23c966c61565b8d8", "best_bid": "0.75", "best_ask": "0.77"}, {"asset_id": "8361104603056110450083567322497943223782511845432999258620698572163981630847", "price": "0.76", "size": "250", "side": "SELL", "hash": "6cdf71b986df25acada8a660bb0519e103022fe5", "best_bid": "0.23", "best_ask": "0.25"}], "timestamp": "1769384156287", "event_type": "price_change"}}
{"_local_timestamp": "2026-01-25T23:35:56.873081+00:00", "data": {"market": "0x120a43c108202f029133104531990a595af4f3700a92bbda4403535235bc4c82", "price_changes": [{"asset_id": "39828720608155723418301214397692986239980049531210825338778701775676917810839", "price": "0.21", "size": "2248", "side": "BUY", "hash": "3bbf4bec5c338d20ee7c172af68e1f221da8064a", "best_bid": "0.75", "best_ask": "0.77"}, {"asset_id": "8361104603056110450083567322497943223782511845432999258620698572163981630847", "price": "0.79", "size": "2248", "side": "SELL", "hash": "5fa1934e6cda5554249a403e0b3b1f00627cc785", "best_bid": "0.23", "best_ask": "0.25"}], "timestamp": "1769384156748", "event_type": "price_change"}}
{"_local_timestamp": "2026-01-25T23:35:58.163771+00:00", "data": {"market": "0x120a43c108202f029133104531990a595af4f3700a92bbda4403535235bc4c82", "price_changes": [{"asset_id": "39828720608155723418301214397692986239980049531210825338778701775676917810839", "price": "0.21", "size": "250", "side": "BUY", "hash": "8048356d21bc422aecde7aca480e30ec902a175b", "best_bid": "0.75", "best_ask": "0.77"}, {"asset_id": "8361104603056110450083567322497943223782511845432999258620698572163981630847", "price": "0.79", "size": "250", "side": "SELL", "hash": "8ea12f4b5123ea8e65020045a6b30aeaa5445a9c", "best_bid": "0.23", "best_ask": "0.25"}], "timestamp": "1769384158067", "event_type": "price_change"}}
{"_local_timestamp": "2026-01-25T23:36:19.593583+00:00", "data": {"market": "0x120a43c108202f029133104531990a595af4f3700a92bbda4403535235bc4c82", "price_changes": [{"asset_id": "39828720608155723418301214397692986239980049531210825338778701775676917810839", "price": "0.21", "size": "50", "side": "BUY", "hash": "c987e4af9328deb6f75570509f2bb9c4f2d9d3fc", "best_bid": "0.75", "best_ask": "0.77"}, {"asset_id": "8361104603056110450083567322497943223782511845432999258620698572163981630847", "price": "0.79", "size": "50", "side": "SELL", "hash": "b190db3d540c4494421b7730d9cc77200c46f72f", "best_bid": "0.23", "best_ask": "0.25"}], "timestamp": "1769384179516", "event_type": "price_change"}}
{"_local_timestamp": "2026-01-25T23:36:19.850827+00:00", "data": {"market": "0x120a43c108202f029133104531990a595af4f3700a92bbda4403535235bc4c82", "price_changes": [{"asset_id": "39828720608155723418301214397692986239980049531210825338778701775676917810839", "price": "0.2", "size": "200", "side": "BUY", "hash": "fa7fbd2e30c7a19f4b0d56911cdde793deafda9e", "best_bid": "0.75", "best_ask": "0.77"}, {"asset_id": "8361104603056110450083567322497943223782511845432999258620698572163981630847", "price": "0.8", "size": "200", "side": "SELL", "hash": "82d12726cc163ac16ad9893e28fbf92d38a74a16", "best_bid": "0.23", "best_ask": "0.25"}], "timestamp": "1769384179781", "event_type": "price_change"}}
