{"_local_timestamp": "2026-01-25T23:40:47.183459+00:00", "data": [{"market": "0x120a43c108202f029133104531990a595af4f3700a92bbda4403535235bc4c82", "asset_id": "39828720608155723418301214397692986239980049531210825338778701775676917810839", "timestamp": "1769384426829", "hash": "88ebde57687dd7e6eba3588a189e6f532c6f0bfb", "bids": [{"price": "0.01", "size": "5269.82"}, {"price": "0.02", "size": "2400"}, {"price": "0.03", "size": "8.05"}, {"price": "0.05", "size": "10"}, {"price": "0.06", "size": "1550"}, {"price": "0.08", "size": "200"}, {"price": "0.09", "size": "7.33"}, {"price": "0.14", "size": "50"}, {"price": "0.15", "size": "300"}, {"price": "0.17", "size": "11"}, {"price": "0.18", "size": "888"}, {"price": "0.21", "size": "50"}, {"price": "0.22", "size": "2108"}, {"price": "0.24", "size": "250"}, {"price": "0.27", "size": "250"}, {"price": "0.34", "size": "150"}, {"price": "0.55", "size": "104.32"}, {"price": "0.62", "size": "47.99"}, {"price": "0.63", "size": "100"}, {"price": "0.64", "size": "16"}, {"price": "0.68", "size": "1882.4"}, {"price": "0.72", "size": "810"}, {"price": "0.73", "size": "664"}, {"price": "0.74", "size": "659.1"}, {"price": "0.75", "size": "20"}], "asks": [{"price": "0.99", "size": "2467.79"}, {"price": "0.98", "size": "850"}, {"price": "0.97", "size": "30.73"}, {"price": "0.84", "size": "20"}, {"price": "0.81", "size": "547.23"}, {"price": "0.8", "size": "800"}, {"price": "0.79", "size": "162.84"}, {"price": "0.78", "size": "633"}, {"price": "0.77", "size": "20"}], "event_type": "book", "last_trade_price": ""}, {"market": "0x120a43c108202f029133104531990a595af4f3700a92bbda4403535235bc4c82", "asset_id": "8361104603056110450083567322497943223782511845432999258620698572163981630847", "timestamp": "1769384426829", "hash": "c6f6705178c100c64d0d2e578a0f874fb78a2ebb", "bids": [{"price": "0.01", "size": "2467.79"}, {"price": "0.02", "size": "850"}, {"price": "0.03", "size": "30.73"}, {"price": "0.16", "size": "20"}, {"price": "0.19", "size": "547.23"}, {"price": "0.2", "size": "800"}, {"price": "0.21", "size": "162.84"}, {"price": "0.22", "size": "633"}, {"price": "0.23", "size": "20"}], "asks": [{"price": "0.99", "size": "5269.82"}, {"price": "0.98", "size": "2400"}, {"price": "0.97", "size": "8.05"}, {"price": "0.95", "size": "10"}, {"price": "0.94", "size": "1550"}, {"price": "0.92", "size": "200"}, {"price": "0.91", "size": "7.33"}, {"price": "0.86", "size": "50"}, {"price": "0.85", "size": "300"}, {"price": "0.83", "size": "11"}, {"price": "0.82", "size": "888"}, {"price": "0.79", "size": "50"}, {"price": "0.78", "size": "2108"}, {"price": "0.76", "size": "250"}, {"price": "0.73", "size": "250"}, {"price": "0.66", "size": "150"}, {"price": "0.45", "size": "104.32"}, {"price": "0.38", "size": "47.99"}, {"price": "0.37", "size": "100"}, {"price": "0.36", "size": "16"}, {"price": "0.32", "size": "1882.4"}, {"price": "0.28", "size": "810"}, {"price": "0.27", "size": "664"}, {"price": "0.26", "size": "659.1"}, {"price": "0.25", "size": "20"}], "event_type": "book", "last_trade_price": ""}]}
{"_local_timestamp": "2026-01-25T23:41:14.684643+00:00", "data": {"market": "0x120a43c108202f029133104531990a595af4f3700a92bbda4403535235bc4c82", "price_changes": [{"asset_id": "39828720608155723418301214397692986239980049531210825338778701775676917810839", "price": "0.22", "size": "200", "side": "BUY", "hash": "6b3e4e93509d0da01aeeea154f49570d19aeee47", "best_bid": "0.75", "best_ask": "0.77"}, {"asset_id": "8361104603056110450083567322497943223782511845432999258620698572163981630847", "price": "0.78", "size": "200", "side": "SELL", "hash": "dfa0e10441559e86a5facc485f4d6ebd831758a6", "best_bid": "0.23", "best_ask": "0.25"}], "timestamp": "1769384474530", "event_type": "price_change"}}
{"_local_timestamp": "2026-01-25T23:41:34.579401+00:00", "data": {"market": "0x120a43c108202f029133104531990a595af4f3700a92bbda4403535235bc4c82", "price_changes": [{"asset_id": "39828720608155723418301214397692986239980049531210825338778701775676917810839", "price": "0.21", "size": "2048", "side": "BUY", "hash": "085e81c6f34c4bef1b38fc545f81a65cbf8125d3", "best_bid": "0.75", "best_ask": "0.77"}, {"asset_id": "8361104603056110450083567322497943223782511845432999258620698572163981630847", "price": "0.79", "size": "2048", "side": "SELL", "hash": "7f60136fd4d4c2f30ae8e2f552e7516a147915e4", "best_bid": "0.23", "best_ask": "0.25"}], "timestamp": "1769384494501", "event_type": "price_change"}}
{"_local_timestamp": "2026-01-25T23:41:38.098174+00:00", "data": {"market": "0x120a43c108202f029133104531990a595af4f3700a92bbda4403535235bc4c82", "price_changes": [{"asset_id": "39828720608155723418301214397692986239980049531210825338778701775676917810839", "price": "0.22", "size": "0", "side": "BUY", "hash": "c583ba3076feefc8fd9fb13ec33f44a74c376fe5", "best_bid": "0.75", "best_ask": "0.77"}, {"asset_id": "8361104603056110450083567322497943223782511845432999258620698572163981630847", "price": "0.78", "size": "0", "side": "SELL", "hash": "f1f0ef25e340800e230c3e7affff97a449ba7932", "best_bid": "0.23", "best_ask": "0.25"}], "timestamp": "1769384498030", "event_type": "price_change"}}
{"_local_timestamp": "2026-01-25T23:41:38.414793+00:00", "data": {"market": "0x120a43c108202f029133104531990a595af4f3700a92bbda4403535235bc4c82", "price_changes": [{"asset_id": "39828720608155723418301214397692986239980049531210825338778701775676917810839", "price": "0.2", "size": "200", "side": "BUY", "hash": "abc517c33b6d62d4ee17b6ccd948173840700025", "best_bid": "0.75", "best_ask": "0.77"}, {"asset_id": "8361104603056110450083567322497943223782511845432999258620698572163981630847", "price": "0.8", "size": "200", "side": "SELL", "hash": "2865139d6e06f570bd0df4d30e0683d790ec6359", "best_bid": "0.23", "best_ask": "0.25"}], "timestamp": "1769384498330", "event_type": "price_change"}}
{"_local_timestamp": "2026-01-25T23:41:59.757500+00:00", "data": {"market": "0x120a43c108202f029133104531990a595af4f3700a92bbda4403535235bc4c82", "price_changes": [{"asset_id": "39828720608155723418301214397692986239980049531210825338778701775676917810839", "price": "0.2", "size": "0", "side": "BUY", "hash": "4ac3544961035d9cf88d540c1b14f636771909f8", "best_bid": "0.75", "best_ask": "0.77"}, {"asset_id": "8361104603056110450083567322497943223782511845432999258620698572163981630847", "price": "0.8", "size": "0", "side": "SELL", "hash": "66d522f75ef85202cb35c0ad5365210eb52d2685", "best_bid": "0.23", "best_ask": "0.25"}], "timestamp": "1769384519676", "event_type": "price_change"}}
{"_local_timestamp": "2026-01-25T23:42:00.034727+00:00", "data": {"market": "0x120a43c108202f029133104531990a595af4f3700a92bbda4403535235bc4c82", "price_changes": [{"asset_id": "39828720608155723418301214397692986239980049531210825338778701775676917810839", "price": "0.21", "size": "2248", "side": "BUY", "hash": "f6c750a799a6f2d3d9c35367cb086c8d31bc047d", "best_bid": "0.75", "best_ask": "0.77"}, {"asset_id": "8361104603056110450083567322497943223782511845432999258620698572163981630847", "price": "0.79", "size": "2248", "side": "SELL", "hash": "8642ffd41f2917f37d303bc0999492f728913d04", "best_bid": "0.23", "best_ask": "0.25"}], "timestamp": "1769384519962", "event_type": "price_change"}}
{"_local_timestamp": "2026-01-25T23:42:45.437279+00:00", "data": {"market": "0x120a43c108202f029133104531990a595af4f3700a92bbda4403535235bc4c82", "price_changes": [{"asset_id": "39828720608155723418301214397692986239980049531210825338778701775676917810839", "price": "0.21", "size": "2198", "side": "BUY", "hash": "ae20bd6ed4f316f3cbb193a33ab3b5ffe989220e", "best_bid": "0.75", "best_ask": "0.77"}, {"asset_id": "8361104603056110450083567322497943223782511845432999258620698572163981630847", "price": "0.79", "size": "2198", "side": "SELL", "hash": "6c35e27f311a298ab7650c876c1bd722846f3e36", "best_bid": "0.23", "best_ask": "0.25"}], "timestamp": "1769384565223", "event_type": "price_change"}}
{"_local_timestamp": "2026-01-25T23:42:45.698251+00:00", "data": {"market": "0x120a43c108202f029133104531990a595af4f3700a92bbda4403535235bc4c82", "price_changes": [{"asset_id": "39828720608155723418301214397692986239980049531210825338778701775676917810839", "price": "0.22", "size": "50", "side": "BUY", "hash": "6c3b4ed0f89d65295769f6076174bec31ec222d8", "best_bid": "0.75", "best_ask": "0.77"}, {"asset_id": "8361104603056110450083567322497943223782511845432999258620698572163981630847", "price": "0.78", "size": "50", "side": "SELL", "hash": "0d13e07d9570e6f8db434d3f7d98fece0a88a699", "best_bid": "0.23", "best_ask": "0.25"}], "timestamp": "1769384565584", "event_type": "price_change"}}
{"_local_timestamp": "2026-01-25T23:42:47.158567+00:00", "data": {"market": "0x120a43c108202f029133104531990a595af4f3700a92bbda4403535235bc4c82", "price_changes": [{"asset_id": "39828720608155723418301214397692986239980049531210825338778701775676917810839", "price": "0.21", "size": "200", "side": "BUY", "hash": "d406723c391227e7f5b8d70f58b4acb53c9ae791", "best_bid": "0.75", "best_ask": "0.77"}, {"asset_id": "8361104603056110450083567322497943223782511845432999258620698572163981630847", "price": "0.79", "size": "200", "side": "SELL", "hash": "ff3df2346538a19c6e8ba1bd06e2ccd5b413c3bc", "best_bid": "0.23", "best_ask": "0.25"}], "timestamp": "1769384566993", "event_type": "price_change"}}
{"_local_timestamp": "2026-01-25T23:43:02.111248+00:00", "data": {"market": "0x120a43c108202f029133104531990a595af4f3700a92bbda4403535235bc4c82", "price_changes": [{"asset_id": "8361104603056110450083567322497943223782511845432999258620698572163981630847", "price": "0.22", "size": "613", "side": "BUY", "hash": "b308f55074dccd894544d021aae7d9c60bd3f46c", "best_bid": "0.23", "best_ask": "0.25"}, {"asset_id": "39828720608155723418301214397692986239980049531210825338778701775676917810839", "price": "0.78", "size": "613", "side": "SELL", "hash": "6c306be9acbe5ceb2b0eca19b68f885adcd02c63", "best_bid": "0.75", "best_ask": "0.77"}], "timestamp": "1769384582001", "event_type": "price_change"}}
{"_local_timestamp": "2026-01-25T23:43:02.136104+00:00", "data": {"market": "0x120a43c108202f029133104531990a595af4f3700a92bbda4403535235bc4c82", "price_changes": [{"asset_id": "39828720608155723418301214397692986239980049531210825338778701775676917810839", "price": "0.74", "size": "639.1", "side": "BUY", "hash": "37c154fd7e69a97521ffa9bcd92f21bb8b4629c9", "best_bid": "0.75", "best_ask": "0.77"}, {"asset_id": "8361104603056110450083567322497943223782511845432999258620698572163981630847", "price": "0.26", "size": "639.1", "side": "SELL", "hash": "2873f219db39fb1f64a060de5fd06834ab3b2978", "best_bid": "0.23", "best_ask": "0.25"}], "timestamp": "1769384582003", "event_type": "price_change"}}
{"_local_timestamp": "2026-01-25T23:43:04.132730+00:00", "data": {"market": "0x120a43c108202f029133104531990a595af4f3700a92bbda4403535235bc4c82", "price_changes": [{"asset_id": "39828720608155723418301214397692986239980049531210825338778701775676917810839", "price": "0.21", "size": "0", "side": "BUY", "hash": "ca3268de72027080388795353217d0f996705bc4", "best_bid": "0.75", "best_ask": "0.77"}, {"asset_id": "8361104603056110450083567322497943223782511845432999258620698572163981630847", "price": "0.79", "size": "0", "side": "SELL", "hash": "87c2cea3ca451a196211dbe947e4c80854d156ef", "best_bid": "0.23", "best_ask": "0.25"}], "timestamp": "1769384584023", "event_type": "price_change"}}
{"_local_timestamp": "2026-01-25T23:43:04.400965+00:00", "data": {"market": "0x120a43c108202f029133104531990a595af4f3700a92bbda4403535235bc4c82", "price_changes": [{"asset_id": "39828720608155723418301214397692986239980049531210825338778701775676917810839", "price": "0.2", "size": "200", "side": "BUY", "hash": "b1545c9a76736a867cfb3d1998e10069913d84cd", "best_bid": "0.75", "best_ask": "0.77"}, {"asset_id": "8361104603056110450083567322497943223782511845432999258620698572163981630847", "price": "0.8", "size": "200", "side": "SELL", "hash": "a790624ef584970d5365ae7adb19f39e102fd877", "best_bid": "0.23", "best_ask": "0.25"}], "timestamp": "1769384584298", "event_type": "price_change"}}
{"_local_timestamp": "2026-01-25T23:43:30.111801+00:00", "data": {"market": "0x120a43c108202f029133104531990a595af4f3700a92bbda4403535235bc4c82", "price_changes": [{"asset_id": "8361104603056110450083567322497943223782511845432999258620698572163981630847", "price": "0.23", "size": "0", "side": "BUY", "hash": "e2ab1a3ac7ac12ba134438a32e49391f2f452a62", "best_bid": "0.22", "best_ask": "0.25"}, {"asset_id": "39828720608155723418301214397692986239980049531210825338778701775676917810839", "price": "0.77", "size": "0", "side": "SELL", "hash": "acd0d677016c398623a17308ad5b616e659b7fd6", "best_bid": "0.75", "best_ask": "0.78"}], "timestamp": "1769384609980", "event_type": "price_change"}}
{"_local_timestamp": "2026-01-25T23:43:30.115308+00:00", "data": {"market": "0x120a43c108202f029133104531990a595af4f3700a92bbda4403535235bc4c82", "price_changes": [{"asset_id": "39828720608155723418301214397692986239980049531210825338778701775676917810839", "price": "0.75", "size": "0", "side": "BUY", "hash": "4a5b4c96984b450824490ac19d0d4260adf47360", "best_bid": "0.74", "best_ask": "0.78"}, {"asset_id": "8361104603056110450083567322497943223782511845432999258620698572163981630847", "price": "0.25", "size": "0", "side": "SELL", "hash": "ca61740f832292cd9fd7d5ca4346fd173747511b", "best_bid": "0.22", "best_ask": "0.26"}], "timestamp": "1769384609992", "event_type": "price_change"}}
{"_local_timestamp": "2026-01-25T23:43:30.235238+00:00", "data": {"market": "0x120a43c108202f029133104531990a595af4f3700a92bbda4403535235bc4c82", "price_changes": [{"asset_id": "39828720608155723418301214397692986239980049531210825338778701775676917810839", "price": "0.74", "size": "619.1", "side": "BUY", "hash": "40fa16e463fb5e05531978ca933b526cf1b20c42", "best_bid": "0.74", "best_ask": "0.78"}, {"asset_id": "8361104603056110450083567322497943223782511845432999258620698572163981630847", "price": "0.26", "size": "619.1", "side": "SELL", "hash": "d460cb7a01703f17a2bf863619d40aac5ba595ad", "best_bid": "0.22", "best_ask": "0.26"}], "timestamp": "1769384610098", "event_type": "price_change"}}
{"_local_timestamp": "2026-01-25T23:43:30.235813+00:00", "data": {"market": "0x120a43c108202f029133104531990a595af4f3700a92bbda4403535235bc4c82", "price_changes": [{"asset_id": "8361104603056110450083567322497943223782511845432999258620698572163981630847", "price": "0.22", "size": "593", "side": "BUY", "hash": "c6f1702c53fd17227debda11fd79616ff6bdecdb", "best_bid": "0.22", "best_ask": "0.26"}, {"asset_id": "39828720608155723418301214397692986239980049531210825338778701775676917810839", "price": "0.78", "size": "593", "side": "SELL", "hash": "3b82b2c5661df9741206bfb3742cf62ce106e70e", "best_bid": "0.74", "best_ask": "0.78"}], "timestamp": "1769384610099", "event_type": "price_change"}}
{"_local_timestamp": "2026-01-25T23:43:30.371047+00:00", "data": {"market": "0x120a43c108202f029133104531990a595af4f3700a92bbda4403535235bc4c82", "price_changes": [{"asset_id": "39828720608155723418301214397692986239980049531210825338778701775676917810839", "price": "0.74", "size": "639.1", "side": "BUY", "hash": "c5ebb7f6c2e92c5162baad9f583fd33ef17282ea", "best_bid": "0.74", "best_ask": "0.78"}, {"asset_id": "8361104603056110450083567322497943223782511845432999258620698572163981630847", "price": "0.26", "size": "639.1", "side": "SELL", "hash": "a339104c5b1493908ec446b04aa121718732dceb", "best_bid": "0.22", "best_ask": "0.26"}], "timestamp": "1769384610245", "event_type": "price_change"}}
{"_local_timestamp": "2026-01-25T23:43:30.372278+00:00", "data": {"market": "0x120a43c108202f029133104531990a595af4f3700a92bbda4403535235bc4c82", "price_changes": [{"asset_id": "8361104603056110450083567322497943223782511845432999258620698572163981630847", "price": "0.21", "size": "182.84", "side": "BUY", "hash": "cdf8cb1ec7a82c2c8f7aa12247de315b223d0d04", "best_bid": "0.22", "best_ask": "0.26"}, {"asset_id": "39828720608155723418301214397692986239980049531210825338778701775676917810839", "price": "0.79", "size": "182.84", "side": "SELL", "hash": "3f7d89504239e7df1e0a04cf914b8a0fec864052", "best_bid": "0.74", "best_ask": "0.78"}], "timestamp": "1769384610246", "event_type": "price_change"}}
{"_local_timestamp": "2026-01-25T23:43:31.213105+00:00", "data": {"market": "0x120a43c108202f029133104531990a595af4f3700a92bbda4403535235bc4c82", "price_changes": [{"asset_id": "8361104603056110450083567322497943223782511845432999258620698572163981630847", "price": "0.22", "size": "208", "side": "BUY", "hash": "f394219077aa3852cc7ce58ce60507f298204d65", "best_bid": "0.22", "best_ask": "0.26"}, {"asset_id": "39828720608155723418301214397692986239980049531210825338778701775676917810839", "price": "0.78", "size": "208", "side": "SELL", "hash": "6a0ffff59b3fe15ca8fef9c0c547179ed40f2782", "best_bid": "0.74", "best_ask": "0.78"}], "timestamp": "1769384611093", "event_type": "price_change"}}
{"_local_timestamp": "2026-01-25T23:43:31.303753+00:00", "data": {"market": "0x120a43c108202f029133104531990a595af4f3700a92bbda4403535235bc4c82", "price_changes": [{"asset_id": "39828720608155723418301214397692986239980049531210825338778701775676917810839", "price": "0.74", "size": "619.1", "side": "BUY", "hash": "7cd799a774e56c39e29b9d53ac33feb83a728701", "best_bid": "0.74", "best_ask": "0.78"}, {"asset_id": "8361104603056110450083567322497943223782511845432999258620698572163981630847", "price": "0.26", "size": "619.1", "side": "SELL", "hash": "037632496ee2033a011b41e63215a57002d0ae95", "best_bid": "0.22", "best_ask": "0.26"}], "timestamp": "1769384611180", "event_type": "price_change"}}
{"_local_timestamp": "2026-01-25T23:43:31.304297+00:00", "data": {"market": "0x120a43c108202f029133104531990a595af4f3700a92bbda4403535235bc4c82", "price_changes": [{"asset_id": "8361104603056110450083567322497943223782511845432999258620698572163981630847", "price": "0.21", "size": "162.84", "side": "BUY", "hash": "7f3f1174214a6a052b6dd8d7b797b349e5a3344d", "best_bid": "0.22", "best_ask": "0.26"}, {"asset_id": "39828720608155723418301214397692986239980049531210825338778701775676917810839", "price": "0.79", "size": "162.84", "side": "SELL", "hash": "6f0bfb215467ec3a7d2ec3891f92f01b17490f04", "best_bid": "0.74", "best_ask": "0.78"}], "timestamp": "1769384611181", "event_type": "price_change"}}
{"_local_timestamp": "2026-01-25T23:43:31.482356+00:00", "data": {"market": "0x120a43c108202f029133104531990a595af4f3700a92bbda4403535235bc4c82", "price_changes": [{"asset_id": "8361104603056110450083567322497943223782511845432999258620698572163981630847", "price": "0.21", "size": "486.84", "side": "BUY", "hash": "a38a67d96c3ef4c0b59116301e79286a8bc9f8d8", "best_bid": "0.22", "best_ask": "0.26"}, {"asset_id": "39828720608155723418301214397692986239980049531210825338778701775676917810839", "price": "0.79", "size": "486.84", "side": "SELL", "hash": "7221414e2a3973b6eae31c1b01672f8224c07283", "best_bid": "0.74", "best_ask": "0.78"}], "timestamp": "1769384611365", "event_type": "price_change"}}
{"_local_timestamp": "2026-01-25T23:43:31.542208+00:00", "data": {"market": "0x120a43c108202f029133104531990a595af4f3700a92bbda4403535235bc4c82", "price_changes": [{"asset_id": "8361104603056110450083567322497943223782511845432999258620698572163981630847", "price": "0.21", "size": "506.84", "side": "BUY", "hash": "eed4bd0ce0db57e1dbbf49aac25e99b5d3c7299c", "best_bid": "0.22", "best_ask": "0.26"}, {"asset_id": "39828720608155723418301214397692986239980049531210825338778701775676917810839", "price": "0.79", "size": "506.84", "side": "SELL", "hash": "740bbbb6b14f8f87a694f90ed13e35cfa487dd28", "best_bid": "0.74", "best_ask": "0.78"}], "timestamp": "1769384611418", "event_type": "price_change"}}
{"_local_timestamp": "2026-01-25T23:43:31.542762+00:00", "data": {"market": "0x120a43c108202f029133104531990a595af4f3700a92bbda4403535235bc4c82", "price_changes": [{"asset_id": "39828720608155723418301214397692986239980049531210825338778701775676917810839", "price": "0.73", "size": "684", "side": "BUY", "hash": "e5a2b29af84061eb878a04bfd7852b5ecc369d31", "best_bid": "0.74", "best_ask": "0.78"}, {"asset_id": "8361104603056110450083567322497943223782511845432999258620698572163981630847", "price": "0.27", "size": "684", "side": "SELL", "hash": "6b021f0158709c88cfe2ca880781f0cb309584ce", "best_bid": "0.22", "best_ask": "0.26"}], "timestamp": "1769384611418", "event_type": "price_change"}}
{"_local_timestamp": "2026-01-25T23:43:31.705365+00:00", "data": {"market": "0x120a43c108202f029133104531990a595af4f3700a92bbda4403535235bc4c82", "price_changes": [{"asset_id": "39828720608155723418301214397692986239980049531210825338778701775676917810839", "price": "0.74", "size": "234.1", "side": "BUY", "hash": "2588279b57b5d67837cee7c1964e7b76d827975f", "best_bid": "0.74", "best_ask": "0.78"}, {"asset_id": "8361104603056110450083567322497943223782511845432999258620698572163981630847", "price": "0.26", "size": "234.1", "side": "SELL", "hash": "ac57f982cfbf9136a0b8f444dadad861d11614f3", "best_bid": "0.22", "best_ask": "0.26"}], "timestamp": "1769384611582", "event_type": "price_change"}}
{"_local_timestamp": "2026-01-25T23:43:31.918109+00:00", "data": {"market": "0x120a43c108202f029133104531990a595af4f3700a92bbda4403535235bc4c82", "price_changes": [{"asset_id": "39828720608155723418301214397692986239980049531210825338778701775676917810839", "price": "0.73", "size": "1008", "side": "BUY", "hash": "31e7e49870216a960902f4367de49b687d76713b", "best_bid": "0.74", "best_ask": "0.78"}, {"asset_id": "8361104603056110450083567322497943223782511845432999258620698572163981630847", "price": "0.27", "size": "1008", "side": "SELL", "hash": "d1cb4615711c0f4aad1d6298e10258fb3d7072d7", "best_bid": "0.22", "best_ask": "0.26"}], "timestamp": "1769384611797", "event_type": "price_change"}}
{"_local_timestamp": "2026-01-25T23:43:51.074177+00:00", "data": {"market": "0x120a43c108202f029133104531990a595af4f3700a92bbda4403535235bc4c82", "price_changes": [{"asset_id": "39828720608155723418301214397692986239980049531210825338778701775676917810839", "price": "0.72", "size": "800", "side": "BUY", "hash": "1af64ca495df47c5a6bb052a5b53c3913fac0d97", "best_bid": "0.74", "best_ask": "0.78"}, {"asset_id": "8361104603056110450083567322497943223782511845432999258620698572163981630847", "price": "0.28", "size": "800", "side": "SELL", "hash": "138dfb37d3ce6c0068b7bea00fe396ae44d6fb5e", "best_bid": "0.22", "best_ask": "0.26"}], "timestamp": "1769384630931", "event_type": "price_change"}}
{"_local_timestamp": "2026-01-25T23:43:51.174011+00:00", "data": {"market": "0x120a43c108202f029133104531990a595af4f3700a92bbda4403535235bc4c82", "price_changes": [{"asset_id": "39828720608155723418301214397692986239980049531210825338778701775676917810839", "price": "0.69", "size": "10", "side": "BUY", "hash": "8ca27564910acaf78eb6ce7d827d4171f3ffc0cf", "best_bid": "0.74", "best_ask": "0.78"}, {"asset_id": "8361104603056110450083567322497943223782511845432999258620698572163981630847", "price": "0.31", "size": "10", "side": "SELL", "hash": "5061f4b30036878d13dd4f2309a1abd060f3b363", "best_bid": "0.22", "best_ask": "0.26"}], "timestamp": "1769384631030", "event_type": "price_change"}}
