{"_local_timestamp": "2026-01-25T23:33:18.180051+00:00", "data": [{"market": "0xe59b76327e1738fa8f70d1cf718de431ea5b6cbb5b5bc1a0fc7ed2fe3a35d23f", "asset_id": "29167911569251697627561520365187209736585940036843245980280184107763990191336", "timestamp": "1769383994523", "hash": "7f86bd38016cad5943ad59e8a09d0aac4d6f676c", "bids": [{"price": "0.01", "size": "1103224.54"}, {"price": "0.02", "size": "522200"}, {"price": "0.03", "size": "209000"}, {"price": "0.04", "size": "20006.62"}, {"price": "0.05", "size": "51600"}, {"price": "0.06", "size": "2000"}, {"price": "0.08", "size": "3000"}, {"price": "0.1", "size": "500"}, {"price": "0.11", "size": "5.35"}, {"price": "0.12", "size": "5000"}, {"price": "0.13", "size": "9300"}, {"price": "0.15", "size": "500"}, {"price": "0.16", "size": "250"}, {"price": "0.17", "size": "11"}, {"price": "0.26", "size": "200"}, {"price": "0.3", "size": "100"}, {"price": "0.33", "size": "100"}, {"price": "0.36", "size": "100"}, {"price": "0.38", "size": "100"}, {"price": "0.41", "size": "100"}, {"price": "0.48", "size": "3.84"}, {"price": "0.56", "size": "850"}, {"price": "0.59", "size": "50"}, {"price": "0.6", "size": "100"}, {"price": "0.61", "size": "40"}, {"price": "0.62", "size": "28.9"}, {"price": "0.64", "size": "100"}, {"price": "0.65", "size": "30"}], "asks": [{"price": "0.99", "size": "1103210"}, {"price": "0.98", "size": "422206.41"}, {"price": "0.97", "size": "50000"}, {"price": "0.96", "size": "90005.53"}, {"price": "0.95", "size": "2000"}, {"price": "0.94", "size": "7000"}, {"price": "0.93", "size": "650"}, {"price": "0.92", "size": "300"}, {"price": "0.91", "size": "300"}, {"price": "0.9", "size": "806.5"}, {"price": "0.89", "size": "400"}, {"price": "0.88", "size": "350"}, {"price": "0.87", "size": "300"}, {"price": "0.85", "size": "750"}, {"price": "0.83", "size": "200"}, {"price": "0.82", "size": "850"}, {"price": "0.79", "size": "200"}, {"price": "0.78", "size": "200"}, {"price": "0.75", "size": "200"}, {"price": "0.74", "size": "300"}, {"price": "0.73", "size": "200"}, {"price": "0.72", "size": "86.49"}, {"price": "0.7", "size": "10"}, {"price": "0.69", "size": "10"}, {"price": "0.68", "size": "160"}, {"price": "0.67", "size": "50"}], "event_type": "book", "last_trade_price": "0.650"}, {"market": "0xe59b76327e1738fa8f70d1cf718de431ea5b6cbb5b5bc1a0fc7ed2fe3a35d23f", "asset_id": "36078119804240234836103859862239888132503167153514749070840280604708322105505", "timestamp": "1769383994523", "hash": "77c0e4496ecefd59329a5b8b0c5188eb8443c2d0", "bids": [{"price": "0.01", "size": "1103210"}, {"price": "0.02", "size": "422206.41"}, {"price": "0.03", "size": "50000"}, {"price": "0.04", "size": "90005.53"}, {"price": "0.05", "size": "2000"}, {"price": "0.06", "size": "7000"}, {"price": "0.07", "size": "650"}, {"price": "0.08", "size": "300"}, {"price": "0.09", "size": "300"}, {"price": "0.1", "size": "806.5"}, {"price": "0.11", "size": "400"}, {"price": "0.12", "size": "350"}, {"price": "0.13", "size": "300"}, {"price": "0.15", "size": "750"}, {"price": "0.17", "size": "200"}, {"price": "0.18", "size": "850"}, {"price": "0.21", "size": "200"}, {"price": "0.22", "size": "200"}, {"price": "0.25", "size": "200"}, {"price": "0.26", "size": "300"}, {"price": "0.27", "size": "200"}, {"price": "0.28", "size": "86.49"}, {"price": "0.3", "size": "10"}, {"price": "0.31", "size": "10"}, {"price": "0.32", "size": "160"}, {"price": "0.33", "size": "50"}], "asks": [{"price": "0.99", "size": "1103224.54"}, {"price": "0.98", "size": "522200"}, {"price": "0.97", "size": "209000"}, {"price": "0.96", "size": "20006.62"}, {"price": "0.95", "size": "51600"}, {"price": "0.94", "size": "2000"}, {"price": "0.92", "size": "3000"}, {"price": "0.9", "size": "500"}, {"price": "0.89", "size": "5.35"}, {"price": "0.88", "size": "5000"}, {"price": "0.87", "size": "9300"}, {"price": "0.85", "size": "500"}, {"price": "0.84", "size": "250"}, {"price": "0.83", "size": "11"}, {"price": "0.74", "size": "200"}, {"price": "0.7", "size": "100"}, {"price": "0.67", "size": "100"}, {"price": "0.64", "size": "100"}, {"price": "0.62", "size": "100"}, {"price": "0.59", "size": "100"}, {"price": "0.52", "size": "3.84"}, {"price": "0.44", "size": "850"}, {"price": "0.41", "size": "50"}, {"price": "0.4", "size": "100"}, {"price": "0.39", "size": "40"}, {"price": "0.38", "size": "28.9"}, {"price": "0.36", "size": "100"}, {"price": "0.35", "size": "30"}], "event_type": "book", "last_trade_price": "0.650"}]}
{"_local_timestamp": "2026-01-25T23:34:28.927909+00:00", "data": {"market": "0xe59b76327e1738fa8f70d1cf718de431ea5b6cbb5b5bc1a0fc7ed2fe3a35d23f", "price_changes": [{"asset_id": "29167911569251697627561520365187209736585940036843245980280184107763990191336", "price": "0.5", "size": "3000", "side": "BUY", "hash": "fe62add0c28211b20bdc08e3fdaa3930f18af50a", "best_bid": "0.65", "best_ask": "0.67"}, {"asset_id": "36078119804240234836103859862239888132503167153514749070840280604708322105505", "price": "0.5", "size": "3000", "side": "SELL", "hash": "ea5e07e531e4ef159010ec91a35c4aa2b70ceb3f", "best_bid": "0.33", "best_ask": "0.35"}], "timestamp": "1769384068481", "event_type": "price_change"}}
{"_local_timestamp": "2026-01-25T23:34:41.646658+00:00", "data": {"market": "0xe59b76327e1738fa8f70d1cf718de431ea5b6cbb5b5bc1a0fc7ed2fe3a35d23f", "price_changes": [{"asset_id": "36078119804240234836103859862239888132503167153514749070840280604708322105505", "price": "0.1", "size": "800", "side": "BUY", "hash": "b760562ebd3143d079c6bb24b8b043b45b7c4498", "best_bid": "0.33", "best_ask": "0.35"}, {"asset_id": "29167911569251697627561520365187209736585940036843245980280184107763990191336", "price": "0.9", "size": "800", "side": "SELL", "hash": "78f0ea44689d29c8413deebeaa988443779ab872", "best_bid": "0.65", "best_ask": "0.67"}], "timestamp": "1769384081538", "event_type": "price_change"}}
{"_local_timestamp": "2026-01-25T23:34:41.947086+00:00", "data": {"market": "0xe59b76327e1738fa8f70d1cf718de431ea5b6cbb5b5bc1a0fc7ed2fe3a35d23f", "price_changes": [{"asset_id": "36078119804240234836103859862239888132503167153514749070840280604708322105505", "price": "0.1", "size": "806.5", "side": "BUY", "hash": "0c8925f992d15cbfbdc6965aea2f6f0b3ec5b1fa", "best_bid": "0.33", "best_ask": "0.35"}, {"asset_id": "29167911569251697627561520365187209736585940036843245980280184107763990191336", "price": "0.9", "size": "806.5", "side": "SELL", "hash": "c7337fa375d7704e85994c2e386917afebbcd8e7", "best_bid": "0.65", "best_ask": "0.67"}], "timestamp": "1769384081875", "event_type": "price_change"}}
{"_local_timestamp": "2026-01-25T23:34:52.661160+00:00", "data": {"market": "0xe59b76327e1738fa8f70d1cf718de431ea5b6cbb5b5bc1a0fc7ed2fe3a35d23f", "price_changes": [{"asset_id": "29167911569251697627561520365187209736585940036843245980280184107763990191336", "price": "0.2", "size": "200", "side": "BUY", "hash": "74930732319cc9c59265d2fdd59439e088a20a5e", "best_bid": "0.65", "best_ask": "0.67"}, {"asset_id": "36078119804240234836103859862239888132503167153514749070840280604708322105505", "price": "0.8", "size": "200", "side": "SELL", "hash": "4682811238993af26a250f8e76a7fcd9b698b97a", "best_bid": "0.33", "best_ask": "0.35"}], "timestamp": "1769384092590", "event_type": "price_change"}}
{"_local_timestamp": "2026-01-25T23:34:58.761849+00:00", "data": {"market": "0xe59b76327e1738fa8f70d1cf718de431ea5b6cbb5b5bc1a0fc7ed2fe3a35d23f", "price_changes": [{"asset_id": "29167911569251697627561520365187209736585940036843245980280184107763990191336", "price": "0.03", "size": "209100", "side": "BUY", "hash": "b435a4639500a798e96e11d060fdd98dd1d8b7ee", "best_bid": "0.65", "best_ask": "0.67"}, {"asset_id": "36078119804240234836103859862239888132503167153514749070840280604708322105505", "price": "0.97", "size": "209100", "side": "SELL", "hash": "d6dadf41d6f17a4e2109335398f4f7db597fe9cf", "best_bid": "0.33", "best_ask": "0.35"}], "timestamp": "1769384098670", "event_type": "price_change"}}
{"_local_timestamp": "2026-01-25T23:34:58.762508+00:00", "data": {"market": "0xe59b76327e1738fa8f70d1cf718de431ea5b6cbb5b5bc1a0fc7ed2fe3a35d23f", "price_changes": [{"asset_id": "29167911569251697627561520365187209736585940036843245980280184107763990191336", "price": "0.13", "size": "9400", "side": "BUY", "hash": "83cf5e0b14f3037c3d4d6886a4d27fb908355a21", "best_bid": "0.65", "best_ask": "0.67"}, {"asset_id": "36078119804240234836103859862239888132503167153514749070840280604708322105505", "price": "0.87", "size": "9400", "side": "SELL", "hash": "3099a1724701dcb335c40e70847a33589a31a7b7", "best_bid": "0.33", "best_ask": "0.35"}], "timestamp": "1769384098671", "event_type": "price_change"}}
{"_local_timestamp": "2026-01-25T23:34:58.762795+00:00", "data": {"market": "0xe59b76327e1738fa8f70d1cf718de431ea5b6cbb5b5bc1a0fc7ed2fe3a35d23f", "price_changes": [{"asset_id": "29167911569251697627561520365187209736585940036843245980280184107763990191336", "price": "0.14", "size": "50", "side": "BUY", "hash": "259fa9f29cc256489ead5064621a9fbcfd8b8bef", "best_bid": "0.65", "best_ask": "0.67"}, {"asset_id": "36078119804240234836103859862239888132503167153514749070840280604708322105505", "price": "0.86", "size": "50", "side": "SELL", "hash": "8fba3295efe3a72c5a216019b8b33bc7659da02c", "best_bid": "0.33", "best_ask": "0.35"}], "timestamp": "1769384098672", "event_type": "price_change"}}
{"_local_timestamp": "2026-01-25T23:35:01.362473+00:00", "data": {"market": "0xe59b76327e1738fa8f70d1cf718de431ea5b6cbb5b5bc1a0fc7ed2fe3a35d23f", "price_changes": [{"asset_id": "36078119804240234836103859862239888132503167153514749070840280604708322105505", "price": "0.18", "size": "150", "side": "BUY", "hash": "db64d009dbd682828063cdc76478c8584551714b", "best_bid": "0.33", "best_ask": "0.35"}, {"asset_id": "29167911569251697627561520365187209736585940036843245980280184107763990191336", "price": "0.82", "size": "150", "side": "SELL", "hash": "e1244d93f0abf0b11184ff94e406e7e638cb3b43", "best_bid": "0.65", "best_ask": "0.67"}], "timestamp": "1769384101248", "event_type": "price_change"}}
{"_local_timestamp": "2026-01-25T23:35:14.034592+00:00", "data": {"market": "0xe59b76327e1738fa8f70d1cf718de431ea5b6cbb5b5bc1a0fc7ed2fe3a35d23f", "price_changes": [{"asset_id": "29167911569251697627561520365187209736585940036843245980280184107763990191336", "price": "0.5", "size": "0", "side": "BUY", "hash": "ab987f4582d0e2f004ea205c7c492287c97e8dd4", "best_bid": "0.65", "best_ask": "0.67"}, {"asset_id": "36078119804240234836103859862239888132503167153514749070840280604708322105505", "price": "0.5", "size": "0", "side": "SELL", "hash": "546e89c1f36168a3127675e72c8508fb365448ab", "best_bid": "0.33", "best_ask": "0.35"}], "timestamp": "1769384113823", "event_type": "price_change"}}
{"_local_timestamp": "2026-01-25T23:35:15.627300+00:00", "data": {"market": "0xe59b76327e1738fa8f70d1cf718de431ea5b6cbb5b5bc1a0fc7ed2fe3a35d23f", "price_changes": [{"asset_id": "36078119804240234836103859862239888132503167153514749070840280604708322105505", "price": "0.17", "size": "3200", "side": "BUY", "hash": "49b2d5fe4a2b9f9b8b71dc280a2e9d3115f39e7e", "best_bid": "0.33", "best_ask": "0.35"}, {"asset_id": "29167911569251697627561520365187209736585940036843245980280184107763990191336", "price": "0.83", "size": "3200", "side": "SELL", "hash": "7ae1754f73e8defbe272ccb2a0de989525b9861c", "best_bid": "0.65", "best_ask": "0.67"}], "timestamp": "1769384115406", "event_type": "price_change"}}
{"_local_timestamp": "2026-01-25T23:35:26.579922+00:00", "data": {"market": "0xe59b76327e1738fa8f70d1cf718de431ea5b6cbb5b5bc1a0fc7ed2fe3a35d23f", "price_changes": [{"asset_id": "36078119804240234836103859862239888132503167153514749070840280604708322105505", "price": "0.17", "size": "200", "side": "BUY", "hash": "5b83943089006286cbb121a1d7098702d023738e", "best_bid": "0.33", "best_ask": "0.35"}, {"asset_id": "29167911569251697627561520365187209736585940036843245980280184107763990191336", "price": "0.83", "size": "200", "side": "SELL", "hash": "fb9f9db584e7f4139f600ae858c33ab330ab88bb", "best_bid": "0.65", "best_ask": "0.67"}], "timestamp": "1769384126357", "event_type": "price_change"}}
{"_local_timestamp": "2026-01-25T23:35:35.258947+00:00", "data": {"market": "0xe59b76327e1738fa8f70d1cf718de431ea5b6cbb5b5bc1a0fc7ed2fe3a35d23f", "price_changes": [{"asset_id": "29167911569251697627561520365187209736585940036843245980280184107763990191336", "price": "0.03", "size": "209000", "side": "BUY", "hash": "38051a3e0a1b6ffa5c0b61cd73a453b20f0bee39", "best_bid": "0.65", "best_ask": "0.67"}, {"asset_id": "36078119804240234836103859862239888132503167153514749070840280604708322105505", "price": "0.97", "size": "209000", "side": "SELL", "hash": "a88b7b06370f46570a0b332ac4244ac9e1eba798", "best_bid": "0.33", "best_ask": "0.35"}], "timestamp": "1769384134998", "event_type": "price_change"}}
{"_local_timestamp": "2026-01-25T23:35:35.259637+00:00", "data": {"market": "0xe59b76327e1738fa8f70d1cf718de431ea5b6cbb5b5bc1a0fc7ed2fe3a35d23f", "price_changes": [{"asset_id": "29167911569251697627561520365187209736585940036843245980280184107763990191336", "price": "0.13", "size": "9300", "side": "BUY", "hash": "38051a3e0a1b6ffa5c0b61cd73a453b20f0bee39", "best_bid": "0.65", "best_ask": "0.67"}, {"asset_id": "36078119804240234836103859862239888132503167153514749070840280604708322105505", "price": "0.87", "size": "9300", "side": "SELL", "hash": "a88b7b06370f46570a0b332ac4244ac9e1eba798", "best_bid": "0.33", "best_ask": "0.35"}], "timestamp": "1769384134998", "event_type": "price_change"}}
{"_local_timestamp": "2026-01-25T23:35:35.259941+00:00", "data": {"market": "0xe59b76327e1738fa8f70d1cf718de431ea5b6cbb5b5bc1a0fc7ed2fe3a35d23f", "price_changes": [{"asset_id": "29167911569251697627561520365187209736585940036843245980280184107763990191336", "price": "0.14", "size": "0", "side": "BUY", "hash": "38051a3e0a1b6ffa5c0b61cd73a453b20f0bee39", "best_bid": "0.65", "best_ask": "0.67"}, {"asset_id": "36078119804240234836103859862239888132503167153514749070840280604708322105505", "price": "0.86", "size": "0", "side": "SELL", "hash": "a88b7b06370f46570a0b332ac4244ac9e1eba798", "best_bid": "0.33", "best_ask": "0.35"}], "timestamp": "1769384134998", "event_type": "price_change"}}
{"_local_timestamp": "2026-01-25T23:35:37.055192+00:00", "data": {"market": "0xe59b76327e1738fa8f70d1cf718de431ea5b6cbb5b5bc1a0fc7ed2fe3a35d23f", "price_changes": [{"asset_id": "29167911569251697627561520365187209736585940036843245980280184107763990191336", "price": "0.2", "size": "0", "side": "BUY", "hash": "136024e386f599efb02352f09a345575f7d6df22", "best_bid": "0.65", "best_ask": "0.67"}, {"asset_id": "36078119804240234836103859862239888132503167153514749070840280604708322105505", "price": "0.8", "size": "0", "side": "SELL", "hash": "32596b9753ab10cf0a80987169f028544084ebc6", "best_bid": "0.33", "best_ask": "0.35"}], "timestamp": "1769384136831", "event_type": "price_change"}}
{"_local_timestamp": "2026-01-25T23:35:43.627466+00:00", "data": {"market": "0xe59b76327e1738fa8f70d1cf718de431ea5b6cbb5b5bc1a0fc7ed2fe3a35d23f", "price_changes": [{"asset_id": "36078119804240234836103859862239888132503167153514749070840280604708322105505", "price": "0.26", "size": "150", "side": "BUY", "hash": "4632b8a6bd459ebdbc50653db5ea04757de4f154", "best_bid": "0.33", "best_ask": "0.35"}, {"asset_id": "29167911569251697627561520365187209736585940036843245980280184107763990191336", "price": "0.74", "size": "150", "side": "SELL", "hash": "375d6464410cf8ae7ce54c958dab4df3df263f2d", "best_bid": "0.65", "best_ask": "0.67"}], "timestamp": "1769384143556", "event_type": "price_change"}}
{"_local_timestamp": "2026-01-25T23:35:51.791550+00:00", "data": {"market": "0xe59b76327e1738fa8f70d1cf718de431ea5b6cbb5b5bc1a0fc7ed2fe3a35d23f", "price_changes": [{"asset_id": "36078119804240234836103859862239888132503167153514749070840280604708322105505", "price": "0.18", "size": "850", "side": "BUY", "hash": "08f0e1784a7c5dfa5631d529779b5e29bcd16746", "best_bid": "0.33", "best_ask": "0.35"}, {"asset_id": "29167911569251697627561520365187209736585940036843245980280184107763990191336", "price": "0.82", "size": "850", "side": "SELL", "hash": "3a226a8b1e722140d4d5bab01e808c6257d10d13", "best_bid": "0.65", "best_ask": "0.67"}], "timestamp": "1769384151719", "event_type": "price_change"}}
{"_local_timestamp": "2026-01-25T23:35:51.931279+00:00", "data": {"market": "0xe59b76327e1738fa8f70d1cf718de431ea5b6cbb5b5bc1a0fc7ed2fe3a35d23f", "price_changes": [{"asset_id": "29167911569251697627561520365187209736585940036843245980280184107763990191336", "price": "0.56", "size": "3850", "side": "BUY", "hash": "605b0600b462ec7ad6b64948508b9f62cc4113d9", "best_bid": "0.65", "best_ask": "0.67"}, {"asset_id": "36078119804240234836103859862239888132503167153514749070840280604708322105505", "price": "0.44", "size": "3850", "side": "SELL", "hash": "0c7c4c2049b84899e6935e0669d638762dfd0710", "best_bid": "0.33", "best_ask": "0.35"}], "timestamp": "1769384151860", "event_type": "price_change"}}
{"_local_timestamp": "2026-01-25T23:35:54.567482+00:00", "data": {"market": "0xe59b76327e1738fa8f70d1cf718de431ea5b6cbb5b5bc1a0fc7ed2fe3a35d23f", "price_changes": [{"asset_id": "36078119804240234836103859862239888132503167153514749070840280604708322105505", "price": "0.18", "size": "150", "side": "BUY", "hash": "7a91952a25af0f88fbe2d5e92fe57ee3bec0a9e3", "best_bid": "0.33", "best_ask": "0.35"}, {"asset_id": "29167911569251697627561520365187209736585940036843245980280184107763990191336", "price": "0.82", "size": "150", "side": "SELL", "hash": "2c3b34d836f49b3b02189ed7aa032009b9409c16", "best_bid": "0.65", "best_ask": "0.67"}], "timestamp": "1769384154496", "event_type": "price_change"}}
{"_local_timestamp": "2026-01-25T23:35:54.855727+00:00", "data": {"market": "0xe59b76327e1738fa8f70d1cf718de431ea5b6cbb5b5bc1a0fc7ed2fe3a35d23f", "price_changes": [{"asset_id": "36078119804240234836103859862239888132503167153514749070840280604708322105505", "price": "0.17", "size": "3200", "side": "BUY", "hash": "44c58edb6d880f3d00685a6021d97fc659d26ba2", "best_bid": "0.33", "best_ask": "0.35"}, {"asset_id": "29167911569251697627561520365187209736585940036843245980280184107763990191336", "price": "0.83", "size": "3200", "side": "SELL", "hash": "57a56dd107826e6d5f17ae191651a68c0e1014a4", "best_bid": "0.65", "best_ask": "0.67"}], "timestamp": "1769384154781", "event_type": "price_change"}}
{"_local_timestamp": "2026-01-25T23:36:02.737041+00:00", "data": {"market": "0xe59b76327e1738fa8f70d1cf718de431ea5b6cbb5b5bc1a0fc7ed2fe3a35d23f", "price_changes": [{"asset_id": "36078119804240234836103859862239888132503167153514749070840280604708322105505", "price": "0.17", "size": "200", "side": "BUY", "hash": "e8245ee1e454ce1e5624d8b1216224ace644bf10", "best_bid": "0.33", "best_ask": "0.35"}, {"asset_id": "29167911569251697627561520365187209736585940036843245980280184107763990191336", "price": "0.83", "size": "200", "side": "SELL", "hash": "83244f5c4851e11a26ac51ebbb3dac7be1862fbd", "best_bid": "0.65", "best_ask": "0.67"}], "timestamp": "1769384162656", "event_type": "price_change"}}
{"_local_timestamp": "2026-01-25T23:36:14.252917+00:00", "data": {"market": "0xe59b76327e1738fa8f70d1cf718de431ea5b6cbb5b5bc1a0fc7ed2fe3a35d23f", "price_changes": [{"asset_id": "29167911569251697627561520365187209736585940036843245980280184107763990191336", "price": "0.03", "size": "209100", "side": "BUY", "hash": "b5c7212e6e622d41603d074e747fed676629c6cc", "best_bid": "0.65", "best_ask": "0.67"}, {"asset_id": "36078119804240234836103859862239888132503167153514749070840280604708322105505", "price": "0.97", "size": "209100", "side": "SELL", "hash": "fa7a9ec8ae635d1f5789f4753a695ee184a367e1", "best_bid": "0.33", "best_ask": "0.35"}], "timestamp": "1769384174152", "event_type": "price_change"}}
{"_local_timestamp": "2026-01-25T23:36:14.282607+00:00", "data": {"market": "0xe59b76327e1738fa8f70d1cf718de431ea5b6cbb5b5bc1a0fc7ed2fe3a35d23f", "price_changes": [{"asset_id": "29167911569251697627561520365187209736585940036843245980280184107763990191336", "price": "0.13", "size": "9400", "side": "BUY", "hash": "0e2fe2dec60138f07d57a6490c8be74e58281e0c", "best_bid": "0.65", "best_ask": "0.67"}, {"asset_id": "36078119804240234836103859862239888132503167153514749070840280604708322105505", "price": "0.87", "size": "9400", "side": "SELL", "hash": "e916bb2d3452dbb935b784cdf41b2f5976353e87", "best_bid": "0.33", "best_ask": "0.35"}], "timestamp": "1769384174159", "event_type": "price_change"}}
{"_local_timestamp": "2026-01-25T23:36:14.300049+00:00", "data": {"market": "0xe59b76327e1738fa8f70d1cf718de431ea5b6cbb5b5bc1a0fc7ed2fe3a35d23f", "price_changes": [{"asset_id": "29167911569251697627561520365187209736585940036843245980280184107763990191336", "price": "0.14", "size": "50", "side": "BUY", "hash": "ab1c1bbcf214606dc5551a06b775fb71267c12fb", "best_bid": "0.65", "best_ask": "0.67"}, {"asset_id": "36078119804240234836103859862239888132503167153514749070840280604708322105505", "price": "0.86", "size": "50", "side": "SELL", "hash": "ec2195dc48ff251428e8bcd51f7c236a38cb8923", "best_bid": "0.33", "best_ask": "0.35"}], "timestamp": "1769384174165", "event_type": "price_change"}}
{"_local_timestamp": "2026-01-25T23:36:19.850773+00:00", "data": {"market": "0xe59b76327e1738fa8f70d1cf718de431ea5b6cbb5b5bc1a0fc7ed2fe3a35d23f", "price_changes": [{"asset_id": "29167911569251697627561520365187209736585940036843245980280184107763990191336", "price": "0.2", "size": "200", "side": "BUY", "hash": "de9f3041023fc5d7ccfe81693b294d4e4672db81", "best_bid": "0.65", "best_ask": "0.67"}, {"asset_id": "36078119804240234836103859862239888132503167153514749070840280604708322105505", "price": "0.8", "size": "200", "side": "SELL", "hash": "e0046e542a3a266668709785eedb42e0a76d66ec", "best_bid": "0.33", "best_ask": "0.35"}], "timestamp": "1769384179781", "event_type": "price_change"}}
{"_local_timestamp": "2026-01-25T23:36:33.553581+00:00", "data": {"market": "0xe59b76327e1738fa8f70d1cf718de431ea5b6cbb5b5bc1a0fc7ed2fe3a35d23f", "price_changes": [{"asset_id": "36078119804240234836103859862239888132503167153514749070840280604708322105505", "price": "0.27", "size": "900", "side": "BUY", "hash": "a4e94d49d50165a3acfcccb6e62f09129823250c", "best_bid": "0.33", "best_ask": "0.35"}, {"asset_id": "29167911569251697627561520365187209736585940036843245980280184107763990191336", "price": "0.73", "size": "900", "side": "SELL", "hash": "dface1028730a04887f4b2d9c517791ebc0afdd0", "best_bid": "0.65", "best_ask": "0.67"}], "timestamp": "1769384193481", "event_type": "price_change"}}
{"_local_timestamp": "2026-01-25T23:38:36.287875+00:00", "data": {"market": "0xe59b76327e1738fa8f70d1cf718de431ea5b6cbb5b5bc1a0fc7ed2fe3a35d23f", "price_changes": [{"asset_id": "36078119804240234836103859862239888132503167153514749070840280604708322105505", "price": "0.27", "size": "200", "side": "BUY", "hash": "5708f05f5ea02185880447b26b24404b66d3f239", "best_bid": "0.33", "best_ask": "0.35"}, {"asset_id": "29167911569251697627561520365187209736585940036843245980280184107763990191336", "price": "0.73", "size": "200", "side": "SELL", "hash": "1f0aefc06e8d4bddbc9464085263bccdd058ab25", "best_bid": "0.65", "best_ask": "0.67"}], "timestamp": "1769384316215", "event_type": "price_change"}}
{"_local_timestamp": "2026-01-25T23:38:46.047730+00:00", "data": {"market": "0xe59b76327e1738fa8f70d1cf718de431ea5b6cbb5b5bc1a0fc7ed2fe3a35d23f", "price_changes": [{"asset_id": "36078119804240234836103859862239888132503167153514749070840280604708322105505", "price": "0.17", "size": "3200", "side": "BUY", "hash": "01fabb2498855101673526077b816cb4828c743e", "best_bid": "0.33", "best_ask": "0.35"}, {"asset_id": "29167911569251697627561520365187209736585940036843245980280184107763990191336", "price": "0.83", "size": "3200", "side": "SELL", "hash": "907eb5203a4046683b1828c0a05c3dee4f9b3add", "best_bid": "0.65", "best_ask": "0.67"}], "timestamp": "1769384325973", "event_type": "price_change"}}
{"_local_timestamp": "2026-01-25T23:38:46.184946+00:00", "data": {"market": "0xe59b76327e1738fa8f70d1cf718de431ea5b6cbb5b5bc1a0fc7ed2fe3a35d23f", "price_changes": [{"asset_id": "36078119804240234836103859862239888132503167153514749070840280604708322105505", "price": "0.26", "size": "300", "side": "BUY", "hash": "706860eff780fd4137b38f69b9876db77d2885f6", "best_bid": "0.33", "best_ask": "0.35"}, {"asset_id": "29167911569251697627561520365187209736585940036843245980280184107763990191336", "price": "0.74", "size": "300", "side": "SELL", "hash": "a938f62d776567b7629a1fc8761c067390acae0d", "best_bid": "0.65", "best_ask": "0.67"}], "timestamp": "1769384326108", "event_type": "price_change"}}
{"_local_timestamp": "2026-01-25T23:39:00.137101+00:00", "data": {"market": "0xe59b76327e1738fa8f70d1cf718de431ea5b6cbb5b5bc1a0fc7ed2fe3a35d23f", "price_changes": [{"asset_id": "36078119804240234836103859862239888132503167153514749070840280604708322105505", "price": "0.17", "size": "200", "side": "BUY", "hash": "6517f2219a3103f46effa997920a9f99aa383346", "best_bid": "0.33", "best_ask": "0.35"}, {"asset_id": "29167911569251697627561520365187209736585940036843245980280184107763990191336", "price": "0.83", "size": "200", "side": "SELL", "hash": "ecb7b274d60fbbb8ce460319721fc73ef416d792", "best_bid": "0.65", "best_ask": "0.67"}], "timestamp": "1769384340067", "event_type": "price_change"}}
{"_local_timestamp": "2026-01-25T23:39:24.079581+00:00", "data": {"market": "0xe59b76327e1738fa8f70d1cf718de431ea5b6cbb5b5bc1a0fc7ed2fe3a35d23f", "price_changes": [{"asset_id": "36078119804240234836103859862239888132503167153514749070840280604708322105505", "price": "0.26", "size": "1000", "side": "BUY", "hash": "a0fead8242c44329fdbb5077473792f07008da2b", "best_bid": "0.33", "best_ask": "0.35"}, {"asset_id": "29167911569251697627561520365187209736585940036843245980280184107763990191336", "price": "0.74", "size": "1000", "side": "SELL", "hash": "0a453005535193dbe4463b9580854d8519341775", "best_bid": "0.65", "best_ask": "0.67"}], "timestamp": "1769384363991", "event_type": "price_change"}}
{"_local_timestamp": "2026-01-25T23:39:25.803374+00:00", "data": {"market": "0xe59b76327e1738fa8f70d1cf718de431ea5b6cbb5b5bc1a0fc7ed2fe3a35d23f", "price_changes": [{"asset_id": "36078119804240234836103859862239888132503167153514749070840280604708322105505", "price": "0.26", "size": "4000", "side": "BUY", "hash": "fe0b7e9d33ef01bc39de0cafb40ec1e567627829", "best_bid": "0.33", "best_ask": "0.35"}, {"asset_id": "29167911569251697627561520365187209736585940036843245980280184107763990191336", "price": "0.74", "size": "4000", "side": "SELL", "hash": "81498e28b71490a28f117eb309af7d9bc4b34c8a", "best_bid": "0.65", "best_ask": "0.67"}], "timestamp": "1769384365737", "event_type": "price_change"}}
