{"_local_timestamp": "2026-01-25T23:40:30.722050+00:00", "data": [{"market": "0xc3ad8037b0349f2c11fb15e530d378ac8fa7fca93aa36c910cedadc55301867a", "asset_id": "10609060519986568541114618686513536128425660030465297076178101547249690368792", "timestamp": "1769384420765", "hash": "d89e54f92cca1b4e44a4f1111e652f966bd9d553", "bids": [{"price": "0.01", "size": "3215.1"}, {"price": "0.02", "size": "2209.03"}, {"price": "0.03", "size": "95"}, {"price": "0.05", "size": "600"}, {"price": "0.06", "size": "12.8"}, {"price": "0.15", "size": "587"}, {"price": "0.61", "size": "60"}, {"price": "0.64", "size": "36.81"}, {"price": "0.66", "size": "190"}, {"price": "0.67", "size": "23.4"}, {"price": "0.68", "size": "40"}, {"price": "0.7", "size": "15"}], "asks": [{"price": "0.99", "size": "417.34"}, {"price": "0.98", "size": "65.09"}, {"price": "0.97", "size": "17.53"}, {"price": "0.95", "size": "10"}, {"price": "0.94", "size": "130"}, {"price": "0.93", "size": "28"}, {"price": "0.92", "size": "6.31"}, {"price": "0.91", "size": "20"}, {"price": "0.86", "size": "5.66"}, {"price": "0.78", "size": "150"}, {"price": "0.77", "size": "5.71"}, {"price": "0.76", "size": "96"}, {"price": "0.74", "size": "60"}, {"price": "0.73", "size": "36.2"}], "event_type": "book", "last_trade_price": "0.730"}, {"market": "0xb2a44d617b4f1dd96e0ca50b3032baff36d477ed43ceaacfb196e117c120a8c7", "asset_id": "60659390185007836062833107924332250074315375465944172025771284861864834891906", "timestamp": "1769384380740", "hash": "3e7ab0d7af87f080e052bbbe8a29437c6a01ab8b", "bids": [{"price": "0.01", "size": "3228.05"}, {"price": "0.02", "size": "1800"}, {"price": "0.03", "size": "14.18"}, {"price": "0.05", "size": "1900"}, {"price": "0.06", "size": "500"}, {"price": "0.07", "size": "500"}, {"price": "0.08", "size": "450"}, {"price": "0.09", "size": "5.23"}, {"price": "0.1", "size": "500"}, {"price": "0.12", "size": "450"}, {"price": "0.13", "size": "300"}, {"price": "0.15", "size": "800"}, {"price": "0.17", "size": "300"}, {"price": "0.18", "size": "155.13"}, {"price": "0.19", "size": "77"}, {"price": "0.2", "size": "10"}, {"price": "0.22", "size": "100"}, {"price": "0.24", "size": "150"}, {"price": "0.27", "size": "100"}, {"price": "0.28", "size": "100"}, {"price": "0.31", "size": "100"}, {"price": "0.32", "size": "100"}, {"price": "0.35", "size": "100"}, {"price": "0.37", "size": "100"}, {"price": "0.38", "size": "100"}, {"price": "0.41", "size": "143.28"}, {"price": "0.43", "size": "100"}, {"price": "0.45", "size": "100"}, {"price": "0.46", "size": "100"}, {"price": "0.5", "size": "100"}, {"price": "0.53", "size": "100"}, {"price": "0.56", "size": "100"}, {"price": "0.59", "size": "100"}, {"price": "0.62", "size": "100"}, {"price": "0.63", "size": "20"}, {"price": "0.66", "size": "90.27"}, {"price": "0.67", "size": "140"}, {"price": "0.68", "size": "40"}, {"price": "0.7", "size": "15.2"}], "asks": [{"price": "0.99", "size": "410"}, {"price": "0.98", "size": "17.87"}, {"price": "0.96", "size": "15"}, {"price": "0.95", "size": "17.86"}, {"price": "0.78", "size": "50"}, {"price": "0.77", "size": "60"}, {"price": "0.76", "size": "120.81"}, {"price": "0.75", "size": "40"}, {"price": "0.74", "size": "48"}, {"price": "0.73", "size": "15"}], "event_type": "book", "last_trade_price": "0.270"}, {"market": "0xb2a44d617b4f1dd96e0ca50b3032baff36d477ed43ceaacfb196e117c120a8c7", "asset_id": "77399168402833682279683246067302073706469236918369279705496947540946799089175", "timestamp": "1769384380740", "hash": "fea0d1a5037a9e938a07a2db6210b821850abf9e", "bids": [{"price": "0.01", "size": "410"}, {"price": "0.02", "size": "17.87"}, {"price": "0.04", "size": "15"}, {"price": "0.05", "size": "17.86"}, {"price": "0.22", "size": "50"}, {"price": "0.23", "size": "60"}, {"price": "0.24", "size": "120.81"}, {"price": "0.25", "size": "40"}, {"price": "0.26", "size": "48"}, {"price": "0.27", "size": "15"}], "asks": [{"price": "0.99", "size": "3228.05"}, {"price": "0.98", "size": "1800"}, {"price": "0.97", "size": "14.18"}, {"price": "0.95", "size": "1900"}, {"price": "0.94", "size": "500"}, {"price": "0.93", "size": "500"}, {"price": "0.92", "size": "450"}, {"price": "0.91", "size": "5.23"}, {"price": "0.9", "size": "500"}, {"price": "0.88", "size": "450"}, {"price": "0.87", "size": "300"}, {"price": "0.85", "size": "800"}, {"price": "0.83", "size": "300"}, {"price": "0.82", "size": "155.13"}, {"price": "0.81", "size": "77"}, {"price": "0.8", "size": "10"}, {"price": "0.78", "size": "100"}, {"price": "0.76", "size": "150"}, {"price": "0.73", "size": "100"}, {"price": "0.72", "size": "100"}, {"price": "0.69", "size": "100"}, {"price": "0.68", "size": "100"}, {"price": "0.65", "size": "100"}, {"price": "0.63", "size": "100"}, {"price": "0.62", "size": "100"}, {"price": "0.59", "size": "143.28"}, {"price": "0.57", "size": "100"}, {"price": "0.55", "size": "100"}, {"price": "0.54", "size": "100"}, {"price": "0.5", "size": "100"}, {"price": "0.47", "size": "100"}, {"price": "0.44", "size": "100"}, {"price": "0.41", "size": "100"}, {"price": "0.38", "size": "100"}, {"price": "0.37", "size": "20"}, {"price": "0.34", "size": "90.27"}, {"price": "0.33", "size": "140"}, {"price": "0.32", "size": "40"}, {"price": "0.3", "size": "15.2"}], "event_type": "book", "last_trade_price": "0.270"}, {"market": "0xc3ad8037b0349f2c11fb15e530d378ac8fa7fca93aa36c910cedadc55301867a", "asset_id": "104606816941545236553311184521660327119765330940223650186143696159161227922008", "timestamp": "1769384420765", "hash": "73bdb85776488c359b5651d965fdcd2c5a8d5237", "bids": [{"price": "0.01", "size": "417.34"}, {"price": "0.02", "size": "65.09"}, {"price": "0.03", "size": "17.53"}, {"price": "0.05", "size": "10"}, {"price": "0.06", "size": "130"}, {"price": "0.07", "size": "28"}, {"price": "0.08", "size": "6.31"}, {"price": "0.09", "size": "20"}, {"price": "0.14", "size": "5.66"}, {"price": "0.22", "size": "150"}, {"price": "0.23", "size": "5.71"}, {"price": "0.24", "size": "96"}, {"price": "0.26", "size": "60"}, {"price": "0.27", "size": "36.2"}], "asks": [{"price": "0.99", "size": "3215.1"}, {"price": "0.98", "size": "2209.03"}, {"price": "0.97", "size": "95"}, {"price": "0.95", "size": "600"}, {"price": "0.94", "size": "12.8"}, {"price": "0.85", "size": "587"}, {"price": "0.39", "size": "60"}, {"price": "0.36", "size": "36.81"}, {"price": "0.34", "size": "190"}, {"price": "0.33", "size": "23.4"}, {"price": "0.32", "size": "40"}, {"price": "0.3", "size": "15"}], "event_type": "book", "last_trade_price": "0.730"}]}
{"_local_timestamp": "2026-01-25T23:40:34.304823+00:00", "data": {"market": "0xc3ad8037b0349f2c11fb15e530d378ac8fa7fca93aa36c910cedadc55301867a", "price_changes": [{"asset_id": "104606816941545236553311184521660327119765330940223650186143696159161227922008", "price": "0.03", "size": "0", "side": "BUY", "hash": "4b50b18065644d15e8da420032c86d55008ec38d", "best_bid": "0.27", "best_ask": "0.3"}, {"asset_id": "10609060519986568541114618686513536128425660030465297076178101547249690368792", "price": "0.97", "size": "0", "side": "SELL", "hash": "c14a4a1caab7cb141ff70f495181d464ba17742b", "best_bid": "0.7", "best_ask": "0.73"}], "timestamp": "1769384434236", "event_type": "price_change"}}
{"_local_timestamp": "2026-01-25T23:40:34.305246+00:00", "data": {"market": "0xc3ad8037b0349f2c11fb15e530d378ac8fa7fca93aa36c910cedadc55301867a", "price_changes": [{"asset_id": "104606816941545236553311184521660327119765330940223650186143696159161227922008", "price": "0.08", "size": "0", "side": "BUY", "hash": "4b50b18065644d15e8da420032c86d55008ec38d", "best_bid": "0.27", "best_ask": "0.3"}, {"asset_id": "10609060519986568541114618686513536128425660030465297076178101547249690368792", "price": "0.92", "size": "0", "side": "SELL", "hash": "c14a4a1caab7cb141ff70f495181d464ba17742b", "best_bid": "0.7", "best_ask": "0.73"}], "timestamp": "1769384434236", "event_type": "price_change"}}
{"_local_timestamp": "2026-01-25T23:40:34.305636+00:00", "data": {"market": "0xc3ad8037b0349f2c11fb15e530d378ac8fa7fca93aa36c910cedadc55301867a", "price_changes": [{"asset_id": "104606816941545236553311184521660327119765330940223650186143696159161227922008", "price": "0.14", "size": "0", "side": "BUY", "hash": "4b50b18065644d15e8da420032c86d55008ec38d", "best_bid": "0.27", "best_ask": "0.3"}, {"asset_id": "10609060519986568541114618686513536128425660030465297076178101547249690368792", "price": "0.86", "size": "0", "side": "SELL", "hash": "c14a4a1caab7cb141ff70f495181d464ba17742b", "best_bid": "0.7", "best_ask": "0.73"}], "timestamp": "1769384434236", "event_type": "price_change"}}
{"_local_timestamp": "2026-01-25T23:40:36.810282+00:00", "data": {"market": "0xc3ad8037b0349f2c11fb15e530d378ac8fa7fca93aa36c910cedadc55301867a", "price_changes": [{"asset_id": "104606816941545236553311184521660327119765330940223650186143696159161227922008", "price": "0.09", "size": "0", "side": "BUY", "hash": "5d5a6ffa354f13a66a1b91c67e525c228013f34b", "best_bid": "0.27", "best_ask": "0.3"}, {"asset_id": "10609060519986568541114618686513536128425660030465297076178101547249690368792", "price": "0.91", "size": "0", "side": "SELL", "hash": "36dda149e88549ecd4b81dda70b3ca3b5da732f3", "best_bid": "0.7", "best_ask": "0.73"}], "timestamp": "1769384436741", "event_type": "price_change"}}
{"_local_timestamp": "2026-01-25T23:40:36.834920+00:00", "data": {"market": "0xc3ad8037b0349f2c11fb15e530d378ac8fa7fca93aa36c910cedadc55301867a", "price_changes": [{"asset_id": "104606816941545236553311184521660327119765330940223650186143696159161227922008", "price": "0.08", "size": "20", "side": "BUY", "hash": "5fc3ae82cfcc654f77d156025fe77cc225fd3283", "best_bid": "0.27", "best_ask": "0.3"}, {"asset_id": "10609060519986568541114618686513536128425660030465297076178101547249690368792", "price": "0.92", "size": "20", "side": "SELL", "hash": "7e91d8b2bf7eb6d6017e8611ea30b30a6e5906ed", "best_bid": "0.7", "best_ask": "0.73"}], "timestamp": "1769384436769", "event_type": "price_change"}}
{"_local_timestamp": "2026-01-25T23:40:37.236311+00:00", "data": {"market": "0xc3ad8037b0349f2c11fb15e530d378ac8fa7fca93aa36c910cedadc55301867a", "price_changes": [{"asset_id": "104606816941545236553311184521660327119765330940223650186143696159161227922008", "price": "0.06", "size": "136.34", "side": "BUY", "hash": "c9075283212835acb3e173ac12162f86f14d1f55", "best_bid": "0.27", "best_ask": "0.3"}, {"asset_id": "10609060519986568541114618686513536128425660030465297076178101547249690368792", "price": "0.94", "size": "136.34", "side": "SELL", "hash": "a17399f78bcf074c8cdbdc254b8c514219215588", "best_bid": "0.7", "best_ask": "0.73"}], "timestamp": "1769384437168", "event_type": "price_change"}}
{"_local_timestamp": "2026-01-25T23:40:37.237722+00:00", "data": {"market": "0xc3ad8037b0349f2c11fb15e530d378ac8fa7fca93aa36c910cedadc55301867a", "price_changes": [{"asset_id": "104606816941545236553311184521660327119765330940223650186143696159161227922008", "price": "0.03", "size": "10.97", "side": "BUY", "hash": "21f0387c3833eee3706d3dedc2bac44119ae0d6c", "best_bid": "0.27", "best_ask": "0.3"}, {"asset_id": "10609060519986568541114618686513536128425660030465297076178101547249690368792", "price": "0.97", "size": "10.97", "side": "SELL", "hash": "5283f65a3737c2c0c57f0106973aa9b5ea87a46a", "best_bid": "0.7", "best_ask": "0.73"}], "timestamp": "1769384437169", "event_type": "price_change"}}
{"_local_timestamp": "2026-01-25T23:40:37.238477+00:00", "data": {"market": "0xc3ad8037b0349f2c11fb15e530d378ac8fa7fca93aa36c910cedadc55301867a", "price_changes": [{"asset_id": "104606816941545236553311184521660327119765330940223650186143696159161227922008", "price": "0.1", "size": "11.15", "side": "BUY", "hash": "e1569dfe7510f1714e6b9d1dff7d1c2b3dd96315", "best_bid": "0.27", "best_ask": "0.3"}, {"asset_id": "10609060519986568541114618686513536128425660030465297076178101547249690368792", "price": "0.9", "size": "11.15", "side": "SELL", "hash": "65cc9648e535f1a95d83eaaa1b9f1ef807b1489d", "best_bid": "0.7", "best_ask": "0.73"}], "timestamp": "1769384437171", "event_type": "price_change"}}
{"_local_timestamp": "2026-01-25T23:40:38.603637+00:00", "data": {"market": "0xc3ad8037b0349f2c11fb15e530d378ac8fa7fca93aa36c910cedadc55301867a", "price_changes": [{"asset_id": "104606816941545236553311184521660327119765330940223650186143696159161227922008", "price": "0.08", "size": "0", "side": "BUY", "hash": "50be172981941a9b8baecf973ac37f3bfdba5b91", "best_bid": "0.27", "best_ask": "0.3"}, {"asset_id": "10609060519986568541114618686513536128425660030465297076178101547249690368792", "price": "0.92", "size": "0", "side": "SELL", "hash": "82eb8c570cbd541aaa4a4f7f83c4454b6eb542b6", "best_bid": "0.7", "best_ask": "0.73"}], "timestamp": "1769384438540", "event_type": "price_change"}}
{"_local_timestamp": "2026-01-25T23:40:38.702645+00:00", "data": {"market": "0xc3ad8037b0349f2c11fb15e530d378ac8fa7fca93aa36c910cedadc55301867a", "price_changes": [{"asset_id": "104606816941545236553311184521660327119765330940223650186143696159161227922008", "price": "0.11", "size": "20", "side": "BUY", "hash": "7ff2d34171e4d879ee29b224cd1b0991a0b3dd6d", "best_bid": "0.27", "best_ask": "0.3"}, {"asset_id": "10609060519986568541114618686513536128425660030465297076178101547249690368792", "price": "0.89", "size": "20", "side": "SELL", "hash": "096a42ef7c451d7bed18ef9275ef577556095a03", "best_bid": "0.7", "best_ask": "0.73"}], "timestamp": "1769384438566", "event_type": "price_change"}}
{"_local_timestamp": "2026-01-25T23:40:58.375418+00:00", "data": {"market": "0xc3ad8037b0349f2c11fb15e530d378ac8fa7fca93aa36c910cedadc55301867a", "price_changes": [{"asset_id": "104606816941545236553311184521660327119765330940223650186143696159161227922008", "price": "0.25", "size": "40.98", "side": "BUY", "hash": "5edd94a82146fd515b82be05aaf42ad3898c5430", "best_bid": "0.27", "best_ask": "0.3"}, {"asset_id": "10609060519986568541114618686513536128425660030465297076178101547249690368792", "price": "0.75", "size": "40.98", "side": "SELL", "hash": "d4cb3d97a4b47574e3b4a92da1931d72b6d85f71", "best_bid": "0.7", "best_ask": "0.73"}], "timestamp": "1769384458310", "event_type": "price_change"}}
{"_local_timestamp": "2026-01-25T23:41:05.825280+00:00", "data": {"market": "0xc3ad8037b0349f2c11fb15e530d378ac8fa7fca93aa36c910cedadc55301867a", "price_changes": [{"asset_id": "104606816941545236553311184521660327119765330940223650186143696159161227922008", "price": "0.24", "size": "56", "side": "BUY", "hash": "ca73e5f9763e991cb6dcc388f19859918d3a7ff0", "best_bid": "0.27", "best_ask": "0.3"}, {"asset_id": "10609060519986568541114618686513536128425660030465297076178101547249690368792", "price": "0.76", "size": "56", "side": "SELL", "hash": "571371afac414a78e8e3021ce7d11c7835d3d942", "best_bid": "0.7", "best_ask": "0.73"}], "timestamp": "1769384465645", "event_type": "price_change"}}
{"_local_timestamp": "2026-01-25T23:41:05.867097+00:00", "data": {"market": "0xc3ad8037b0349f2c11fb15e530d378ac8fa7fca93aa36c910cedadc55301867a", "price_changes": [{"asset_id": "104606816941545236553311184521660327119765330940223650186143696159161227922008", "price": "0.26", "size": "100", "side": "BUY", "hash": "4c58af82324f89a951d3c5d880e7e53c34e742e8", "best_bid": "0.27", "best_ask": "0.3"}, {"asset_id": "10609060519986568541114618686513536128425660030465297076178101547249690368792", "price": "0.74", "size": "100", "side": "SELL", "hash": "3944f4914f0edaaef1ae9d652d67cc5188a42753", "best_bid": "0.7", "best_ask": "0.73"}], "timestamp": "1769384465671", "event_type": "price_change"}}
{"_local_timestamp": "2026-01-25T23:41:15.589050+00:00", "data": {"market": "0xc3ad8037b0349f2c11fb15e530d378ac8fa7fca93aa36c910cedadc55301867a", "price_changes": [{"asset_id": "104606816941545236553311184521660327119765330940223650186143696159161227922008", "price": "0.26", "size": "60", "side": "BUY", "hash": "6004372c0a15478ea1758867a3120dc58e7c2973", "best_bid": "0.27", "best_ask": "0.3"}, {"asset_id": "10609060519986568541114618686513536128425660030465297076178101547249690368792", "price": "0.74", "size": "60", "side": "SELL", "hash": "56a69191ec02e2b8d2e0e90796ad468c40667c1d", "best_bid": "0.7", "best_ask": "0.73"}], "timestamp": "1769384475520", "event_type": "price_change"}}
{"_local_timestamp": "2026-01-25T23:41:15.791481+00:00", "data": {"market": "0xc3ad8037b0349f2c11fb15e530d378ac8fa7fca93aa36c910cedadc55301867a", "price_changes": [{"asset_id": "104606816941545236553311184521660327119765330940223650186143696159161227922008", "price": "0.25", "size": "80.98", "side": "BUY", "hash": "9e5180ec63c96e1a4701a1149aa200dbac2cd2e1", "best_bid": "0.27", "best_ask": "0.3"}, {"asset_id": "10609060519986568541114618686513536128425660030465297076178101547249690368792", "price": "0.75", "size": "80.98", "side": "SELL", "hash": "aa6008f828b2cdadebf9f0463b74fbed652ffaf6", "best_bid": "0.7", "best_ask": "0.73"}], "timestamp": "1769384475723", "event_type": "price_change"}}
