{"_local_timestamp": "2026-01-25T23:33:18.229149+00:00", "data": [{"market": "0xc3ad8037b0349f2c11fb15e530d378ac8fa7fca93aa36c910cedadc55301867a", "asset_id": "104606816941545236553311184521660327119765330940223650186143696159161227922008", "timestamp": "1769383995707", "hash": "ccaefa2daff74c2929d5bd6334a94c2b88050e9f", "bids": [{"price": "0.01", "size": "417.34"}, {"price": "0.02", "size": "87.66"}, {"price": "0.05", "size": "10"}, {"price": "0.06", "size": "130"}, {"price": "0.07", "size": "34.28"}, {"price": "0.12", "size": "7.77"}, {"price": "0.13", "size": "20"}, {"price": "0.22", "size": "50"}, {"price": "0.23", "size": "5.71"}, {"price": "0.24", "size": "56"}, {"price": "0.25", "size": "140"}, {"price": "0.26", "size": "95"}, {"price": "0.27", "size": "36.2"}], "asks": [{"price": "0.99", "size": "3215.1"}, {"price": "0.98", "size": "2209.03"}, {"price": "0.97", "size": "95"}, {"price": "0.95", "size": "600"}, {"price": "0.94", "size": "12.8"}, {"price": "0.86", "size": "575"}, {"price": "0.39", "size": "60"}, {"price": "0.36", "size": "36.81"}, {"price": "0.34", "size": "90"}, {"price": "0.33", "size": "100"}, {"price": "0.32", "size": "63.4"}, {"price": "0.3", "size": "15"}], "event_type": "book", "last_trade_price": "0.730"}, {"market": "0xc3ad8037b0349f2c11fb15e530d378ac8fa7fca93aa36c910cedadc55301867a", "asset_id": "10609060519986568541114618686513536128425660030465297076178101547249690368792", "timestamp": "1769383995707", "hash": "6abf778b2b8e08b4e98b4d672ac0a762b58724a6", "bids": [{"price": "0.01", "size": "3215.1"}, {"price": "0.02", "size": "2209.03"}, {"price": "0.03", "size": "95"}, {"price": "0.05", "size": "600"}, {"price": "0.06", "size": "12.8"}, {"price": "0.14", "size": "575"}, {"price": "0.61", "size": "60"}, {"price": "0.64", "size": "36.81"}, {"price": "0.66", "size": "90"}, {"price": "0.67", "size": "100"}, {"price": "0.68", "size": "63.4"}, {"price": "0.7", "size": "15"}], "asks": [{"price": "0.99", "size": "417.34"}, {"price": "0.98", "size": "87.66"}, {"price": "0.95", "size": "10"}, {"price": "0.94", "size": "130"}, {"price": "0.93", "size": "34.28"}, {"price": "0.88", "size": "7.77"}, {"price": "0.87", "size": "20"}, {"price": "0.78", "size": "50"}, {"price": "0.77", "size": "5.71"}, {"price": "0.76", "size": "56"}, {"price": "0.75", "size": "140"}, {"price": "0.74", "size": "95"}, {"price": "0.73", "size": "36.2"}], "event_type": "book", "last_trade_price": "0.730"}, {"market": "0xb2a44d617b4f1dd96e0ca50b3032baff36d477ed43ceaacfb196e117c120a8c7", "asset_id": "60659390185007836062833107924332250074315375465944172025771284861864834891906", "timestamp": "1769383990728", "hash": "eaebbe2f0a390c512cf4d373a1f2b0cda315e059", "bids": [{"price": "0.01", "size": "3228.05"}, {"price": "0.02", "size": "1800"}, {"price": "0.03", "size": "14.18"}, {"price": "0.05", "size": "1900"}, {"price": "0.06", "size": "500"}, {"price": "0.07", "size": "500"}, {"price": "0.08", "size": "450"}, {"price": "0.09", "size": "5.23"}, {"price": "0.1", "size": "500"}, {"price": "0.12", "size": "450"}, {"price": "0.13", "size": "300"}, {"price": "0.15", "size": "800"}, {"price": "0.17", "size": "300"}, {"price": "0.18", "size": "155.13"}, {"price": "0.19", "size": "77"}, {"price": "0.2", "size": "10"}, {"price": "0.22", "size": "100"}, {"price": "0.24", "size": "150"}, {"price": "0.27", "size": "100"}, {"price": "0.28", "size": "100"}, {"price": "0.31", "size": "100"}, {"price": "0.32", "size": "100"}, {"price": "0.35", "size": "100"}, {"price": "0.37", "size": "100"}, {"price": "0.38", "size": "100"}, {"price": "0.41", "size": "143.28"}, {"price": "0.43", "size": "100"}, {"price": "0.45", "size": "100"}, {"price": "0.46", "size": "100"}, {"price": "0.5", "size": "100"}, {"price": "0.53", "size": "100"}, {"price": "0.56", "size": "100"}, {"price": "0.59", "size": "100"}, {"price": "0.62", "size": "100"}, {"price": "0.63", "size": "20"}, {"price": "0.66", "size": "90.27"}, {"price": "0.67", "size": "140"}, {"price": "0.68", "size": "40"}, {"price": "0.7", "size": "15.2"}], "asks": [{"price": "0.99", "size": "410"}, {"price": "0.98", "size": "17.87"}, {"price": "0.96", "size": "15"}, {"price": "0.95", "size": "17.86"}, {"price": "0.76", "size": "80.81"}, {"price": "0.75", "size": "50"}, {"price": "0.74", "size": "148"}, {"price": "0.73", "size": "55"}], "event_type": "book", "last_trade_price": "0.270"}, {"market": "0xb2a44d617b4f1dd96e0ca50b3032baff36d477ed43ceaacfb196e117c120a8c7", "asset_id": "77399168402833682279683246067302073706469236918369279705496947540946799089175", "timestamp": "1769383990728", "hash": "98a418d7af30b90cd8194003bfc0d6033ff72ff8", "bids": [{"price": "0.01", "size": "410"}, {"price": "0.02", "size": "17.87"}, {"price": "0.04", "size": "15"}, {"price": "0.05", "size": "17.86"}, {"price": "0.24", "size": "80.81"}, {"price": "0.25", "size": "50"}, {"price": "0.26", "size": "148"}, {"price": "0.27", "size": "55"}], "asks": [{"price": "0.99", "size": "3228.05"}, {"price": "0.98", "size": "1800"}, {"price": "0.97", "size": "14.18"}, {"price": "0.95", "size": "1900"}, {"price": "0.94", "size": "500"}, {"price": "0.93", "size": "500"}, {"price": "0.92", "size": "450"}, {"price": "0.91", "size": "5.23"}, {"price": "0.9", "size": "500"}, {"price": "0.88", "size": "450"}, {"price": "0.87", "size": "300"}, {"price": "0.85", "size": "800"}, {"price": "0.83", "size": "300"}, {"price": "0.82", "size": "155.13"}, {"price": "0.81", "size": "77"}, {"price": "0.8", "size": "10"}, {"price": "0.78", "size": "100"}, {"price": "0.76", "size": "150"}, {"price": "0.73", "size": "100"}, {"price": "0.72", "size": "100"}, {"price": "0.69", "size": "100"}, {"price": "0.68", "size": "100"}, {"price": "0.65", "size": "100"}, {"price": "0.63", "size": "100"}, {"price": "0.62", "size": "100"}, {"price": "0.59", "size": "143.28"}, {"price": "0.57", "size": "100"}, {"price": "0.55", "size": "100"}, {"price": "0.54", "size": "100"}, {"price": "0.5", "size": "100"}, {"price": "0.47", "size": "100"}, {"price": "0.44", "size": "100"}, {"price": "0.41", "size": "100"}, {"price": "0.38", "size": "100"}, {"price": "0.37", "size": "20"}, {"price": "0.34", "size": "90.27"}, {"price": "0.33", "size": "140"}, {"price": "0.32", "size": "40"}, {"price": "0.3", "size": "15.2"}], "event_type": "book", "last_trade_price": "0.270"}]}
{"_local_timestamp": "2026-01-25T23:33:34.828103+00:00", "data": {"market": "0xb2a44d617b4f1dd96e0ca50b3032baff36d477ed43ceaacfb196e117c120a8c7", "price_changes": [{"asset_id": "77399168402833682279683246067302073706469236918369279705496947540946799089175", "price": "0.26", "size": "48", "side": "BUY", "hash": "8960a0cd30f4cc2224501b883815e45b60e90491", "best_bid": "0.27", "best_ask": "0.3"}, {"asset_id": "60659390185007836062833107924332250074315375465944172025771284861864834891906", "price": "0.74", "size": "48", "side": "SELL", "hash": "3407c2e5b4f6d9d672e4ef8f9bcdc259e91a4f95", "best_bid": "0.7", "best_ask": "0.73"}], "timestamp": "1769384014755", "event_type": "price_change"}}
{"_local_timestamp": "2026-01-25T23:33:34.829033+00:00", "data": {"market": "0xb2a44d617b4f1dd96e0ca50b3032baff36d477ed43ceaacfb196e117c120a8c7", "price_changes": [{"asset_id": "77399168402833682279683246067302073706469236918369279705496947540946799089175", "price": "0.27", "size": "15", "side": "BUY", "hash": "aee1dd62aab78af6aecaa2e96405893eefca8acf", "best_bid": "0.27", "best_ask": "0.3"}, {"asset_id": "60659390185007836062833107924332250074315375465944172025771284861864834891906", "price": "0.73", "size": "15", "side": "SELL", "hash": "d4c15efbea4eab16b5172d747e80df7b40084694", "best_bid": "0.7", "best_ask": "0.73"}], "timestamp": "1769384014756", "event_type": "price_change"}}
{"_local_timestamp": "2026-01-25T23:33:34.849634+00:00", "data": {"market": "0xc3ad8037b0349f2c11fb15e530d378ac8fa7fca93aa36c910cedadc55301867a", "price_changes": [{"asset_id": "104606816941545236553311184521660327119765330940223650186143696159161227922008", "price": "0.24", "size": "16", "side": "BUY", "hash": "5781d27386fec7ec1748acdd0ef640c2ebad8120", "best_bid": "0.27", "best_ask": "0.3"}, {"asset_id": "10609060519986568541114618686513536128425660030465297076178101547249690368792", "price": "0.76", "size": "16", "side": "SELL", "hash": "ac5c74cbb50d9ed919dbc805f9043cd569c10e5b", "best_bid": "0.7", "best_ask": "0.73"}], "timestamp": "1769384014778", "event_type": "price_change"}}
{"_local_timestamp": "2026-01-25T23:33:34.854807+00:00", "data": {"market": "0xc3ad8037b0349f2c11fb15e530d378ac8fa7fca93aa36c910cedadc55301867a", "price_changes": [{"asset_id": "104606816941545236553311184521660327119765330940223650186143696159161227922008", "price": "0.02", "size": "27.66", "side": "BUY", "hash": "50c2cce1f8f87a36108b0c08ec17d5dbb5f42f81", "best_bid": "0.27", "best_ask": "0.3"}, {"asset_id": "10609060519986568541114618686513536128425660030465297076178101547249690368792", "price": "0.98", "size": "27.66", "side": "SELL", "hash": "63bbfff63fa8050ef8f3a6c7c93fbabb7d54ef76", "best_bid": "0.7", "best_ask": "0.73"}], "timestamp": "1769384014780", "event_type": "price_change"}}
{"_local_timestamp": "2026-01-25T23:33:34.870794+00:00", "data": {"market": "0xc3ad8037b0349f2c11fb15e530d378ac8fa7fca93aa36c910cedadc55301867a", "price_changes": [{"asset_id": "104606816941545236553311184521660327119765330940223650186143696159161227922008", "price": "0.26", "size": "40", "side": "BUY", "hash": "7ee437592544537d425b376a6e569a6d62a8bae4", "best_bid": "0.27", "best_ask": "0.3"}, {"asset_id": "10609060519986568541114618686513536128425660030465297076178101547249690368792", "price": "0.74", "size": "40", "side": "SELL", "hash": "c94165c890d05312b5e3af7d540d9a33150ea671", "best_bid": "0.7", "best_ask": "0.73"}], "timestamp": "1769384014783", "event_type": "price_change"}}
{"_local_timestamp": "2026-01-25T23:33:34.877766+00:00", "data": {"market": "0xb2a44d617b4f1dd96e0ca50b3032baff36d477ed43ceaacfb196e117c120a8c7", "price_changes": [{"asset_id": "77399168402833682279683246067302073706469236918369279705496947540946799089175", "price": "0.24", "size": "20.81", "side": "BUY", "hash": "7db2f954bc28f52c9c90da539b8a49b1b814b5ff", "best_bid": "0.27", "best_ask": "0.3"}, {"asset_id": "60659390185007836062833107924332250074315375465944172025771284861864834891906", "price": "0.76", "size": "20.81", "side": "SELL", "hash": "c0402cbd264165cae30a6ab2a7e48614c6f60004", "best_bid": "0.7", "best_ask": "0.73"}], "timestamp": "1769384014806", "event_type": "price_change"}}
{"_local_timestamp": "2026-01-25T23:33:34.981717+00:00", "data": {"market": "0xc3ad8037b0349f2c11fb15e530d378ac8fa7fca93aa36c910cedadc55301867a", "price_changes": [{"asset_id": "104606816941545236553311184521660327119765330940223650186143696159161227922008", "price": "0.26", "size": "60", "side": "BUY", "hash": "190aba88b5b5b6a575a31c175ace7bae4650175c", "best_bid": "0.27", "best_ask": "0.3"}, {"asset_id": "10609060519986568541114618686513536128425660030465297076178101547249690368792", "price": "0.74", "size": "60", "side": "SELL", "hash": "472fc8f4dd6cf02e31d7409bba8bc254c249ac8b", "best_bid": "0.7", "best_ask": "0.73"}], "timestamp": "1769384014913", "event_type": "price_change"}}
{"_local_timestamp": "2026-01-25T23:33:35.818878+00:00", "data": {"market": "0xc3ad8037b0349f2c11fb15e530d378ac8fa7fca93aa36c910cedadc55301867a", "price_changes": [{"asset_id": "104606816941545236553311184521660327119765330940223650186143696159161227922008", "price": "0.02", "size": "87.66", "side": "BUY", "hash": "5c12190d235d15cd40d24a170f875e743dd8646b", "best_bid": "0.27", "best_ask": "0.3"}, {"asset_id": "10609060519986568541114618686513536128425660030465297076178101547249690368792", "price": "0.98", "size": "87.66", "side": "SELL", "hash": "3d0af69d6e26522e72a3523915b278ddebafcfbb", "best_bid": "0.7", "best_ask": "0.73"}], "timestamp": "1769384015742", "event_type": "price_change"}}
{"_local_timestamp": "2026-01-25T23:33:35.819624+00:00", "data": {"market": "0xb2a44d617b4f1dd96e0ca50b3032baff36d477ed43ceaacfb196e117c120a8c7", "price_changes": [{"asset_id": "77399168402833682279683246067302073706469236918369279705496947540946799089175", "price": "0.23", "size": "60", "side": "BUY", "hash": "1773d1a419a3027386c4e36609ec0a69973f2b43", "best_bid": "0.27", "best_ask": "0.3"}, {"asset_id": "60659390185007836062833107924332250074315375465944172025771284861864834891906", "price": "0.77", "size": "60", "side": "SELL", "hash": "20d11232af47401824013848d3e7e2fae4a1e3d5", "best_bid": "0.7", "best_ask": "0.73"}], "timestamp": "1769384015742", "event_type": "price_change"}}
{"_local_timestamp": "2026-01-25T23:33:35.820013+00:00", "data": {"market": "0xb2a44d617b4f1dd96e0ca50b3032baff36d477ed43ceaacfb196e117c120a8c7", "price_changes": [{"asset_id": "77399168402833682279683246067302073706469236918369279705496947540946799089175", "price": "0.25", "size": "90", "side": "BUY", "hash": "e9161748fe55bfdd4133d5112c3b00c923276a96", "best_bid": "0.27", "best_ask": "0.3"}, {"asset_id": "60659390185007836062833107924332250074315375465944172025771284861864834891906", "price": "0.75", "size": "90", "side": "SELL", "hash": "d33104fba34efdb3a2cf9442f38fae8f5b8bbda6", "best_bid": "0.7", "best_ask": "0.73"}], "timestamp": "1769384015742", "event_type": "price_change"}}
{"_local_timestamp": "2026-01-25T23:33:35.820338+00:00", "data": {"market": "0xc3ad8037b0349f2c11fb15e530d378ac8fa7fca93aa36c910cedadc55301867a", "price_changes": [{"asset_id": "104606816941545236553311184521660327119765330940223650186143696159161227922008", "price": "0.24", "size": "56", "side": "BUY", "hash": "60452d3067447dec2f3f69a22c346b59dc39d297", "best_bid": "0.27", "best_ask": "0.3"}, {"asset_id": "10609060519986568541114618686513536128425660030465297076178101547249690368792", "price": "0.76", "size": "56", "side": "SELL", "hash": "c3e348a0c46504c899f1eb40bcdb3927de397f12", "best_bid": "0.7", "best_ask": "0.73"}], "timestamp": "1769384015742", "event_type": "price_change"}}
{"_local_timestamp": "2026-01-25T23:33:35.841373+00:00", "data": {"market": "0xb2a44d617b4f1dd96e0ca50b3032baff36d477ed43ceaacfb196e117c120a8c7", "price_changes": [{"asset_id": "77399168402833682279683246067302073706469236918369279705496947540946799089175", "price": "0.24", "size": "120.81", "side": "BUY", "hash": "a6353c75c370a622e5d83516b8218e9e68c2490a", "best_bid": "0.27", "best_ask": "0.3"}, {"asset_id": "60659390185007836062833107924332250074315375465944172025771284861864834891906", "price": "0.76", "size": "120.81", "side": "SELL", "hash": "44ea4b59eee17e7e44ddfc5dcd94558fe6618075", "best_bid": "0.7", "best_ask": "0.73"}], "timestamp": "1769384015772", "event_type": "price_change"}}
{"_local_timestamp": "2026-01-25T23:33:49.155300+00:00", "data": {"market": "0xc3ad8037b0349f2c11fb15e530d378ac8fa7fca93aa36c910cedadc55301867a", "price_changes": [{"asset_id": "104606816941545236553311184521660327119765330940223650186143696159161227922008", "price": "0.02", "size": "65.09", "side": "BUY", "hash": "c028d86da2733898875e7febca0533e8263d56f3", "best_bid": "0.27", "best_ask": "0.3"}, {"asset_id": "10609060519986568541114618686513536128425660030465297076178101547249690368792", "price": "0.98", "size": "65.09", "side": "SELL", "hash": "d71223c71c158c789608bc32d72c74e79d012034", "best_bid": "0.7", "best_ask": "0.73"}], "timestamp": "1769384029075", "event_type": "price_change"}}
{"_local_timestamp": "2026-01-25T23:33:49.156384+00:00", "data": {"market": "0xc3ad8037b0349f2c11fb15e530d378ac8fa7fca93aa36c910cedadc55301867a", "price_changes": [{"asset_id": "104606816941545236553311184521660327119765330940223650186143696159161227922008", "price": "0.07", "size": "28", "side": "BUY", "hash": "c028d86da2733898875e7febca0533e8263d56f3", "best_bid": "0.27", "best_ask": "0.3"}, {"asset_id": "10609060519986568541114618686513536128425660030465297076178101547249690368792", "price": "0.93", "size": "28", "side": "SELL", "hash": "d71223c71c158c789608bc32d72c74e79d012034", "best_bid": "0.7", "best_ask": "0.73"}], "timestamp": "1769384029075", "event_type": "price_change"}}
{"_local_timestamp": "2026-01-25T23:33:49.156735+00:00", "data": {"market": "0xc3ad8037b0349f2c11fb15e530d378ac8fa7fca93aa36c910cedadc55301867a", "price_changes": [{"asset_id": "104606816941545236553311184521660327119765330940223650186143696159161227922008", "price": "0.12", "size": "0", "side": "BUY", "hash": "c028d86da2733898875e7febca0533e8263d56f3", "best_bid": "0.27", "best_ask": "0.3"}, {"asset_id": "10609060519986568541114618686513536128425660030465297076178101547249690368792", "price": "0.88", "size": "0", "side": "SELL", "hash": "d71223c71c158c789608bc32d72c74e79d012034", "best_bid": "0.7", "best_ask": "0.73"}], "timestamp": "1769384029075", "event_type": "price_change"}}
{"_local_timestamp": "2026-01-25T23:33:49.482155+00:00", "data": {"market": "0xc3ad8037b0349f2c11fb15e530d378ac8fa7fca93aa36c910cedadc55301867a", "price_changes": [{"asset_id": "104606816941545236553311184521660327119765330940223650186143696159161227922008", "price": "0.08", "size": "6.31", "side": "BUY", "hash": "21477b77b2f28bf014a7954c96134eaafad6596f", "best_bid": "0.27", "best_ask": "0.3"}, {"asset_id": "10609060519986568541114618686513536128425660030465297076178101547249690368792", "price": "0.92", "size": "6.31", "side": "SELL", "hash": "fa3462729ef9f577001144e09df2f3cf738519d6", "best_bid": "0.7", "best_ask": "0.73"}], "timestamp": "1769384029417", "event_type": "price_change"}}
{"_local_timestamp": "2026-01-25T23:33:49.485940+00:00", "data": {"market": "0xc3ad8037b0349f2c11fb15e530d378ac8fa7fca93aa36c910cedadc55301867a", "price_changes": [{"asset_id": "104606816941545236553311184521660327119765330940223650186143696159161227922008", "price": "0.14", "size": "5.66", "side": "BUY", "hash": "e58666b4b1ea1d2956197b8757802e61b6566f36", "best_bid": "0.27", "best_ask": "0.3"}, {"asset_id": "10609060519986568541114618686513536128425660030465297076178101547249690368792", "price": "0.86", "size": "5.66", "side": "SELL", "hash": "6c144009a9af7613ff27818b34fb328e63749a26", "best_bid": "0.7", "best_ask": "0.73"}], "timestamp": "1769384029418", "event_type": "price_change"}}
{"_local_timestamp": "2026-01-25T23:33:49.490051+00:00", "data": {"market": "0xc3ad8037b0349f2c11fb15e530d378ac8fa7fca93aa36c910cedadc55301867a", "price_changes": [{"asset_id": "104606816941545236553311184521660327119765330940223650186143696159161227922008", "price": "0.03", "size": "17.53", "side": "BUY", "hash": "f701990fb0b778889e3ff9703d27e700a29b4171", "best_bid": "0.27", "best_ask": "0.3"}, {"asset_id": "10609060519986568541114618686513536128425660030465297076178101547249690368792", "price": "0.97", "size": "17.53", "side": "SELL", "hash": "b191f9e9ca10702bbee41d79e447beb5526ef814", "best_bid": "0.7", "best_ask": "0.73"}], "timestamp": "1769384029419", "event_type": "price_change"}}
{"_local_timestamp": "2026-01-25T23:33:50.418210+00:00", "data": {"market": "0xc3ad8037b0349f2c11fb15e530d378ac8fa7fca93aa36c910cedadc55301867a", "price_changes": [{"asset_id": "104606816941545236553311184521660327119765330940223650186143696159161227922008", "price": "0.07", "size": "0", "side": "BUY", "hash": "dc0065f4ae2fa261db7e5b3fdecfcb3894efd704", "best_bid": "0.27", "best_ask": "0.3"}, {"asset_id": "10609060519986568541114618686513536128425660030465297076178101547249690368792", "price": "0.93", "size": "0", "side": "SELL", "hash": "86973314542df24a39b950d9d1a9074716fac4fe", "best_bid": "0.7", "best_ask": "0.73"}], "timestamp": "1769384030350", "event_type": "price_change"}}
{"_local_timestamp": "2026-01-25T23:33:50.479475+00:00", "data": {"market": "0xc3ad8037b0349f2c11fb15e530d378ac8fa7fca93aa36c910cedadc55301867a", "price_changes": [{"asset_id": "104606816941545236553311184521660327119765330940223650186143696159161227922008", "price": "0.07", "size": "28", "side": "BUY", "hash": "2cdea1a7224195a6883c1fedfa2a6ff78916ba38", "best_bid": "0.27", "best_ask": "0.3"}, {"asset_id": "10609060519986568541114618686513536128425660030465297076178101547249690368792", "price": "0.93", "size": "28", "side": "SELL", "hash": "57a47a80378c341489aeca186a68aaeed81e2998", "best_bid": "0.7", "best_ask": "0.73"}], "timestamp": "1769384030403", "event_type": "price_change"}}
{"_local_timestamp": "2026-01-25T23:33:52.462612+00:00", "data": {"market": "0xc3ad8037b0349f2c11fb15e530d378ac8fa7fca93aa36c910cedadc55301867a", "price_changes": [{"asset_id": "104606816941545236553311184521660327119765330940223650186143696159161227922008", "price": "0.13", "size": "0", "side": "BUY", "hash": "a107914d0fa6ce05ce38d8da3d070f393a2bc4b0", "best_bid": "0.27", "best_ask": "0.3"}, {"asset_id": "10609060519986568541114618686513536128425660030465297076178101547249690368792", "price": "0.87", "size": "0", "side": "SELL", "hash": "56bfa1a98b24f1cb312e2e1a2dabdce8f9e38684", "best_bid": "0.7", "best_ask": "0.73"}], "timestamp": "1769384032348", "event_type": "price_change"}}
{"_local_timestamp": "2026-01-25T23:33:52.464999+00:00", "data": {"market": "0xc3ad8037b0349f2c11fb15e530d378ac8fa7fca93aa36c910cedadc55301867a", "price_changes": [{"asset_id": "104606816941545236553311184521660327119765330940223650186143696159161227922008", "price": "0.09", "size": "20", "side": "BUY", "hash": "d739034797492782443886a0681d9185ede6c35b", "best_bid": "0.27", "best_ask": "0.3"}, {"asset_id": "10609060519986568541114618686513536128425660030465297076178101547249690368792", "price": "0.91", "size": "20", "side": "SELL", "hash": "c8902a262be1d2d04f7f23d514e2bca3bb32c8be", "best_bid": "0.7", "best_ask": "0.73"}], "timestamp": "1769384032377", "event_type": "price_change"}}
{"_local_timestamp": "2026-01-25T23:33:57.708977+00:00", "data": {"market": "0xc3ad8037b0349f2c11fb15e530d378ac8fa7fca93aa36c910cedadc55301867a", "price_changes": [{"asset_id": "104606816941545236553311184521660327119765330940223650186143696159161227922008", "price": "0.24", "size": "95.29", "side": "BUY", "hash": "7306edfe1848c56a91296c01e27db8365a3de703", "best_bid": "0.27", "best_ask": "0.3"}, {"asset_id": "10609060519986568541114618686513536128425660030465297076178101547249690368792", "price": "0.76", "size": "95.29", "side": "SELL", "hash": "f9337534e8b7b04ba096c4c3bf3d754712ce8a5f", "best_bid": "0.7", "best_ask": "0.73"}], "timestamp": "1769384037633", "event_type": "price_change"}}
{"_local_timestamp": "2026-01-25T23:34:03.831842+00:00", "data": {"market": "0xc3ad8037b0349f2c11fb15e530d378ac8fa7fca93aa36c910cedadc55301867a", "price_changes": [{"asset_id": "104606816941545236553311184521660327119765330940223650186143696159161227922008", "price": "0.24", "size": "56", "side": "BUY", "hash": "b894ce17c13d4932604ee6421e702fc6e3bbf130", "best_bid": "0.27", "best_ask": "0.3"}, {"asset_id": "10609060519986568541114618686513536128425660030465297076178101547249690368792", "price": "0.76", "size": "56", "side": "SELL", "hash": "3a162abc85955e7ed9b40b7956ccaa5816b271d6", "best_bid": "0.7", "best_ask": "0.73"}], "timestamp": "1769384043760", "event_type": "price_change"}}
{"_local_timestamp": "2026-01-25T23:34:05.788211+00:00", "data": {"market": "0xb2a44d617b4f1dd96e0ca50b3032baff36d477ed43ceaacfb196e117c120a8c7", "price_changes": [{"asset_id": "77399168402833682279683246067302073706469236918369279705496947540946799089175", "price": "0.25", "size": "50", "side": "BUY", "hash": "613eb15fc638b12511cd09669edbf479ee687ae1", "best_bid": "0.27", "best_ask": "0.3"}, {"asset_id": "60659390185007836062833107924332250074315375465944172025771284861864834891906", "price": "0.75", "size": "50", "side": "SELL", "hash": "a2bbc079a78407905d7aef058a107128421c9d6e", "best_bid": "0.7", "best_ask": "0.73"}], "timestamp": "1769384045716", "event_type": "price_change"}}
{"_local_timestamp": "2026-01-25T23:34:05.818249+00:00", "data": {"market": "0xb2a44d617b4f1dd96e0ca50b3032baff36d477ed43ceaacfb196e117c120a8c7", "price_changes": [{"asset_id": "77399168402833682279683246067302073706469236918369279705496947540946799089175", "price": "0.27", "size": "55", "side": "BUY", "hash": "79022b5d3622724f85ba86b4ffb4846bfe5b0155", "best_bid": "0.27", "best_ask": "0.3"}, {"asset_id": "60659390185007836062833107924332250074315375465944172025771284861864834891906", "price": "0.73", "size": "55", "side": "SELL", "hash": "9b27cae7b5dad2d11c696c48fd8e668739d19ed1", "best_bid": "0.7", "best_ask": "0.73"}], "timestamp": "1769384045746", "event_type": "price_change"}}
{"_local_timestamp": "2026-01-25T23:34:05.851245+00:00", "data": {"market": "0xc3ad8037b0349f2c11fb15e530d378ac8fa7fca93aa36c910cedadc55301867a", "price_changes": [{"asset_id": "104606816941545236553311184521660327119765330940223650186143696159161227922008", "price": "0.26", "size": "40", "side": "BUY", "hash": "a3ae75adfce11c4d34a511682b274ff7690f4937", "best_bid": "0.27", "best_ask": "0.3"}, {"asset_id": "10609060519986568541114618686513536128425660030465297076178101547249690368792", "price": "0.74", "size": "40", "side": "SELL", "hash": "58a0ac61a9b23d41017c1d569f18fa9b811265ea", "best_bid": "0.7", "best_ask": "0.73"}], "timestamp": "1769384045771", "event_type": "price_change"}}
{"_local_timestamp": "2026-01-25T23:34:05.881588+00:00", "data": {"market": "0xb2a44d617b4f1dd96e0ca50b3032baff36d477ed43ceaacfb196e117c120a8c7", "price_changes": [{"asset_id": "77399168402833682279683246067302073706469236918369279705496947540946799089175", "price": "0.23", "size": "0", "side": "BUY", "hash": "c23bdadc5764ea133291329c1c0a2e07c75959af", "best_bid": "0.27", "best_ask": "0.3"}, {"asset_id": "60659390185007836062833107924332250074315375465944172025771284861864834891906", "price": "0.77", "size": "0", "side": "SELL", "hash": "d2657dd98091ba20b85eaa4326c4ae41ff9b0e1e", "best_bid": "0.7", "best_ask": "0.73"}], "timestamp": "1769384045796", "event_type": "price_change"}}
{"_local_timestamp": "2026-01-25T23:34:05.966098+00:00", "data": {"market": "0xc3ad8037b0349f2c11fb15e530d378ac8fa7fca93aa36c910cedadc55301867a", "price_changes": [{"asset_id": "104606816941545236553311184521660327119765330940223650186143696159161227922008", "price": "0.26", "size": "95", "side": "BUY", "hash": "841b9e9b24f131e7772123a60b373d45fcd0928c", "best_bid": "0.27", "best_ask": "0.3"}, {"asset_id": "10609060519986568541114618686513536128425660030465297076178101547249690368792", "price": "0.74", "size": "95", "side": "SELL", "hash": "95745fef06ae7ff85c9c3f678245dd819bd4a3d6", "best_bid": "0.7", "best_ask": "0.73"}], "timestamp": "1769384045897", "event_type": "price_change"}}
{"_local_timestamp": "2026-01-25T23:34:10.808840+00:00", "data": {"market": "0xb2a44d617b4f1dd96e0ca50b3032baff36d477ed43ceaacfb196e117c120a8c7", "price_changes": [{"asset_id": "77399168402833682279683246067302073706469236918369279705496947540946799089175", "price": "0.24", "size": "180.81", "side": "BUY", "hash": "1fc25e1f3036e0d6331e17aa0dd0807984fbda08", "best_bid": "0.27", "best_ask": "0.3"}, {"asset_id": "60659390185007836062833107924332250074315375465944172025771284861864834891906", "price": "0.76", "size": "180.81", "side": "SELL", "hash": "fbb6ca17b949ebbf76d3aa1bed3e62391644a862", "best_bid": "0.7", "best_ask": "0.73"}], "timestamp": "1769384050730", "event_type": "price_change"}}
{"_local_timestamp": "2026-01-25T23:34:20.779025+00:00", "data": {"market": "0xc3ad8037b0349f2c11fb15e530d378ac8fa7fca93aa36c910cedadc55301867a", "price_changes": [{"asset_id": "104606816941545236553311184521660327119765330940223650186143696159161227922008", "price": "0.25", "size": "100", "side": "BUY", "hash": "238f6bfc4fb0c0babf9630920a709d6560672f3b", "best_bid": "0.27", "best_ask": "0.3"}, {"asset_id": "10609060519986568541114618686513536128425660030465297076178101547249690368792", "price": "0.75", "size": "100", "side": "SELL", "hash": "02d5e97f9c9ffd254026251d8ff30aba5623178c", "best_bid": "0.7", "best_ask": "0.73"}], "timestamp": "1769384060707", "event_type": "price_change"}}
{"_local_timestamp": "2026-01-25T23:34:20.810789+00:00", "data": {"market": "0xc3ad8037b0349f2c11fb15e530d378ac8fa7fca93aa36c910cedadc55301867a", "price_changes": [{"asset_id": "104606816941545236553311184521660327119765330940223650186143696159161227922008", "price": "0.27", "size": "76.2", "side": "BUY", "hash": "56c1391026db72a3d10f5527d4dc6c83e94c66f5", "best_bid": "0.27", "best_ask": "0.3"}, {"asset_id": "10609060519986568541114618686513536128425660030465297076178101547249690368792", "price": "0.73", "size": "76.2", "side": "SELL", "hash": "96ad8bc316eaf3cc4cae1cf93f5c867469495572", "best_bid": "0.7", "best_ask": "0.73"}], "timestamp": "1769384060735", "event_type": "price_change"}}
{"_local_timestamp": "2026-01-25T23:34:23.049276+00:00", "data": {"market": "0xc3ad8037b0349f2c11fb15e530d378ac8fa7fca93aa36c910cedadc55301867a", "price_changes": [{"asset_id": "10609060519986568541114618686513536128425660030465297076178101547249690368792", "price": "0.67", "size": "0", "side": "BUY", "hash": "1832c4ef1b8e3025d2cb76dcfac615aba23f8bb2", "best_bid": "0.7", "best_ask": "0.73"}, {"asset_id": "104606816941545236553311184521660327119765330940223650186143696159161227922008", "price": "0.33", "size": "0", "side": "SELL", "hash": "0011c5f169622a0a690c3a7f9addabf541ed3580", "best_bid": "0.27", "best_ask": "0.3"}], "timestamp": "1769384062976", "event_type": "price_change"}}
{"_local_timestamp": "2026-01-25T23:34:23.395225+00:00", "data": {"market": "0xc3ad8037b0349f2c11fb15e530d378ac8fa7fca93aa36c910cedadc55301867a", "price_changes": [{"asset_id": "10609060519986568541114618686513536128425660030465297076178101547249690368792", "price": "0.68", "size": "23.4", "side": "BUY", "hash": "391c5d6bb44b98fbbf93308571b7ad90bd7dba4f", "best_bid": "0.7", "best_ask": "0.73"}, {"asset_id": "104606816941545236553311184521660327119765330940223650186143696159161227922008", "price": "0.32", "size": "23.4", "side": "SELL", "hash": "f78c49fad7bcc3c70bbe3a2fb9b20ce978d2798d", "best_bid": "0.27", "best_ask": "0.3"}], "timestamp": "1769384063325", "event_type": "price_change"}}
{"_local_timestamp": "2026-01-25T23:34:23.420717+00:00", "data": {"market": "0xb2a44d617b4f1dd96e0ca50b3032baff36d477ed43ceaacfb196e117c120a8c7", "price_changes": [{"asset_id": "60659390185007836062833107924332250074315375465944172025771284861864834891906", "price": "0.67", "size": "100", "side": "BUY", "hash": "e4380f279fe9c211ae30b895a47a4f58139f09a4", "best_bid": "0.7", "best_ask": "0.73"}, {"asset_id": "77399168402833682279683246067302073706469236918369279705496947540946799089175", "price": "0.33", "size": "100", "side": "SELL", "hash": "a6425d0f5e1621766e13c06ddeac890533082214", "best_bid": "0.27", "best_ask": "0.3"}], "timestamp": "1769384063347", "event_type": "price_change"}}
{"_local_timestamp": "2026-01-25T23:34:23.421538+00:00", "data": {"market": "0xb2a44d617b4f1dd96e0ca50b3032baff36d477ed43ceaacfb196e117c120a8c7", "price_changes": [{"asset_id": "60659390185007836062833107924332250074315375465944172025771284861864834891906", "price": "0.41", "size": "83.28", "side": "BUY", "hash": "0e79965fd920ddc683fd814942e6b01ca90da5fa", "best_bid": "0.7", "best_ask": "0.73"}, {"asset_id": "77399168402833682279683246067302073706469236918369279705496947540946799089175", "price": "0.59", "size": "83.28", "side": "SELL", "hash": "ff85fc94cdfa1dc9ebc609f8ff18c347ac18aa14", "best_bid": "0.27", "best_ask": "0.3"}], "timestamp": "1769384063348", "event_type": "price_change"}}
{"_local_timestamp": "2026-01-25T23:34:23.741340+00:00", "data": {"market": "0xc3ad8037b0349f2c11fb15e530d378ac8fa7fca93aa36c910cedadc55301867a", "price_changes": [{"asset_id": "104606816941545236553311184521660327119765330940223650186143696159161227922008", "price": "0.32", "size": "0", "side": "SELL", "hash": "ec43f4d683dca1ebb9491e0c69b9ac9cd53550d1", "best_bid": "0.27", "best_ask": "0.3"}, {"asset_id": "10609060519986568541114618686513536128425660030465297076178101547249690368792", "price": "0.68", "size": "0", "side": "BUY", "hash": "87ec7efa78a2fa0efefba20be1ec6e5a40df8405", "best_bid": "0.7", "best_ask": "0.73"}], "timestamp": "1769384063667", "event_type": "price_change"}}
{"_local_timestamp": "2026-01-25T23:34:23.793934+00:00", "data": {"market": "0xc3ad8037b0349f2c11fb15e530d378ac8fa7fca93aa36c910cedadc55301867a", "price_changes": [{"asset_id": "104606816941545236553311184521660327119765330940223650186143696159161227922008", "price": "0.33", "size": "23.4", "side": "SELL", "hash": "7ae5c420e4c488f0d193fc34f5a05a0aa3957c92", "best_bid": "0.27", "best_ask": "0.3"}, {"asset_id": "10609060519986568541114618686513536128425660030465297076178101547249690368792", "price": "0.67", "size": "23.4", "side": "BUY", "hash": "a6ca8d2640424f998674c1339232ccfef3562e2a", "best_bid": "0.7", "best_ask": "0.73"}], "timestamp": "1769384063719", "event_type": "price_change"}}
{"_local_timestamp": "2026-01-25T23:34:25.869635+00:00", "data": {"market": "0xc3ad8037b0349f2c11fb15e530d378ac8fa7fca93aa36c910cedadc55301867a", "price_changes": [{"asset_id": "10609060519986568541114618686513536128425660030465297076178101547249690368792", "price": "0.68", "size": "40", "side": "BUY", "hash": "e10b47280402134f67655bca3bc81a182115c053", "best_bid": "0.7", "best_ask": "0.73"}, {"asset_id": "104606816941545236553311184521660327119765330940223650186143696159161227922008", "price": "0.32", "size": "40", "side": "SELL", "hash": "c0aaa27e241a32cab84ee03a1d778b5e198e2a9c", "best_bid": "0.27", "best_ask": "0.3"}], "timestamp": "1769384065768", "event_type": "price_change"}}
{"_local_timestamp": "2026-01-25T23:34:25.870062+00:00", "data": {"market": "0xb2a44d617b4f1dd96e0ca50b3032baff36d477ed43ceaacfb196e117c120a8c7", "price_changes": [{"asset_id": "60659390185007836062833107924332250074315375465944172025771284861864834891906", "price": "0.67", "size": "140", "side": "BUY", "hash": "62c3217d2f30e849fa2bc28cc3355320e7b99e00", "best_bid": "0.7", "best_ask": "0.73"}, {"asset_id": "77399168402833682279683246067302073706469236918369279705496947540946799089175", "price": "0.33", "size": "140", "side": "SELL", "hash": "eececd2dd13b21f74deb912b11dcdec1f2c3a170", "best_bid": "0.27", "best_ask": "0.3"}], "timestamp": "1769384065768", "event_type": "price_change"}}
{"_local_timestamp": "2026-01-25T23:34:25.870563+00:00", "data": {"market": "0xb2a44d617b4f1dd96e0ca50b3032baff36d477ed43ceaacfb196e117c120a8c7", "price_changes": [{"asset_id": "60659390185007836062833107924332250074315375465944172025771284861864834891906", "price": "0.41", "size": "143.28", "side": "BUY", "hash": "1f8e9f02c06361862e181721c71e0dd14b159b12", "best_bid": "0.7", "best_ask": "0.73"}, {"asset_id": "77399168402833682279683246067302073706469236918369279705496947540946799089175", "price": "0.59", "size": "143.28", "side": "SELL", "hash": "569825d1612bbd0c4f01a4d9743f31195cf058cb", "best_bid": "0.27", "best_ask": "0.3"}], "timestamp": "1769384065769", "event_type": "price_change"}}
{"_local_timestamp": "2026-01-25T23:34:25.901927+00:00", "data": {"market": "0xc3ad8037b0349f2c11fb15e530d378ac8fa7fca93aa36c910cedadc55301867a", "price_changes": [{"asset_id": "10609060519986568541114618686513536128425660030465297076178101547249690368792", "price": "0.66", "size": "190", "side": "BUY", "hash": "4528ddd3e59f9e469b1796739be8f44df2895785", "best_bid": "0.7", "best_ask": "0.73"}, {"asset_id": "104606816941545236553311184521660327119765330940223650186143696159161227922008", "price": "0.34", "size": "190", "side": "SELL", "hash": "43ce2b5b0292724dbdb311d06cc23bf067407679", "best_bid": "0.27", "best_ask": "0.3"}], "timestamp": "1769384065802", "event_type": "price_change"}}
{"_local_timestamp": "2026-01-25T23:34:37.155271+00:00", "data": {"market": "0xc3ad8037b0349f2c11fb15e530d378ac8fa7fca93aa36c910cedadc55301867a", "price_changes": [{"asset_id": "104606816941545236553311184521660327119765330940223650186143696159161227922008", "price": "0.24", "size": "96.98", "side": "BUY", "hash": "85bb49469ec72fdc6e86af2ebdfc6774c04a8f80", "best_bid": "0.27", "best_ask": "0.3"}, {"asset_id": "10609060519986568541114618686513536128425660030465297076178101547249690368792", "price": "0.76", "size": "96.98", "side": "SELL", "hash": "f033185cfdc3a3cacfcbe4d92faa36b6fd074027", "best_bid": "0.7", "best_ask": "0.73"}], "timestamp": "1769384077083", "event_type": "price_change"}}
{"_local_timestamp": "2026-01-25T23:35:00.913866+00:00", "data": {"market": "0xb2a44d617b4f1dd96e0ca50b3032baff36d477ed43ceaacfb196e117c120a8c7", "price_changes": [{"asset_id": "77399168402833682279683246067302073706469236918369279705496947540946799089175", "price": "0.27", "size": "15", "side": "BUY", "hash": "05a2bc32f7ed7662a5e991673304d373b10b9cb2", "best_bid": "0.27", "best_ask": "0.3"}, {"asset_id": "60659390185007836062833107924332250074315375465944172025771284861864834891906", "price": "0.73", "size": "15", "side": "SELL", "hash": "1a0bf03b70a0f295807a0948c69d99f46fc21cb1", "best_bid": "0.7", "best_ask": "0.73"}], "timestamp": "1769384100840", "event_type": "price_change"}}
{"_local_timestamp": "2026-01-25T23:35:00.930837+00:00", "data": {"market": "0xc3ad8037b0349f2c11fb15e530d378ac8fa7fca93aa36c910cedadc55301867a", "price_changes": [{"asset_id": "104606816941545236553311184521660327119765330940223650186143696159161227922008", "price": "0.02", "size": "5.09", "side": "BUY", "hash": "8fdd53e2977e56bb9f1316f4f769b63096aed6ec", "best_bid": "0.27", "best_ask": "0.3"}, {"asset_id": "10609060519986568541114618686513536128425660030465297076178101547249690368792", "price": "0.98", "size": "5.09", "side": "SELL", "hash": "3b21e56153c097454c0947b97ff59ddb23c955bf", "best_bid": "0.7", "best_ask": "0.73"}], "timestamp": "1769384100862", "event_type": "price_change"}}
{"_local_timestamp": "2026-01-25T23:35:00.938873+00:00", "data": {"market": "0xc3ad8037b0349f2c11fb15e530d378ac8fa7fca93aa36c910cedadc55301867a", "price_changes": [{"asset_id": "104606816941545236553311184521660327119765330940223650186143696159161227922008", "price": "0.26", "size": "40", "side": "BUY", "hash": "28363006da6118655d9b6edece9060e956d8307d", "best_bid": "0.27", "best_ask": "0.3"}, {"asset_id": "10609060519986568541114618686513536128425660030465297076178101547249690368792", "price": "0.74", "size": "40", "side": "SELL", "hash": "0dc8e24d52546f5ffa9eddac9629c5d3d450601f", "best_bid": "0.7", "best_ask": "0.73"}], "timestamp": "1769384100863", "event_type": "price_change"}}
{"_local_timestamp": "2026-01-25T23:35:00.939265+00:00", "data": {"market": "0xc3ad8037b0349f2c11fb15e530d378ac8fa7fca93aa36c910cedadc55301867a", "price_changes": [{"asset_id": "104606816941545236553311184521660327119765330940223650186143696159161227922008", "price": "0.24", "size": "56.98", "side": "BUY", "hash": "8f9922da8e57d90c8ddfd6c27107676ca94e7142", "best_bid": "0.27", "best_ask": "0.3"}, {"asset_id": "10609060519986568541114618686513536128425660030465297076178101547249690368792", "price": "0.76", "size": "56.98", "side": "SELL", "hash": "147d5835ac4fe4fc5a9b929bef3e759871a58756", "best_bid": "0.7", "best_ask": "0.73"}], "timestamp": "1769384100863", "event_type": "price_change"}}
{"_local_timestamp": "2026-01-25T23:35:01.110401+00:00", "data": {"market": "0xc3ad8037b0349f2c11fb15e530d378ac8fa7fca93aa36c910cedadc55301867a", "price_changes": [{"asset_id": "104606816941545236553311184521660327119765330940223650186143696159161227922008", "price": "0.26", "size": "60", "side": "BUY", "hash": "f7019a6b48e8fb16cc106c7c2d7287d9e7d3fe14", "best_bid": "0.27", "best_ask": "0.3"}, {"asset_id": "10609060519986568541114618686513536128425660030465297076178101547249690368792", "price": "0.74", "size": "60", "side": "SELL", "hash": "48f38d1708a5a38d27aca1d209cf0cf91214bb28", "best_bid": "0.7", "best_ask": "0.73"}], "timestamp": "1769384101005", "event_type": "price_change"}}
{"_local_timestamp": "2026-01-25T23:35:05.855231+00:00", "data": {"market": "0xc3ad8037b0349f2c11fb15e530d378ac8fa7fca93aa36c910cedadc55301867a", "price_changes": [{"asset_id": "104606816941545236553311184521660327119765330940223650186143696159161227922008", "price": "0.24", "size": "96.98", "side": "BUY", "hash": "2463155c6767afab80461455711154f7e67747b2", "best_bid": "0.27", "best_ask": "0.3"}, {"asset_id": "10609060519986568541114618686513536128425660030465297076178101547249690368792", "price": "0.76", "size": "96.98", "side": "SELL", "hash": "5620dad1fd0f8b505d4f199499e4ac6f7717c5d3", "best_bid": "0.7", "best_ask": "0.73"}], "timestamp": "1769384105775", "event_type": "price_change"}}
{"_local_timestamp": "2026-01-25T23:35:05.855599+00:00", "data": {"market": "0xb2a44d617b4f1dd96e0ca50b3032baff36d477ed43ceaacfb196e117c120a8c7", "price_changes": [{"asset_id": "77399168402833682279683246067302073706469236918369279705496947540946799089175", "price": "0.25", "size": "90", "side": "BUY", "hash": "69036ccea2dbcb8674119b2d8e13ee2e7b9a6198", "best_bid": "0.27", "best_ask": "0.3"}, {"asset_id": "60659390185007836062833107924332250074315375465944172025771284861864834891906", "price": "0.75", "size": "90", "side": "SELL", "hash": "8c789b1ddc535fefaa0be8a586e2e2e9fce7ca14", "best_bid": "0.7", "best_ask": "0.73"}], "timestamp": "1769384105775", "event_type": "price_change"}}
{"_local_timestamp": "2026-01-25T23:35:05.855890+00:00", "data": {"market": "0xc3ad8037b0349f2c11fb15e530d378ac8fa7fca93aa36c910cedadc55301867a", "price_changes": [{"asset_id": "104606816941545236553311184521660327119765330940223650186143696159161227922008", "price": "0.02", "size": "65.09", "side": "BUY", "hash": "62fc00d0f4fa1affeb4282b651959a52499d4736", "best_bid": "0.27", "best_ask": "0.3"}, {"asset_id": "10609060519986568541114618686513536128425660030465297076178101547249690368792", "price": "0.98", "size": "65.09", "side": "SELL", "hash": "f5a616d6746092f98daf7c07fb5595f631d5befe", "best_bid": "0.7", "best_ask": "0.73"}], "timestamp": "1769384105776", "event_type": "price_change"}}
{"_local_timestamp": "2026-01-25T23:35:10.630537+00:00", "data": {"market": "0xc3ad8037b0349f2c11fb15e530d378ac8fa7fca93aa36c910cedadc55301867a", "price_changes": [{"asset_id": "104606816941545236553311184521660327119765330940223650186143696159161227922008", "price": "0.27", "size": "36.2", "side": "BUY", "hash": "e02171cbbc4398d81947425cca375cb92834bae6", "best_bid": "0.27", "best_ask": "0.3"}, {"asset_id": "10609060519986568541114618686513536128425660030465297076178101547249690368792", "price": "0.73", "size": "36.2", "side": "SELL", "hash": "f49a2325b3982b75557f57c0946ce94a176cf063", "best_bid": "0.7", "best_ask": "0.73"}], "timestamp": "1769384110532", "event_type": "price_change"}}
{"_local_timestamp": "2026-01-25T23:35:10.977173+00:00", "data": {"market": "0xc3ad8037b0349f2c11fb15e530d378ac8fa7fca93aa36c910cedadc55301867a", "price_changes": [{"asset_id": "104606816941545236553311184521660327119765330940223650186143696159161227922008", "price": "0.26", "size": "100", "side": "BUY", "hash": "0915c0fd3b75da85439f896a98f91beaa4fefab1", "best_bid": "0.27", "best_ask": "0.3"}, {"asset_id": "10609060519986568541114618686513536128425660030465297076178101547249690368792", "price": "0.74", "size": "100", "side": "SELL", "hash": "1a11de210d5123aec70d31c29244d7b259a78cc7", "best_bid": "0.7", "best_ask": "0.73"}], "timestamp": "1769384110763", "event_type": "price_change"}}
{"_local_timestamp": "2026-01-25T23:36:45.841219+00:00", "data": {"market": "0xb2a44d617b4f1dd96e0ca50b3032baff36d477ed43ceaacfb196e117c120a8c7", "price_changes": [{"asset_id": "60659390185007836062833107924332250074315375465944172025771284861864834891906", "price": "0.68", "size": "0", "side": "BUY", "hash": "676c3665cfae2e2b98039c3fad3a9ef79b7c7569", "best_bid": "0.7", "best_ask": "0.73"}, {"asset_id": "77399168402833682279683246067302073706469236918369279705496947540946799089175", "price": "0.32", "size": "0", "side": "SELL", "hash": "ed5d021c06ad606d87e46f611967d8ae280252ea", "best_bid": "0.27", "best_ask": "0.3"}], "timestamp": "1769384205692", "event_type": "price_change"}}
{"_local_timestamp": "2026-01-25T23:36:45.872899+00:00", "data": {"market": "0xb2a44d617b4f1dd96e0ca50b3032baff36d477ed43ceaacfb196e117c120a8c7", "price_changes": [{"asset_id": "60659390185007836062833107924332250074315375465944172025771284861864834891906", "price": "0.7", "size": "55.2", "side": "BUY", "hash": "c016f67e34353d5356512ae2af9ca44a380afe0c", "best_bid": "0.7", "best_ask": "0.73"}, {"asset_id": "77399168402833682279683246067302073706469236918369279705496947540946799089175", "price": "0.3", "size": "55.2", "side": "SELL", "hash": "439d1d8cadd8391424632d5ace94b04faddb5009", "best_bid": "0.27", "best_ask": "0.3"}], "timestamp": "1769384205720", "event_type": "price_change"}}
{"_local_timestamp": "2026-01-25T23:36:48.668915+00:00", "data": {"market": "0xb2a44d617b4f1dd96e0ca50b3032baff36d477ed43ceaacfb196e117c120a8c7", "price_changes": [{"asset_id": "60659390185007836062833107924332250074315375465944172025771284861864834891906", "price": "0.7", "size": "15.2", "side": "BUY", "hash": "569169e40da1eb21ef3d51bc75035e8013dd03a3", "best_bid": "0.7", "best_ask": "0.73"}, {"asset_id": "77399168402833682279683246067302073706469236918369279705496947540946799089175", "price": "0.3", "size": "15.2", "side": "SELL", "hash": "52d4c7054746ccb937e44ab76b19a0e1da0fe048", "best_bid": "0.27", "best_ask": "0.3"}], "timestamp": "1769384208521", "event_type": "price_change"}}
{"_local_timestamp": "2026-01-25T23:36:48.694919+00:00", "data": {"market": "0xc3ad8037b0349f2c11fb15e530d378ac8fa7fca93aa36c910cedadc55301867a", "price_changes": [{"asset_id": "10609060519986568541114618686513536128425660030465297076178101547249690368792", "price": "0.66", "size": "150", "side": "BUY", "hash": "4afe70abfad4d82edb896ae770505eb488bd697b", "best_bid": "0.7", "best_ask": "0.73"}, {"asset_id": "104606816941545236553311184521660327119765330940223650186143696159161227922008", "price": "0.34", "size": "150", "side": "SELL", "hash": "ca45d0e0f3c5868a7e2b23d6314f3989c1e87f67", "best_bid": "0.27", "best_ask": "0.3"}], "timestamp": "1769384208544", "event_type": "price_change"}}
{"_local_timestamp": "2026-01-25T23:36:48.697114+00:00", "data": {"market": "0xc3ad8037b0349f2c11fb15e530d378ac8fa7fca93aa36c910cedadc55301867a", "price_changes": [{"asset_id": "10609060519986568541114618686513536128425660030465297076178101547249690368792", "price": "0.61", "size": "0", "side": "BUY", "hash": "ae783589f0ccbc556bfaad629ddc0b775f769984", "best_bid": "0.7", "best_ask": "0.73"}, {"asset_id": "104606816941545236553311184521660327119765330940223650186143696159161227922008", "price": "0.39", "size": "0", "side": "SELL", "hash": "f780e8400302e01cc5d8fb1e0559a48b10342b82", "best_bid": "0.27", "best_ask": "0.3"}], "timestamp": "1769384208549", "event_type": "price_change"}}
{"_local_timestamp": "2026-01-25T23:36:50.857044+00:00", "data": {"market": "0xc3ad8037b0349f2c11fb15e530d378ac8fa7fca93aa36c910cedadc55301867a", "price_changes": [{"asset_id": "10609060519986568541114618686513536128425660030465297076178101547249690368792", "price": "0.66", "size": "190", "side": "BUY", "hash": "67bc23e88e5894bd406564959c60b7b301c67ae2", "best_bid": "0.7", "best_ask": "0.73"}, {"asset_id": "104606816941545236553311184521660327119765330940223650186143696159161227922008", "price": "0.34", "size": "190", "side": "SELL", "hash": "f2841b103929a097bdb555c3f3948b1f9cd8b053", "best_bid": "0.27", "best_ask": "0.3"}], "timestamp": "1769384210715", "event_type": "price_change"}}
{"_local_timestamp": "2026-01-25T23:36:50.857422+00:00", "data": {"market": "0xb2a44d617b4f1dd96e0ca50b3032baff36d477ed43ceaacfb196e117c120a8c7", "price_changes": [{"asset_id": "60659390185007836062833107924332250074315375465944172025771284861864834891906", "price": "0.68", "size": "40", "side": "BUY", "hash": "f31bfac10d896546f06fe5341d6205d9b7b81f7f", "best_bid": "0.7", "best_ask": "0.73"}, {"asset_id": "77399168402833682279683246067302073706469236918369279705496947540946799089175", "price": "0.32", "size": "40", "side": "SELL", "hash": "3ccc8ca44470172f6a4862a4baac1f206788f341", "best_bid": "0.27", "best_ask": "0.3"}], "timestamp": "1769384210715", "event_type": "price_change"}}
{"_local_timestamp": "2026-01-25T23:36:50.857686+00:00", "data": {"market": "0xc3ad8037b0349f2c11fb15e530d378ac8fa7fca93aa36c910cedadc55301867a", "price_changes": [{"asset_id": "10609060519986568541114618686513536128425660030465297076178101547249690368792", "price": "0.61", "size": "60", "side": "BUY", "hash": "c7378a32d4a15dcf0d96e18a44f91c2e308ae1c6", "best_bid": "0.7", "best_ask": "0.73"}, {"asset_id": "104606816941545236553311184521660327119765330940223650186143696159161227922008", "price": "0.39", "size": "60", "side": "SELL", "hash": "f572f6e45eac2adfb41b1e0ad8eefd1485b69643", "best_bid": "0.27", "best_ask": "0.3"}], "timestamp": "1769384210715", "event_type": "price_change"}}
{"_local_timestamp": "2026-01-25T23:36:57.822989+00:00", "data": {"market": "0xc3ad8037b0349f2c11fb15e530d378ac8fa7fca93aa36c910cedadc55301867a", "price_changes": [{"asset_id": "10609060519986568541114618686513536128425660030465297076178101547249690368792", "price": "0.14", "size": "300", "side": "BUY", "hash": "eb1f6ba3250150cb0c84c35ae24587a5bee75b14", "best_bid": "0.7", "best_ask": "0.73"}, {"asset_id": "104606816941545236553311184521660327119765330940223650186143696159161227922008", "price": "0.86", "size": "300", "side": "SELL", "hash": "0d07f5dee9afe17326855aae4839d64ed4dd47fa", "best_bid": "0.27", "best_ask": "0.3"}], "timestamp": "1769384217241", "event_type": "price_change"}}
{"_local_timestamp": "2026-01-25T23:37:02.122985+00:00", "data": {"market": "0xc3ad8037b0349f2c11fb15e530d378ac8fa7fca93aa36c910cedadc55301867a", "price_changes": [{"asset_id": "10609060519986568541114618686513536128425660030465297076178101547249690368792", "price": "0.15", "size": "287", "side": "BUY", "hash": "414039bd8b8ef05464dabb2e1201c538c0072d1b", "best_bid": "0.7", "best_ask": "0.73"}, {"asset_id": "104606816941545236553311184521660327119765330940223650186143696159161227922008", "price": "0.85", "size": "287", "side": "SELL", "hash": "44f8bc0fdf87448f1762e95d2e8754f040636e34", "best_bid": "0.27", "best_ask": "0.3"}], "timestamp": "1769384221949", "event_type": "price_change"}}
