{"_local_timestamp": "2026-01-25T23:33:46.365763+00:00", "data": [{"market": "0x0a41fdad163a6627011670f3825b0a7ba6846898edd967bf99e35edaf8e01c39", "asset_id": "83546855922199778278638110763381036580571988319455032243211392303129625422550", "timestamp": "1769383901930", "hash": "2f2260f882940c62af90831a7bfa6b6ae1c690ff", "bids": [{"price": "0.01", "size": "7914.6"}, {"price": "0.02", "size": "3000"}, {"price": "0.03", "size": "300"}, {"price": "0.04", "size": "6.6"}, {"price": "0.05", "size": "30"}, {"price": "0.06", "size": "1133"}, {"price": "0.1", "size": "500"}, {"price": "0.11", "size": "555.36"}, {"price": "0.2", "size": "1050"}, {"price": "0.21", "size": "100"}, {"price": "0.27", "size": "288"}, {"price": "0.34", "size": "125"}, {"price": "0.35", "size": "5"}, {"price": "0.65", "size": "30"}, {"price": "0.66", "size": "200"}, {"price": "0.67", "size": "66.66"}, {"price": "0.7", "size": "300"}, {"price": "0.71", "size": "66.66"}, {"price": "0.75", "size": "5.12"}, {"price": "0.76", "size": "66.66"}], "asks": [{"price": "0.99", "size": "2855.65"}, {"price": "0.98", "size": "313.68"}, {"price": "0.97", "size": "300"}, {"price": "0.96", "size": "263.64"}, {"price": "0.95", "size": "128"}, {"price": "0.94", "size": "64.52"}, {"price": "0.93", "size": "6"}, {"price": "0.92", "size": "99.97"}], "event_type": "book", "last_trade_price": ""}, {"market": "0x36fcfb6677c31da3b4d778113f9c73621aa1a393f7f91c595077a7a3e5813a08", "asset_id": "31732069258686019565223433017862625782315604390364994553321715005177424772772", "timestamp": "1769383983542", "hash": "54111452ca0e5312f8db393b53415b6525c61b4d", "bids": [{"price": "0.01", "size": "108.28"}, {"price": "0.02", "size": "20.86"}, {"price": "0.05", "size": "1030"}, {"price": "0.06", "size": "216.66"}, {"price": "0.07", "size": "78.57"}, {"price": "0.08", "size": "6.24"}, {"price": "0.1", "size": "500"}, {"price": "0.11", "size": "50"}, {"price": "0.12", "size": "70"}, {"price": "0.13", "size": "8.5"}, {"price": "0.14", "size": "50"}, {"price": "0.17", "size": "55.88"}], "asks": [{"price": "0.99", "size": "5362.58"}, {"price": "0.98", "size": "1250"}, {"price": "0.97", "size": "307.2"}, {"price": "0.96", "size": "366.66"}, {"price": "0.94", "size": "50"}, {"price": "0.93", "size": "9.4"}, {"price": "0.84", "size": "66.66"}, {"price": "0.82", "size": "72.22"}, {"price": "0.81", "size": "57.89"}, {"price": "0.75", "size": "20"}, {"price": "0.73", "size": "8.5"}, {"price": "0.72", "size": "66.66"}], "event_type": "book", "last_trade_price": ""}, {"market": "0x0a41fdad163a6627011670f3825b0a7ba6846898edd967bf99e35edaf8e01c39", "asset_id": "60816618034766854751039794826531947604174277144738058035901540643705077225977", "timestamp": "1769383901930", "hash": "0891209323b02596e78df90560ef3aa4459bc6c3", "bids": [{"price": "0.01", "size": "2855.65"}, {"price": "0.02", "size": "313.68"}, {"price": "0.03", "size": "300"}, {"price": "0.04", "size": "263.64"}, {"price": "0.05", "size": "128"}, {"price": "0.06", "size": "64.52"}, {"price": "0.07", "size": "6"}, {"price": "0.08", "size": "99.97"}], "asks": [{"price": "0.99", "size": "7914.6"}, {"price": "0.98", "size": "3000"}, {"price": "0.97", "size": "300"}, {"price": "0.96", "size": "6.6"}, {"price": "0.95", "size": "30"}, {"price": "0.94", "size": "1133"}, {"price": "0.9", "size": "500"}, {"price": "0.89", "size": "555.36"}, {"price": "0.8", "size": "1050"}, {"price": "0.79", "size": "100"}, {"price": "0.73", "size": "288"}, {"price": "0.66", "size": "125"}, {"price": "0.65", "size": "5"}, {"price": "0.35", "size": "30"}, {"price": "0.34", "size": "200"}, {"price": "0.33", "size": "66.66"}, {"price": "0.3", "size": "300"}, {"price": "0.29", "size": "66.66"}, {"price": "0.25", "size": "5.12"}, {"price": "0.24", "size": "66.66"}], "event_type": "book", "last_trade_price": ""}, {"market": "0x36fcfb6677c31da3b4d778113f9c73621aa1a393f7f91c595077a7a3e5813a08", "asset_id": "89470053363772803872661105232940206355976928556200534568743965452833734928895", "timestamp": "1769383983542", "hash": "f61d41a0f51ae2c2ecb78abd47b83eafead8d286", "bids": [{"price": "0.01", "size": "5362.58"}, {"price": "0.02", "size": "1250"}, {"price": "0.03", "size": "307.2"}, {"price": "0.04", "size": "366.66"}, {"price": "0.06", "size": "50"}, {"price": "0.07", "size": "9.4"}, {"price": "0.16", "size": "66.66"}, {"price": "0.18", "size": "72.22"}, {"price": "0.19", "size": "57.89"}, {"price": "0.25", "size": "20"}, {"price": "0.27", "size": "8.5"}, {"price": "0.28", "size": "66.66"}], "asks": [{"price": "0.99", "size": "108.28"}, {"price": "0.98", "size": "20.86"}, {"price": "0.95", "size": "1030"}, {"price": "0.94", "size": "216.66"}, {"price": "0.93", "size": "78.57"}, {"price": "0.92", "size": "6.24"}, {"price": "0.9", "size": "500"}, {"price": "0.89", "size": "50"}, {"price": "0.88", "size": "70"}, {"price": "0.87", "size": "8.5"}, {"price": "0.86", "size": "50"}, {"price": "0.83", "size": "55.88"}], "event_type": "book", "last_trade_price": ""}]}
{"_local_timestamp": "2026-01-25T23:33:58.461245+00:00", "data": {"market": "0x36fcfb6677c31da3b4d778113f9c73621aa1a393f7f91c595077a7a3e5813a08", "price_changes": [{"asset_id": "89470053363772803872661105232940206355976928556200534568743965452833734928895", "price": "0.27", "size": "0", "side": "BUY", "hash": "d0c9bc8bee537e072c899887ed9d7cfa7d237e73", "best_bid": "0.28", "best_ask": "0.83"}, {"asset_id": "31732069258686019565223433017862625782315604390364994553321715005177424772772", "price": "0.73", "size": "0", "side": "SELL", "hash": "0234d137905a8570e2bd0c3f958446bdada3e567", "best_bid": "0.17", "best_ask": "0.72"}], "timestamp": "1769384038383", "event_type": "price_change"}}
{"_local_timestamp": "2026-01-25T23:33:58.484253+00:00", "data": {"market": "0x36fcfb6677c31da3b4d778113f9c73621aa1a393f7f91c595077a7a3e5813a08", "price_changes": [{"asset_id": "89470053363772803872661105232940206355976928556200534568743965452833734928895", "price": "0.2", "size": "8.5", "side": "BUY", "hash": "781f358f1c771cad33370d3bcdcdba5551e8b6ca", "best_bid": "0.28", "best_ask": "0.83"}, {"asset_id": "31732069258686019565223433017862625782315604390364994553321715005177424772772", "price": "0.8", "size": "8.5", "side": "SELL", "hash": "d245e70a5611de6c596827f86e9a4878a688b65b", "best_bid": "0.17", "best_ask": "0.72"}], "timestamp": "1769384038419", "event_type": "price_change"}}
{"_local_timestamp": "2026-01-25T23:35:47.313508+00:00", "data": {"market": "0x36fcfb6677c31da3b4d778113f9c73621aa1a393f7f91c595077a7a3e5813a08", "price_changes": [{"asset_id": "89470053363772803872661105232940206355976928556200534568743965452833734928895", "price": "0.28", "size": "0", "side": "BUY", "hash": "bd3abc3d2718c35d8b40c62e68096fc91cc91a98", "best_bid": "0.25", "best_ask": "0.83"}, {"asset_id": "31732069258686019565223433017862625782315604390364994553321715005177424772772", "price": "0.72", "size": "0", "side": "SELL", "hash": "84733e8857a044ed0dcaf8063a351986add7abd7", "best_bid": "0.17", "best_ask": "0.75"}], "timestamp": "1769384147241", "event_type": "price_change"}}
{"_local_timestamp": "2026-01-25T23:35:48.491906+00:00", "data": {"market": "0x36fcfb6677c31da3b4d778113f9c73621aa1a393f7f91c595077a7a3e5813a08", "price_changes": [{"asset_id": "89470053363772803872661105232940206355976928556200534568743965452833734928895", "price": "0.26", "size": "66.66", "side": "BUY", "hash": "0ebeea31596eada3d7941234d0f234608be1b685", "best_bid": "0.26", "best_ask": "0.83"}, {"asset_id": "31732069258686019565223433017862625782315604390364994553321715005177424772772", "price": "0.74", "size": "66.66", "side": "SELL", "hash": "df441f6ce1faedc9093eb0ac02505dc000dff008", "best_bid": "0.17", "best_ask": "0.74"}], "timestamp": "1769384148425", "event_type": "price_change"}}
{"_local_timestamp": "2026-01-25T23:37:14.035266+00:00", "data": {"market": "0x36fcfb6677c31da3b4d778113f9c73621aa1a393f7f91c595077a7a3e5813a08", "price_changes": [{"asset_id": "89470053363772803872661105232940206355976928556200534568743965452833734928895", "price": "0.2", "size": "0", "side": "BUY", "hash": "a9d13fa6445a9b1394f93b30b470e28fa21f675c", "best_bid": "0.26", "best_ask": "0.83"}, {"asset_id": "31732069258686019565223433017862625782315604390364994553321715005177424772772", "price": "0.8", "size": "0", "side": "SELL", "hash": "d92c440e1de12ccd7e9e640a9e490c2cd40f5df2", "best_bid": "0.17", "best_ask": "0.74"}], "timestamp": "1769384233966", "event_type": "price_change"}}
{"_local_timestamp": "2026-01-25T23:37:14.178918+00:00", "data": {"market": "0x36fcfb6677c31da3b4d778113f9c73621aa1a393f7f91c595077a7a3e5813a08", "price_changes": [{"asset_id": "89470053363772803872661105232940206355976928556200534568743965452833734928895", "price": "0.27", "size": "8.5", "side": "BUY", "hash": "d67a3af85ebf0d505ac2d99db5b8f3e1c4a34a78", "best_bid": "0.27", "best_ask": "0.83"}, {"asset_id": "31732069258686019565223433017862625782315604390364994553321715005177424772772", "price": "0.73", "size": "8.5", "side": "SELL", "hash": "5fa9f372a98e1470495cad8cd31b653b4c3f652f", "best_bid": "0.17", "best_ask": "0.73"}], "timestamp": "1769384234058", "event_type": "price_change"}}
{"_local_timestamp": "2026-01-25T23:38:32.781515+00:00", "data": {"market": "0x36fcfb6677c31da3b4d778113f9c73621aa1a393f7f91c595077a7a3e5813a08", "price_changes": [{"asset_id": "89470053363772803872661105232940206355976928556200534568743965452833734928895", "price": "0.26", "size": "0", "side": "BUY", "hash": "7a91f6d2e773ec0699ef060e47332a794fa2a840", "best_bid": "0.27", "best_ask": "0.83"}, {"asset_id": "31732069258686019565223433017862625782315604390364994553321715005177424772772", "price": "0.74", "size": "0", "side": "SELL", "hash": "93b5b7eb9584ecff8ae27077ebc6ada383a5e599", "best_bid": "0.17", "best_ask": "0.73"}], "timestamp": "1769384312710", "event_type": "price_change"}}
{"_local_timestamp": "2026-01-25T23:38:33.655473+00:00", "data": {"market": "0x36fcfb6677c31da3b4d778113f9c73621aa1a393f7f91c595077a7a3e5813a08", "price_changes": [{"asset_id": "89470053363772803872661105232940206355976928556200534568743965452833734928895", "price": "0.28", "size": "66.66", "side": "BUY", "hash": "2da4121105ebc4ec85455ebe8181a683d7ebb83a", "best_bid": "0.28", "best_ask": "0.83"}, {"asset_id": "31732069258686019565223433017862625782315604390364994553321715005177424772772", "price": "0.72", "size": "66.66", "side": "SELL", "hash": "8f1511cb1971f381040a1470b5f97d728df4f81e", "best_bid": "0.17", "best_ask": "0.72"}], "timestamp": "1769384313588", "event_type": "price_change"}}
{"_local_timestamp": "2026-01-25T23:39:03.464767+00:00", "data": {"market": "0x36fcfb6677c31da3b4d778113f9c73621aa1a393f7f91c595077a7a3e5813a08", "price_changes": [{"asset_id": "89470053363772803872661105232940206355976928556200534568743965452833734928895", "price": "0.27", "size": "0", "side": "BUY", "hash": "de3a9e20af943c07ec24c631e3188edc0107832b", "best_bid": "0.28", "best_ask": "0.83"}, {"asset_id": "31732069258686019565223433017862625782315604390364994553321715005177424772772", "price": "0.73", "size": "0", "side": "SELL", "hash": "93e12ec31271858d850ed5c2cdd971cddbe6863e", "best_bid": "0.17", "best_ask": "0.72"}], "timestamp": "1769384343401", "event_type": "price_change"}}
{"_local_timestamp": "2026-01-25T23:39:03.504564+00:00", "data": {"market": "0x36fcfb6677c31da3b4d778113f9c73621aa1a393f7f91c595077a7a3e5813a08", "price_changes": [{"asset_id": "89470053363772803872661105232940206355976928556200534568743965452833734928895", "price": "0.2", "size": "8.5", "side": "BUY", "hash": "b4d20d4612d2cd1cbf763d384133b8f7651182be", "best_bid": "0.28", "best_ask": "0.83"}, {"asset_id": "31732069258686019565223433017862625782315604390364994553321715005177424772772", "price": "0.8", "size": "8.5", "side": "SELL", "hash": "40c89076a9602df4116e8e8c3bf96ff1c144d783", "best_bid": "0.17", "best_ask": "0.72"}], "timestamp": "1769384343439", "event_type": "price_change"}}
