{"_local_timestamp": "2026-01-25T23:34:20.810551+00:00", "data": [{"market": "0xfd1be18abbc39bdf1b16659499488e584e6c06c7b1959b425b5fb4b046d01a33", "asset_id": "107500384885909607304050643649917558350306280281655033419490834964564939230211", "timestamp": "1769384059881", "hash": "a12bd5ef8e1bd4f9fad9442cdb1dde4ea5152f8e", "bids": [{"price": "0.01", "size": "6264.84"}, {"price": "0.02", "size": "2100"}, {"price": "0.03", "size": "10.28"}, {"price": "0.04", "size": "1750"}, {"price": "0.05", "size": "4120"}, {"price": "0.06", "size": "20"}, {"price": "0.07", "size": "914.28"}, {"price": "0.08", "size": "250"}, {"price": "0.1", "size": "950"}, {"price": "0.11", "size": "314.48"}, {"price": "0.14", "size": "228.57"}, {"price": "0.15", "size": "550"}, {"price": "0.16", "size": "1350"}, {"price": "0.18", "size": "155.55"}, {"price": "0.19", "size": "100"}, {"price": "0.21", "size": "173.8"}, {"price": "0.22", "size": "2008"}, {"price": "0.25", "size": "101.26"}, {"price": "0.28", "size": "71.42"}, {"price": "0.29", "size": "250"}, {"price": "0.32", "size": "5"}, {"price": "0.39", "size": "150"}, {"price": "0.4", "size": "5"}, {"price": "0.42", "size": "560"}, {"price": "0.5", "size": "16.68"}, {"price": "0.56", "size": "24.21"}, {"price": "0.6", "size": "488.87"}, {"price": "0.61", "size": "40"}, {"price": "0.64", "size": "569.31"}, {"price": "0.65", "size": "200"}, {"price": "0.67", "size": "3208.53"}, {"price": "0.68", "size": "5487.64"}, {"price": "0.69", "size": "816.25"}], "asks": [{"price": "0.99", "size": "52613.12"}, {"price": "0.98", "size": "2000"}, {"price": "0.97", "size": "7.78"}, {"price": "0.96", "size": "1250"}, {"price": "0.95", "size": "5020"}, {"price": "0.94", "size": "11.42"}, {"price": "0.8", "size": "10"}, {"price": "0.79", "size": "205"}, {"price": "0.78", "size": "535"}, {"price": "0.77", "size": "5"}, {"price": "0.76", "size": "5"}, {"price": "0.75", "size": "675.56"}, {"price": "0.73", "size": "2100.04"}, {"price": "0.72", "size": "3829.13"}, {"price": "0.71", "size": "1454.25"}], "event_type": "book", "last_trade_price": "0.690"}, {"market": "0xfd1be18abbc39bdf1b16659499488e584e6c06c7b1959b425b5fb4b046d01a33", "asset_id": "103398961297840085828551835161306488450071758711115916839536258902155858435669", "timestamp": "1769384059881", "hash": "7349bedcb47c29f431954c65a68ef9b704f96bce", "bids": [{"price": "0.01", "size": "52613.12"}, {"price": "0.02", "size": "2000"}, {"price": "0.03", "size": "7.78"}, {"price": "0.04", "size": "1250"}, {"price": "0.05", "size": "5020"}, {"price": "0.06", "size": "11.42"}, {"price": "0.2", "size": "10"}, {"price": "0.21", "size": "205"}, {"price": "0.22", "size": "535"}, {"price": "0.23", "size": "5"}, {"price": "0.24", "size": "5"}, {"price": "0.25", "size": "675.56"}, {"price": "0.27", "size": "2100.04"}, {"price": "0.28", "size": "3829.13"}, {"price": "0.29", "size": "1454.25"}], "asks": [{"price": "0.99", "size": "6264.84"}, {"price": "0.98", "size": "2100"}, {"price": "0.97", "size": "10.28"}, {"price": "0.96", "size": "1750"}, {"price": "0.95", "size": "4120"}, {"price": "0.94", "size": "20"}, {"price": "0.93", "size": "914.28"}, {"price": "0.92", "size": "250"}, {"price": "0.9", "size": "950"}, {"price": "0.89", "size": "314.48"}, {"price": "0.86", "size": "228.57"}, {"price": "0.85", "size": "550"}, {"price": "0.84", "size": "1350"}, {"price": "0.82", "size": "155.55"}, {"price": "0.81", "size": "100"}, {"price": "0.79", "size": "173.8"}, {"price": "0.78", "size": "2008"}, {"price": "0.75", "size": "101.26"}, {"price": "0.72", "size": "71.42"}, {"price": "0.71", "size": "250"}, {"price": "0.68", "size": "5"}, {"price": "0.61", "size": "150"}, {"price": "0.6", "size": "5"}, {"price": "0.58", "size": "560"}, {"price": "0.5", "size": "16.68"}, {"price": "0.44", "size": "24.21"}, {"price": "0.4", "size": "488.87"}, {"price": "0.39", "size": "40"}, {"price": "0.36", "size": "569.31"}, {"price": "0.35", "size": "200"}, {"price": "0.33", "size": "3208.53"}, {"price": "0.32", "size": "5487.64"}, {"price": "0.31", "size": "816.25"}], "event_type": "book", "last_trade_price": "0.690"}]}
{"_local_timestamp": "2026-01-25T23:34:21.415018+00:00", "data": {"market": "0xfd1be18abbc39bdf1b16659499488e584e6c06c7b1959b425b5fb4b046d01a33", "price_changes": [{"asset_id": "103398961297840085828551835161306488450071758711115916839536258902155858435669", "price": "0.31", "size": "734.25", "side": "SELL", "hash": "af02bf491096ccaa9b62aa7325f0ff2c3817c798", "best_bid": "0.29", "best_ask": "0.31"}, {"asset_id": "107500384885909607304050643649917558350306280281655033419490834964564939230211", "price": "0.69", "size": "734.25", "side": "BUY", "hash": "06b72f5bc83b4c51877d5b1290dbe90a90fdd8de", "best_bid": "0.69", "best_ask": "0.71"}], "timestamp": "1769384061345", "event_type": "price_change"}}
{"_local_timestamp": "2026-01-25T23:34:21.441583+00:00", "data": {"market": "0xfd1be18abbc39bdf1b16659499488e584e6c06c7b1959b425b5fb4b046d01a33", "price_changes": [{"asset_id": "103398961297840085828551835161306488450071758711115916839536258902155858435669", "price": "0.31", "size": "816.25", "side": "SELL", "hash": "09c2fb1d6795f3da4ae8493a8271cc27b95e5df4", "best_bid": "0.29", "best_ask": "0.31"}, {"asset_id": "107500384885909607304050643649917558350306280281655033419490834964564939230211", "price": "0.69", "size": "816.25", "side": "BUY", "hash": "34d417423d605fd20f7a8ff79e43d3f0f464273d", "best_bid": "0.69", "best_ask": "0.71"}], "timestamp": "1769384061371", "event_type": "price_change"}}
{"_local_timestamp": "2026-01-25T23:34:22.928715+00:00", "data": {"market": "0xfd1be18abbc39bdf1b16659499488e584e6c06c7b1959b425b5fb4b046d01a33", "price_changes": [{"asset_id": "103398961297840085828551835161306488450071758711115916839536258902155858435669", "price": "0.31", "size": "734.25", "side": "SELL", "hash": "f886805de6778e528d2f409431a6a21e18d5b357", "best_bid": "0.29", "best_ask": "0.31"}, {"asset_id": "107500384885909607304050643649917558350306280281655033419490834964564939230211", "price": "0.69", "size": "734.25", "side": "BUY", "hash": "6d9cf7fd00410f43180b6ab7743e2fbef1840ed8", "best_bid": "0.69", "best_ask": "0.71"}], "timestamp": "1769384062839", "event_type": "price_change"}}
{"_local_timestamp": "2026-01-25T23:34:22.966112+00:00", "data": {"market": "0xfd1be18abbc39bdf1b16659499488e584e6c06c7b1959b425b5fb4b046d01a33", "price_changes": [{"asset_id": "103398961297840085828551835161306488450071758711115916839536258902155858435669", "price": "0.31", "size": "816.25", "side": "SELL", "hash": "a616b861322f1b45b3c5d570c793afcccae5baeb", "best_bid": "0.29", "best_ask": "0.31"}, {"asset_id": "107500384885909607304050643649917558350306280281655033419490834964564939230211", "price": "0.69", "size": "816.25", "side": "BUY", "hash": "ed1120994ce43d25ec97e9fdb7466936d82908da", "best_bid": "0.69", "best_ask": "0.71"}], "timestamp": "1769384062875", "event_type": "price_change"}}
{"_local_timestamp": "2026-01-25T23:34:24.409778+00:00", "data": {"market": "0xfd1be18abbc39bdf1b16659499488e584e6c06c7b1959b425b5fb4b046d01a33", "price_changes": [{"asset_id": "103398961297840085828551835161306488450071758711115916839536258902155858435669", "price": "0.31", "size": "734.25", "side": "SELL", "hash": "1722b93ac47e9911afe32e697c897d54838ce9b5", "best_bid": "0.29", "best_ask": "0.31"}, {"asset_id": "107500384885909607304050643649917558350306280281655033419490834964564939230211", "price": "0.69", "size": "734.25", "side": "BUY", "hash": "f6b78ee6c27fbd1fdf22ac5dc1a7431904f7ff4f", "best_bid": "0.69", "best_ask": "0.71"}], "timestamp": "1769384064339", "event_type": "price_change"}}
{"_local_timestamp": "2026-01-25T23:34:24.441599+00:00", "data": {"market": "0xfd1be18abbc39bdf1b16659499488e584e6c06c7b1959b425b5fb4b046d01a33", "price_changes": [{"asset_id": "103398961297840085828551835161306488450071758711115916839536258902155858435669", "price": "0.31", "size": "816.25", "side": "SELL", "hash": "a449d6e8a60fbc11421621b4ec0f3fb7ebdd7e87", "best_bid": "0.29", "best_ask": "0.31"}, {"asset_id": "107500384885909607304050643649917558350306280281655033419490834964564939230211", "price": "0.69", "size": "816.25", "side": "BUY", "hash": "b498c45d4086556fb3577303f6516dea72f7dedc", "best_bid": "0.69", "best_ask": "0.71"}], "timestamp": "1769384064371", "event_type": "price_change"}}
{"_local_timestamp": "2026-01-25T23:34:25.940130+00:00", "data": {"market": "0xfd1be18abbc39bdf1b16659499488e584e6c06c7b1959b425b5fb4b046d01a33", "price_changes": [{"asset_id": "103398961297840085828551835161306488450071758711115916839536258902155858435669", "price": "0.31", "size": "734.25", "side": "SELL", "hash": "51d641aeb8954b2690bce2ff1b925b25b61e1507", "best_bid": "0.29", "best_ask": "0.31"}, {"asset_id": "107500384885909607304050643649917558350306280281655033419490834964564939230211", "price": "0.69", "size": "734.25", "side": "BUY", "hash": "7665e8f2d8020ac7661ea5227aa568f95d171e01", "best_bid": "0.69", "best_ask": "0.71"}], "timestamp": "1769384065862", "event_type": "price_change"}}
{"_local_timestamp": "2026-01-25T23:34:25.961725+00:00", "data": {"market": "0xfd1be18abbc39bdf1b16659499488e584e6c06c7b1959b425b5fb4b046d01a33", "price_changes": [{"asset_id": "103398961297840085828551835161306488450071758711115916839536258902155858435669", "price": "0.31", "size": "816.25", "side": "SELL", "hash": "11e468306ee8af23d397c5bde205b76171872289", "best_bid": "0.29", "best_ask": "0.31"}, {"asset_id": "107500384885909607304050643649917558350306280281655033419490834964564939230211", "price": "0.69", "size": "816.25", "side": "BUY", "hash": "51875d9248367d6b6bd8e00a01ae1136388da663", "best_bid": "0.69", "best_ask": "0.71"}], "timestamp": "1769384065896", "event_type": "price_change"}}
{"_local_timestamp": "2026-01-25T23:34:27.413907+00:00", "data": {"market": "0xfd1be18abbc39bdf1b16659499488e584e6c06c7b1959b425b5fb4b046d01a33", "price_changes": [{"asset_id": "103398961297840085828551835161306488450071758711115916839536258902155858435669", "price": "0.31", "size": "734.25", "side": "SELL", "hash": "3d5607ec226142a364cff1bb56e7ccf9ccd7bbe4", "best_bid": "0.29", "best_ask": "0.31"}, {"asset_id": "107500384885909607304050643649917558350306280281655033419490834964564939230211", "price": "0.69", "size": "734.25", "side": "BUY", "hash": "7de60b7ff0b42e921c7f2f13393d530f227da2aa", "best_bid": "0.69", "best_ask": "0.71"}], "timestamp": "1769384067341", "event_type": "price_change"}}
{"_local_timestamp": "2026-01-25T23:34:27.442341+00:00", "data": {"market": "0xfd1be18abbc39bdf1b16659499488e584e6c06c7b1959b425b5fb4b046d01a33", "price_changes": [{"asset_id": "103398961297840085828551835161306488450071758711115916839536258902155858435669", "price": "0.31", "size": "816.25", "side": "SELL", "hash": "d7d1caaf79b20b1e03db2f6aded33a4416b1221a", "best_bid": "0.29", "best_ask": "0.31"}, {"asset_id": "107500384885909607304050643649917558350306280281655033419490834964564939230211", "price": "0.69", "size": "816.25", "side": "BUY", "hash": "e0973570a1ab61b982cf7ddbe27ac2501542f25f", "best_bid": "0.69", "best_ask": "0.71"}], "timestamp": "1769384067368", "event_type": "price_change"}}
{"_local_timestamp": "2026-01-25T23:34:27.569327+00:00", "data": {"market": "0xfd1be18abbc39bdf1b16659499488e584e6c06c7b1959b425b5fb4b046d01a33", "price_changes": [{"asset_id": "107500384885909607304050643649917558350306280281655033419490834964564939230211", "price": "0.16", "size": "1200", "side": "BUY", "hash": "6a5141fe055b30bb83f177899c99376b4e29361a", "best_bid": "0.69", "best_ask": "0.71"}, {"asset_id": "103398961297840085828551835161306488450071758711115916839536258902155858435669", "price": "0.84", "size": "1200", "side": "SELL", "hash": "142f3b9c8d60235be33e8602240796d2bb09e1cb", "best_bid": "0.29", "best_ask": "0.31"}], "timestamp": "1769384067498", "event_type": "price_change"}}
{"_local_timestamp": "2026-01-25T23:34:28.324253+00:00", "data": {"market": "0xfd1be18abbc39bdf1b16659499488e584e6c06c7b1959b425b5fb4b046d01a33", "price_changes": [{"asset_id": "107500384885909607304050643649917558350306280281655033419490834964564939230211", "price": "0.19", "size": "250", "side": "BUY", "hash": "e5ef702cb81f4e3b275cc3d3b04c10142febdecc", "best_bid": "0.69", "best_ask": "0.71"}, {"asset_id": "103398961297840085828551835161306488450071758711115916839536258902155858435669", "price": "0.81", "size": "250", "side": "SELL", "hash": "404ca0fddb49999d9e538213f8abe01e05c07435", "best_bid": "0.29", "best_ask": "0.31"}], "timestamp": "1769384068083", "event_type": "price_change"}}
{"_local_timestamp": "2026-01-25T23:34:29.101609+00:00", "data": {"market": "0xfd1be18abbc39bdf1b16659499488e584e6c06c7b1959b425b5fb4b046d01a33", "price_changes": [{"asset_id": "103398961297840085828551835161306488450071758711115916839536258902155858435669", "price": "0.31", "size": "734.25", "side": "SELL", "hash": "552d592e68a7039190886b81a7eec0e2b799efeb", "best_bid": "0.29", "best_ask": "0.31"}, {"asset_id": "107500384885909607304050643649917558350306280281655033419490834964564939230211", "price": "0.69", "size": "734.25", "side": "BUY", "hash": "c91d6fcb935f54d866104293504f7af7185772c6", "best_bid": "0.69", "best_ask": "0.71"}], "timestamp": "1769384068842", "event_type": "price_change"}}
{"_local_timestamp": "2026-01-25T23:34:29.119842+00:00", "data": {"market": "0xfd1be18abbc39bdf1b16659499488e584e6c06c7b1959b425b5fb4b046d01a33", "price_changes": [{"asset_id": "103398961297840085828551835161306488450071758711115916839536258902155858435669", "price": "0.31", "size": "816.25", "side": "SELL", "hash": "5eea0b21d0c70780729d97158b3d8c69d8ef27da", "best_bid": "0.29", "best_ask": "0.31"}, {"asset_id": "107500384885909607304050643649917558350306280281655033419490834964564939230211", "price": "0.69", "size": "816.25", "side": "BUY", "hash": "d29b949af51ec8033cf791617e62814dab4b859e", "best_bid": "0.69", "best_ask": "0.71"}], "timestamp": "1769384068872", "event_type": "price_change"}}
{"_local_timestamp": "2026-01-25T23:34:30.522268+00:00", "data": {"market": "0xfd1be18abbc39bdf1b16659499488e584e6c06c7b1959b425b5fb4b046d01a33", "price_changes": [{"asset_id": "103398961297840085828551835161306488450071758711115916839536258902155858435669", "price": "0.31", "size": "734.25", "side": "SELL", "hash": "385938f9e19358ab1487e584062c806aeb739048", "best_bid": "0.29", "best_ask": "0.31"}, {"asset_id": "107500384885909607304050643649917558350306280281655033419490834964564939230211", "price": "0.69", "size": "734.25", "side": "BUY", "hash": "bf9977cd532106d4aa3fb215a48d8144c49a3d2e", "best_bid": "0.69", "best_ask": "0.71"}], "timestamp": "1769384070349", "event_type": "price_change"}}
{"_local_timestamp": "2026-01-25T23:34:30.550938+00:00", "data": {"market": "0xfd1be18abbc39bdf1b16659499488e584e6c06c7b1959b425b5fb4b046d01a33", "price_changes": [{"asset_id": "103398961297840085828551835161306488450071758711115916839536258902155858435669", "price": "0.31", "size": "816.25", "side": "SELL", "hash": "ca8c29844e6315b1a223cc32320d904abd6c014f", "best_bid": "0.29", "best_ask": "0.31"}, {"asset_id": "107500384885909607304050643649917558350306280281655033419490834964564939230211", "price": "0.69", "size": "816.25", "side": "BUY", "hash": "f3a5364815807d8e04b868176f4fdf7390642936", "best_bid": "0.69", "best_ask": "0.71"}], "timestamp": "1769384070377", "event_type": "price_change"}}
{"_local_timestamp": "2026-01-25T23:34:31.908968+00:00", "data": {"market": "0xfd1be18abbc39bdf1b16659499488e584e6c06c7b1959b425b5fb4b046d01a33", "price_changes": [{"asset_id": "103398961297840085828551835161306488450071758711115916839536258902155858435669", "price": "0.31", "size": "734.25", "side": "SELL", "hash": "299fedc151e3a70289bb5543318248862879764e", "best_bid": "0.29", "best_ask": "0.31"}, {"asset_id": "107500384885909607304050643649917558350306280281655033419490834964564939230211", "price": "0.69", "size": "734.25", "side": "BUY", "hash": "c6cecab6ab58a9ded16404c6fa0723bfac7b863a", "best_bid": "0.69", "best_ask": "0.71"}], "timestamp": "1769384071840", "event_type": "price_change"}}
{"_local_timestamp": "2026-01-25T23:34:31.949618+00:00", "data": {"market": "0xfd1be18abbc39bdf1b16659499488e584e6c06c7b1959b425b5fb4b046d01a33", "price_changes": [{"asset_id": "103398961297840085828551835161306488450071758711115916839536258902155858435669", "price": "0.31", "size": "816.25", "side": "SELL", "hash": "d7ca92db2da9bb3da7c6b7e7f900432ac5de65de", "best_bid": "0.29", "best_ask": "0.31"}, {"asset_id": "107500384885909607304050643649917558350306280281655033419490834964564939230211", "price": "0.69", "size": "816.25", "side": "BUY", "hash": "b35e45a523071518ecd74076a6012a5a68bd347d", "best_bid": "0.69", "best_ask": "0.71"}], "timestamp": "1769384071880", "event_type": "price_change"}}
{"_local_timestamp": "2026-01-25T23:34:33.413850+00:00", "data": {"market": "0xfd1be18abbc39bdf1b16659499488e584e6c06c7b1959b425b5fb4b046d01a33", "price_changes": [{"asset_id": "103398961297840085828551835161306488450071758711115916839536258902155858435669", "price": "0.31", "size": "734.25", "side": "SELL", "hash": "c1d0c744703611f7da284bb6ce74a6b4feb746fe", "best_bid": "0.29", "best_ask": "0.31"}, {"asset_id": "107500384885909607304050643649917558350306280281655033419490834964564939230211", "price": "0.69", "size": "734.25", "side": "BUY", "hash": "54268fb0d08b3f3f7125fd3b4e8ef294b318f2a2", "best_bid": "0.69", "best_ask": "0.71"}], "timestamp": "1769384073346", "event_type": "price_change"}}
{"_local_timestamp": "2026-01-25T23:34:33.454484+00:00", "data": {"market": "0xfd1be18abbc39bdf1b16659499488e584e6c06c7b1959b425b5fb4b046d01a33", "price_changes": [{"asset_id": "103398961297840085828551835161306488450071758711115916839536258902155858435669", "price": "0.31", "size": "816.25", "side": "SELL", "hash": "d545babffeeadb4f6a73587bdc6baa74eef02368", "best_bid": "0.29", "best_ask": "0.31"}, {"asset_id": "107500384885909607304050643649917558350306280281655033419490834964564939230211", "price": "0.69", "size": "816.25", "side": "BUY", "hash": "20804a060b757701a3bdb368b94f0e1d604c9b27", "best_bid": "0.69", "best_ask": "0.71"}], "timestamp": "1769384073382", "event_type": "price_change"}}
{"_local_timestamp": "2026-01-25T23:34:34.906763+00:00", "data": {"market": "0xfd1be18abbc39bdf1b16659499488e584e6c06c7b1959b425b5fb4b046d01a33", "price_changes": [{"asset_id": "103398961297840085828551835161306488450071758711115916839536258902155858435669", "price": "0.31", "size": "734.25", "side": "SELL", "hash": "9d959d6e7204b740d043b31e15ec45f72c06fdd5", "best_bid": "0.29", "best_ask": "0.31"}, {"asset_id": "107500384885909607304050643649917558350306280281655033419490834964564939230211", "price": "0.69", "size": "734.25", "side": "BUY", "hash": "576a6715b73407cf5dd3d31a0593c50e46fce643", "best_bid": "0.69", "best_ask": "0.71"}], "timestamp": "1769384074839", "event_type": "price_change"}}
{"_local_timestamp": "2026-01-25T23:34:34.943595+00:00", "data": {"market": "0xfd1be18abbc39bdf1b16659499488e584e6c06c7b1959b425b5fb4b046d01a33", "price_changes": [{"asset_id": "103398961297840085828551835161306488450071758711115916839536258902155858435669", "price": "0.31", "size": "816.25", "side": "SELL", "hash": "d7ef0394cde3d15ddc1587555567388c9ce40e26", "best_bid": "0.29", "best_ask": "0.31"}, {"asset_id": "107500384885909607304050643649917558350306280281655033419490834964564939230211", "price": "0.69", "size": "816.25", "side": "BUY", "hash": "fb83b03511f563d7b024f70b8dde0643664dce6e", "best_bid": "0.69", "best_ask": "0.71"}], "timestamp": "1769384074867", "event_type": "price_change"}}
{"_local_timestamp": "2026-01-25T23:34:36.400899+00:00", "data": {"market": "0xfd1be18abbc39bdf1b16659499488e584e6c06c7b1959b425b5fb4b046d01a33", "price_changes": [{"asset_id": "103398961297840085828551835161306488450071758711115916839536258902155858435669", "price": "0.31", "size": "734.25", "side": "SELL", "hash": "0adb35e043b4fb8d521c150f1027b3e32a0403ec", "best_bid": "0.29", "best_ask": "0.31"}, {"asset_id": "107500384885909607304050643649917558350306280281655033419490834964564939230211", "price": "0.69", "size": "734.25", "side": "BUY", "hash": "bfef0271b0d412844381c6e9394607ed02d13513", "best_bid": "0.69", "best_ask": "0.71"}], "timestamp": "1769384076338", "event_type": "price_change"}}
{"_local_timestamp": "2026-01-25T23:34:36.442257+00:00", "data": {"market": "0xfd1be18abbc39bdf1b16659499488e584e6c06c7b1959b425b5fb4b046d01a33", "price_changes": [{"asset_id": "103398961297840085828551835161306488450071758711115916839536258902155858435669", "price": "0.31", "size": "816.25", "side": "SELL", "hash": "cee9391d657bfc16bd409b6c7bb4f305b109fb09", "best_bid": "0.29", "best_ask": "0.31"}, {"asset_id": "107500384885909607304050643649917558350306280281655033419490834964564939230211", "price": "0.69", "size": "816.25", "side": "BUY", "hash": "78633b6ae5bbfb154460c5ff1141ba260d4c38f2", "best_bid": "0.69", "best_ask": "0.71"}], "timestamp": "1769384076377", "event_type": "price_change"}}
{"_local_timestamp": "2026-01-25T23:34:37.936804+00:00", "data": {"market": "0xfd1be18abbc39bdf1b16659499488e584e6c06c7b1959b425b5fb4b046d01a33", "price_changes": [{"asset_id": "103398961297840085828551835161306488450071758711115916839536258902155858435669", "price": "0.31", "size": "734.25", "side": "SELL", "hash": "b2bf90ee7c112cdec4681fd12002f29cafe7f5e3", "best_bid": "0.29", "best_ask": "0.31"}, {"asset_id": "107500384885909607304050643649917558350306280281655033419490834964564939230211", "price": "0.69", "size": "734.25", "side": "BUY", "hash": "76fe802160e5690c1c4b7ad96c427fd0d6845de6", "best_bid": "0.69", "best_ask": "0.71"}], "timestamp": "1769384077840", "event_type": "price_change"}}
{"_local_timestamp": "2026-01-25T23:34:37.937247+00:00", "data": {"market": "0xfd1be18abbc39bdf1b16659499488e584e6c06c7b1959b425b5fb4b046d01a33", "price_changes": [{"asset_id": "103398961297840085828551835161306488450071758711115916839536258902155858435669", "price": "0.31", "size": "816.25", "side": "SELL", "hash": "7152c612226577dd0db13332bbb53d9fd39cef6b", "best_bid": "0.29", "best_ask": "0.31"}, {"asset_id": "107500384885909607304050643649917558350306280281655033419490834964564939230211", "price": "0.69", "size": "816.25", "side": "BUY", "hash": "e7b44fc8e7ff0aa28b0e5556dc60e927410803d6", "best_bid": "0.69", "best_ask": "0.71"}], "timestamp": "1769384077869", "event_type": "price_change"}}
{"_local_timestamp": "2026-01-25T23:34:39.449442+00:00", "data": {"market": "0xfd1be18abbc39bdf1b16659499488e584e6c06c7b1959b425b5fb4b046d01a33", "price_changes": [{"asset_id": "103398961297840085828551835161306488450071758711115916839536258902155858435669", "price": "0.31", "size": "734.25", "side": "SELL", "hash": "883fe72a0561d2c1570559117773477396949b24", "best_bid": "0.29", "best_ask": "0.31"}, {"asset_id": "107500384885909607304050643649917558350306280281655033419490834964564939230211", "price": "0.69", "size": "734.25", "side": "BUY", "hash": "9f8bf60122fcf7c705c547bb26d7fdbd636ab05c", "best_bid": "0.69", "best_ask": "0.71"}], "timestamp": "1769384079340", "event_type": "price_change"}}
{"_local_timestamp": "2026-01-25T23:34:39.457245+00:00", "data": {"market": "0xfd1be18abbc39bdf1b16659499488e584e6c06c7b1959b425b5fb4b046d01a33", "price_changes": [{"asset_id": "103398961297840085828551835161306488450071758711115916839536258902155858435669", "price": "0.31", "size": "816.25", "side": "SELL", "hash": "21fed47bb8f28a884652c0a44dc24d6b1d171ec0", "best_bid": "0.29", "best_ask": "0.31"}, {"asset_id": "107500384885909607304050643649917558350306280281655033419490834964564939230211", "price": "0.69", "size": "816.25", "side": "BUY", "hash": "eb34599aa0c6d2c59c97ee3dc5e1ad2fc9643ffc", "best_bid": "0.69", "best_ask": "0.71"}], "timestamp": "1769384079367", "event_type": "price_change"}}
{"_local_timestamp": "2026-01-25T23:34:40.913612+00:00", "data": {"market": "0xfd1be18abbc39bdf1b16659499488e584e6c06c7b1959b425b5fb4b046d01a33", "price_changes": [{"asset_id": "103398961297840085828551835161306488450071758711115916839536258902155858435669", "price": "0.31", "size": "734.25", "side": "SELL", "hash": "01f5b49685da5a9d0e845c0a6942e4f2ff11c795", "best_bid": "0.29", "best_ask": "0.31"}, {"asset_id": "107500384885909607304050643649917558350306280281655033419490834964564939230211", "price": "0.69", "size": "734.25", "side": "BUY", "hash": "a99b376b78d7171622649b8c931042c8a9430216", "best_bid": "0.69", "best_ask": "0.71"}], "timestamp": "1769384080844", "event_type": "price_change"}}
{"_local_timestamp": "2026-01-25T23:34:40.951431+00:00", "data": {"market": "0xfd1be18abbc39bdf1b16659499488e584e6c06c7b1959b425b5fb4b046d01a33", "price_changes": [{"asset_id": "103398961297840085828551835161306488450071758711115916839536258902155858435669", "price": "0.31", "size": "816.25", "side": "SELL", "hash": "245a963844d8a3de0166e84736f4fc9e262a8cbe", "best_bid": "0.29", "best_ask": "0.31"}, {"asset_id": "107500384885909607304050643649917558350306280281655033419490834964564939230211", "price": "0.69", "size": "816.25", "side": "BUY", "hash": "8c19d36a49aba7e3479dd0eb0ce49c1477e87462", "best_bid": "0.69", "best_ask": "0.71"}], "timestamp": "1769384080872", "event_type": "price_change"}}
{"_local_timestamp": "2026-01-25T23:34:42.409284+00:00", "data": {"market": "0xfd1be18abbc39bdf1b16659499488e584e6c06c7b1959b425b5fb4b046d01a33", "price_changes": [{"asset_id": "103398961297840085828551835161306488450071758711115916839536258902155858435669", "price": "0.31", "size": "734.25", "side": "SELL", "hash": "10e7d01f2d8a32f766150c50ca73e661edc93e12", "best_bid": "0.29", "best_ask": "0.31"}, {"asset_id": "107500384885909607304050643649917558350306280281655033419490834964564939230211", "price": "0.69", "size": "734.25", "side": "BUY", "hash": "7659f01a2352f2130c8cda41ec519dc8712c05d8", "best_bid": "0.69", "best_ask": "0.71"}], "timestamp": "1769384082345", "event_type": "price_change"}}
{"_local_timestamp": "2026-01-25T23:34:42.442831+00:00", "data": {"market": "0xfd1be18abbc39bdf1b16659499488e584e6c06c7b1959b425b5fb4b046d01a33", "price_changes": [{"asset_id": "103398961297840085828551835161306488450071758711115916839536258902155858435669", "price": "0.31", "size": "816.25", "side": "SELL", "hash": "2ccee02363ae6723b42c3c858b6a1ca9966ab596", "best_bid": "0.29", "best_ask": "0.31"}, {"asset_id": "107500384885909607304050643649917558350306280281655033419490834964564939230211", "price": "0.69", "size": "816.25", "side": "BUY", "hash": "2be9b5e620f7efd3bbb91b5049406cf16853814b", "best_bid": "0.69", "best_ask": "0.71"}], "timestamp": "1769384082371", "event_type": "price_change"}}
{"_local_timestamp": "2026-01-25T23:34:43.923333+00:00", "data": {"market": "0xfd1be18abbc39bdf1b16659499488e584e6c06c7b1959b425b5fb4b046d01a33", "price_changes": [{"asset_id": "103398961297840085828551835161306488450071758711115916839536258902155858435669", "price": "0.31", "size": "734.25", "side": "SELL", "hash": "102c11b373d9266e93cbde2207414787496805e8", "best_bid": "0.29", "best_ask": "0.31"}, {"asset_id": "107500384885909607304050643649917558350306280281655033419490834964564939230211", "price": "0.69", "size": "734.25", "side": "BUY", "hash": "5289a0aa5cc97dbff7211b4cee2918950ec10103", "best_bid": "0.69", "best_ask": "0.71"}], "timestamp": "1769384083841", "event_type": "price_change"}}
{"_local_timestamp": "2026-01-25T23:34:43.936622+00:00", "data": {"market": "0xfd1be18abbc39bdf1b16659499488e584e6c06c7b1959b425b5fb4b046d01a33", "price_changes": [{"asset_id": "103398961297840085828551835161306488450071758711115916839536258902155858435669", "price": "0.31", "size": "816.25", "side": "SELL", "hash": "68a25e791309725915c3867106565306a5a3d7e9", "best_bid": "0.29", "best_ask": "0.31"}, {"asset_id": "107500384885909607304050643649917558350306280281655033419490834964564939230211", "price": "0.69", "size": "816.25", "side": "BUY", "hash": "bfd853a5a3755f5263489b10bdf99c70e8f059fa", "best_bid": "0.69", "best_ask": "0.71"}], "timestamp": "1769384083868", "event_type": "price_change"}}
{"_local_timestamp": "2026-01-25T23:34:45.409024+00:00", "data": {"market": "0xfd1be18abbc39bdf1b16659499488e584e6c06c7b1959b425b5fb4b046d01a33", "price_changes": [{"asset_id": "103398961297840085828551835161306488450071758711115916839536258902155858435669", "price": "0.31", "size": "734.25", "side": "SELL", "hash": "9628dbecff4db66d5e0df3abf22edc958498454d", "best_bid": "0.29", "best_ask": "0.31"}, {"asset_id": "107500384885909607304050643649917558350306280281655033419490834964564939230211", "price": "0.69", "size": "734.25", "side": "BUY", "hash": "076822c223d0ab3c3207e810b87ed5ac607fcd0d", "best_bid": "0.69", "best_ask": "0.71"}], "timestamp": "1769384085343", "event_type": "price_change"}}
{"_local_timestamp": "2026-01-25T23:34:45.441875+00:00", "data": {"market": "0xfd1be18abbc39bdf1b16659499488e584e6c06c7b1959b425b5fb4b046d01a33", "price_changes": [{"asset_id": "103398961297840085828551835161306488450071758711115916839536258902155858435669", "price": "0.31", "size": "816.25", "side": "SELL", "hash": "eec519b06b59058f966b05533745f4af0444d8e6", "best_bid": "0.29", "best_ask": "0.31"}, {"asset_id": "107500384885909607304050643649917558350306280281655033419490834964564939230211", "price": "0.69", "size": "816.25", "side": "BUY", "hash": "1faa220c1325380b83fcfc2c7fc5254637dedbe7", "best_bid": "0.69", "best_ask": "0.71"}], "timestamp": "1769384085375", "event_type": "price_change"}}
{"_local_timestamp": "2026-01-25T23:34:46.911284+00:00", "data": {"market": "0xfd1be18abbc39bdf1b16659499488e584e6c06c7b1959b425b5fb4b046d01a33", "price_changes": [{"asset_id": "103398961297840085828551835161306488450071758711115916839536258902155858435669", "price": "0.31", "size": "734.25", "side": "SELL", "hash": "411fe6a03b86774d8a684ea3c259157eb37320f7", "best_bid": "0.29", "best_ask": "0.31"}, {"asset_id": "107500384885909607304050643649917558350306280281655033419490834964564939230211", "price": "0.69", "size": "734.25", "side": "BUY", "hash": "4c7fb51a7969232370cf3b5e3c7aaab96c191f92", "best_bid": "0.69", "best_ask": "0.71"}], "timestamp": "1769384086841", "event_type": "price_change"}}
{"_local_timestamp": "2026-01-25T23:34:46.937335+00:00", "data": {"market": "0xfd1be18abbc39bdf1b16659499488e584e6c06c7b1959b425b5fb4b046d01a33", "price_changes": [{"asset_id": "103398961297840085828551835161306488450071758711115916839536258902155858435669", "price": "0.31", "size": "816.25", "side": "SELL", "hash": "d80157cc3d533c6d34e5a62ee21e7985ceefec5c", "best_bid": "0.29", "best_ask": "0.31"}, {"asset_id": "107500384885909607304050643649917558350306280281655033419490834964564939230211", "price": "0.69", "size": "816.25", "side": "BUY", "hash": "505a82f35c0f032ac1e862d12cb496eea361f057", "best_bid": "0.69", "best_ask": "0.71"}], "timestamp": "1769384086870", "event_type": "price_change"}}
{"_local_timestamp": "2026-01-25T23:34:48.405990+00:00", "data": {"market": "0xfd1be18abbc39bdf1b16659499488e584e6c06c7b1959b425b5fb4b046d01a33", "price_changes": [{"asset_id": "103398961297840085828551835161306488450071758711115916839536258902155858435669", "price": "0.31", "size": "734.25", "side": "SELL", "hash": "daab0cbdb1f4a7af1a51c71f776e04050cbaf46b", "best_bid": "0.29", "best_ask": "0.31"}, {"asset_id": "107500384885909607304050643649917558350306280281655033419490834964564939230211", "price": "0.69", "size": "734.25", "side": "BUY", "hash": "42fe4779aad0fdfe9f5f03cb97d4680c321adf27", "best_bid": "0.69", "best_ask": "0.71"}], "timestamp": "1769384088339", "event_type": "price_change"}}
{"_local_timestamp": "2026-01-25T23:34:48.477973+00:00", "data": {"market": "0xfd1be18abbc39bdf1b16659499488e584e6c06c7b1959b425b5fb4b046d01a33", "price_changes": [{"asset_id": "103398961297840085828551835161306488450071758711115916839536258902155858435669", "price": "0.31", "size": "816.25", "side": "SELL", "hash": "1feb085ae521fa756611bafce3a2f1a6fbacf135", "best_bid": "0.29", "best_ask": "0.31"}, {"asset_id": "107500384885909607304050643649917558350306280281655033419490834964564939230211", "price": "0.69", "size": "816.25", "side": "BUY", "hash": "a9278ddb60c03298cc5a88a08136d1ff43933f5d", "best_bid": "0.69", "best_ask": "0.71"}], "timestamp": "1769384088412", "event_type": "price_change"}}
{"_local_timestamp": "2026-01-25T23:34:49.913127+00:00", "data": {"market": "0xfd1be18abbc39bdf1b16659499488e584e6c06c7b1959b425b5fb4b046d01a33", "price_changes": [{"asset_id": "103398961297840085828551835161306488450071758711115916839536258902155858435669", "price": "0.31", "size": "734.25", "side": "SELL", "hash": "eba3c0a4012a885ed6e62837204a5e8f7087b2cd", "best_bid": "0.29", "best_ask": "0.31"}, {"asset_id": "107500384885909607304050643649917558350306280281655033419490834964564939230211", "price": "0.69", "size": "734.25", "side": "BUY", "hash": "77417ab3b2cb6f2e4336fc3d8fd9b9f7af158f45", "best_bid": "0.69", "best_ask": "0.71"}], "timestamp": "1769384089841", "event_type": "price_change"}}
{"_local_timestamp": "2026-01-25T23:34:49.934405+00:00", "data": {"market": "0xfd1be18abbc39bdf1b16659499488e584e6c06c7b1959b425b5fb4b046d01a33", "price_changes": [{"asset_id": "103398961297840085828551835161306488450071758711115916839536258902155858435669", "price": "0.31", "size": "816.25", "side": "SELL", "hash": "b954891060b707b4c3795e193d0cb0d41f65d868", "best_bid": "0.29", "best_ask": "0.31"}, {"asset_id": "107500384885909607304050643649917558350306280281655033419490834964564939230211", "price": "0.69", "size": "816.25", "side": "BUY", "hash": "b9c4d810d6801f8420eef691a65c02a3af13122e", "best_bid": "0.69", "best_ask": "0.71"}], "timestamp": "1769384089868", "event_type": "price_change"}}
{"_local_timestamp": "2026-01-25T23:34:51.412685+00:00", "data": {"market": "0xfd1be18abbc39bdf1b16659499488e584e6c06c7b1959b425b5fb4b046d01a33", "price_changes": [{"asset_id": "103398961297840085828551835161306488450071758711115916839536258902155858435669", "price": "0.31", "size": "734.25", "side": "SELL", "hash": "7f786e763b1de5c6ff8c9b798521114ca1e950c8", "best_bid": "0.29", "best_ask": "0.31"}, {"asset_id": "107500384885909607304050643649917558350306280281655033419490834964564939230211", "price": "0.69", "size": "734.25", "side": "BUY", "hash": "a4d8e1e37a48e2a4e4ab9494069584eef8e3fca9", "best_bid": "0.69", "best_ask": "0.71"}], "timestamp": "1769384091346", "event_type": "price_change"}}
{"_local_timestamp": "2026-01-25T23:34:51.448759+00:00", "data": {"market": "0xfd1be18abbc39bdf1b16659499488e584e6c06c7b1959b425b5fb4b046d01a33", "price_changes": [{"asset_id": "103398961297840085828551835161306488450071758711115916839536258902155858435669", "price": "0.31", "size": "816.25", "side": "SELL", "hash": "e16345c8187639ffc22ad89189b9f2cd6e065b4c", "best_bid": "0.29", "best_ask": "0.31"}, {"asset_id": "107500384885909607304050643649917558350306280281655033419490834964564939230211", "price": "0.69", "size": "816.25", "side": "BUY", "hash": "30626a711db95662727b031b775041542ff6408c", "best_bid": "0.69", "best_ask": "0.71"}], "timestamp": "1769384091378", "event_type": "price_change"}}
{"_local_timestamp": "2026-01-25T23:34:52.916807+00:00", "data": {"market": "0xfd1be18abbc39bdf1b16659499488e584e6c06c7b1959b425b5fb4b046d01a33", "price_changes": [{"asset_id": "103398961297840085828551835161306488450071758711115916839536258902155858435669", "price": "0.31", "size": "734.25", "side": "SELL", "hash": "14be231c7076176ccaf7206518c40ad87009aa31", "best_bid": "0.29", "best_ask": "0.31"}, {"asset_id": "107500384885909607304050643649917558350306280281655033419490834964564939230211", "price": "0.69", "size": "734.25", "side": "BUY", "hash": "11b1f5516dc2b93e7327711149234c68107fdf92", "best_bid": "0.69", "best_ask": "0.71"}], "timestamp": "1769384092851", "event_type": "price_change"}}
{"_local_timestamp": "2026-01-25T23:34:52.952962+00:00", "data": {"market": "0xfd1be18abbc39bdf1b16659499488e584e6c06c7b1959b425b5fb4b046d01a33", "price_changes": [{"asset_id": "103398961297840085828551835161306488450071758711115916839536258902155858435669", "price": "0.31", "size": "816.25", "side": "SELL", "hash": "9e27abcada254f36ac2cf8489466209a2c89781e", "best_bid": "0.29", "best_ask": "0.31"}, {"asset_id": "107500384885909607304050643649917558350306280281655033419490834964564939230211", "price": "0.69", "size": "816.25", "side": "BUY", "hash": "eea9ccb0e242d4f089b7b02b2eda943a99190adc", "best_bid": "0.69", "best_ask": "0.71"}], "timestamp": "1769384092879", "event_type": "price_change"}}
{"_local_timestamp": "2026-01-25T23:34:54.417273+00:00", "data": {"market": "0xfd1be18abbc39bdf1b16659499488e584e6c06c7b1959b425b5fb4b046d01a33", "price_changes": [{"asset_id": "103398961297840085828551835161306488450071758711115916839536258902155858435669", "price": "0.31", "size": "734.25", "side": "SELL", "hash": "56e3a7b1b93d87c05539c48f8083e47691fdbf3d", "best_bid": "0.29", "best_ask": "0.31"}, {"asset_id": "107500384885909607304050643649917558350306280281655033419490834964564939230211", "price": "0.69", "size": "734.25", "side": "BUY", "hash": "ba4e9b50e125bcc6778ce619b9b902afe5639627", "best_bid": "0.69", "best_ask": "0.71"}], "timestamp": "1769384094351", "event_type": "price_change"}}
{"_local_timestamp": "2026-01-25T23:34:54.452338+00:00", "data": {"market": "0xfd1be18abbc39bdf1b16659499488e584e6c06c7b1959b425b5fb4b046d01a33", "price_changes": [{"asset_id": "103398961297840085828551835161306488450071758711115916839536258902155858435669", "price": "0.31", "size": "816.25", "side": "SELL", "hash": "1c30b6f00b3cde8a83084cf8fd3c03ca2270e66a", "best_bid": "0.29", "best_ask": "0.31"}, {"asset_id": "107500384885909607304050643649917558350306280281655033419490834964564939230211", "price": "0.69", "size": "816.25", "side": "BUY", "hash": "fd6631542ddee983714234c3d9c944ef36e14826", "best_bid": "0.69", "best_ask": "0.71"}], "timestamp": "1769384094388", "event_type": "price_change"}}
{"_local_timestamp": "2026-01-25T23:34:55.913284+00:00", "data": {"market": "0xfd1be18abbc39bdf1b16659499488e584e6c06c7b1959b425b5fb4b046d01a33", "price_changes": [{"asset_id": "103398961297840085828551835161306488450071758711115916839536258902155858435669", "price": "0.31", "size": "734.25", "side": "SELL", "hash": "2c48d8795e7ca478610e0c1169d68de903b3cef7", "best_bid": "0.29", "best_ask": "0.31"}, {"asset_id": "107500384885909607304050643649917558350306280281655033419490834964564939230211", "price": "0.69", "size": "734.25", "side": "BUY", "hash": "260b193757bb444f0ed94bf6d82fcbb6cc1345af", "best_bid": "0.69", "best_ask": "0.71"}], "timestamp": "1769384095839", "event_type": "price_change"}}
{"_local_timestamp": "2026-01-25T23:34:55.937601+00:00", "data": {"market": "0xfd1be18abbc39bdf1b16659499488e584e6c06c7b1959b425b5fb4b046d01a33", "price_changes": [{"asset_id": "103398961297840085828551835161306488450071758711115916839536258902155858435669", "price": "0.31", "size": "816.25", "side": "SELL", "hash": "09fa161e0e438b6fa7d96900f6bc330f51a05f83", "best_bid": "0.29", "best_ask": "0.31"}, {"asset_id": "107500384885909607304050643649917558350306280281655033419490834964564939230211", "price": "0.69", "size": "816.25", "side": "BUY", "hash": "da3592afdce58657e7e0994ce217314d9e00190e", "best_bid": "0.69", "best_ask": "0.71"}], "timestamp": "1769384095870", "event_type": "price_change"}}
{"_local_timestamp": "2026-01-25T23:34:57.417355+00:00", "data": {"market": "0xfd1be18abbc39bdf1b16659499488e584e6c06c7b1959b425b5fb4b046d01a33", "price_changes": [{"asset_id": "103398961297840085828551835161306488450071758711115916839536258902155858435669", "price": "0.31", "size": "734.25", "side": "SELL", "hash": "9c3ba0f5820ff278dd79f3e88d8662c5c5bb6d1c", "best_bid": "0.29", "best_ask": "0.31"}, {"asset_id": "107500384885909607304050643649917558350306280281655033419490834964564939230211", "price": "0.69", "size": "734.25", "side": "BUY", "hash": "4fdc9909336c3512b7672da2f8249cb051e56c06", "best_bid": "0.69", "best_ask": "0.71"}], "timestamp": "1769384097350", "event_type": "price_change"}}
{"_local_timestamp": "2026-01-25T23:34:57.443673+00:00", "data": {"market": "0xfd1be18abbc39bdf1b16659499488e584e6c06c7b1959b425b5fb4b046d01a33", "price_changes": [{"asset_id": "103398961297840085828551835161306488450071758711115916839536258902155858435669", "price": "0.31", "size": "816.25", "side": "SELL", "hash": "c3c1bec399d55c9a3a1ec2ebb34e362fd0c96d52", "best_bid": "0.29", "best_ask": "0.31"}, {"asset_id": "107500384885909607304050643649917558350306280281655033419490834964564939230211", "price": "0.69", "size": "816.25", "side": "BUY", "hash": "ac12067722fdbd43f4bd030776a30dc640077705", "best_bid": "0.69", "best_ask": "0.71"}], "timestamp": "1769384097377", "event_type": "price_change"}}
{"_local_timestamp": "2026-01-25T23:34:58.904980+00:00", "data": {"market": "0xfd1be18abbc39bdf1b16659499488e584e6c06c7b1959b425b5fb4b046d01a33", "price_changes": [{"asset_id": "103398961297840085828551835161306488450071758711115916839536258902155858435669", "price": "0.31", "size": "734.25", "side": "SELL", "hash": "bf247291bd9b3ff962f30c9c2b13dd8f50bbf895", "best_bid": "0.29", "best_ask": "0.31"}, {"asset_id": "107500384885909607304050643649917558350306280281655033419490834964564939230211", "price": "0.69", "size": "734.25", "side": "BUY", "hash": "6a56d172bb035b0f37e3dcedef67131c62c23b5a", "best_bid": "0.69", "best_ask": "0.71"}], "timestamp": "1769384098840", "event_type": "price_change"}}
{"_local_timestamp": "2026-01-25T23:34:58.954111+00:00", "data": {"market": "0xfd1be18abbc39bdf1b16659499488e584e6c06c7b1959b425b5fb4b046d01a33", "price_changes": [{"asset_id": "103398961297840085828551835161306488450071758711115916839536258902155858435669", "price": "0.31", "size": "816.25", "side": "SELL", "hash": "88212e07a2087f01852e58f39506eff6b0fad88b", "best_bid": "0.29", "best_ask": "0.31"}, {"asset_id": "107500384885909607304050643649917558350306280281655033419490834964564939230211", "price": "0.69", "size": "816.25", "side": "BUY", "hash": "ff21ebba12a56dcfeae7a849dfe40b72daf34cce", "best_bid": "0.69", "best_ask": "0.71"}], "timestamp": "1769384098876", "event_type": "price_change"}}
{"_local_timestamp": "2026-01-25T23:35:00.405300+00:00", "data": {"market": "0xfd1be18abbc39bdf1b16659499488e584e6c06c7b1959b425b5fb4b046d01a33", "price_changes": [{"asset_id": "103398961297840085828551835161306488450071758711115916839536258902155858435669", "price": "0.31", "size": "734.25", "side": "SELL", "hash": "e2b87084efb165046b85a61189c9bbb4bb1d5142", "best_bid": "0.29", "best_ask": "0.31"}, {"asset_id": "107500384885909607304050643649917558350306280281655033419490834964564939230211", "price": "0.69", "size": "734.25", "side": "BUY", "hash": "8f0ab2bac18fce3539ef0785e8f9bc7ded97c582", "best_bid": "0.69", "best_ask": "0.71"}], "timestamp": "1769384100340", "event_type": "price_change"}}
{"_local_timestamp": "2026-01-25T23:35:00.432999+00:00", "data": {"market": "0xfd1be18abbc39bdf1b16659499488e584e6c06c7b1959b425b5fb4b046d01a33", "price_changes": [{"asset_id": "103398961297840085828551835161306488450071758711115916839536258902155858435669", "price": "0.31", "size": "816.25", "side": "SELL", "hash": "49a6c6cc954ed666e157c6782d40ef217f5a28c0", "best_bid": "0.29", "best_ask": "0.31"}, {"asset_id": "107500384885909607304050643649917558350306280281655033419490834964564939230211", "price": "0.69", "size": "816.25", "side": "BUY", "hash": "931a9ca361d5cb9a016f81d2e7ebf2c8d43bfe7a", "best_bid": "0.69", "best_ask": "0.71"}], "timestamp": "1769384100367", "event_type": "price_change"}}
{"_local_timestamp": "2026-01-25T23:35:01.963703+00:00", "data": {"market": "0xfd1be18abbc39bdf1b16659499488e584e6c06c7b1959b425b5fb4b046d01a33", "price_changes": [{"asset_id": "103398961297840085828551835161306488450071758711115916839536258902155858435669", "price": "0.31", "size": "734.25", "side": "SELL", "hash": "1706aad9d93fcb49a13371fd900998f768298821", "best_bid": "0.29", "best_ask": "0.31"}, {"asset_id": "107500384885909607304050643649917558350306280281655033419490834964564939230211", "price": "0.69", "size": "734.25", "side": "BUY", "hash": "772206ae8cba20fceb209eea7659e500414f3fd6", "best_bid": "0.69", "best_ask": "0.71"}], "timestamp": "1769384101840", "event_type": "price_change"}}
{"_local_timestamp": "2026-01-25T23:35:02.002799+00:00", "data": {"market": "0xfd1be18abbc39bdf1b16659499488e584e6c06c7b1959b425b5fb4b046d01a33", "price_changes": [{"asset_id": "103398961297840085828551835161306488450071758711115916839536258902155858435669", "price": "0.31", "size": "816.25", "side": "SELL", "hash": "264338e3cfc25a850f967b88239688405e2a4869", "best_bid": "0.29", "best_ask": "0.31"}, {"asset_id": "107500384885909607304050643649917558350306280281655033419490834964564939230211", "price": "0.69", "size": "816.25", "side": "BUY", "hash": "1ac24d6d4e32ba5dc5e5bf1c6f35a2e302d00854", "best_bid": "0.69", "best_ask": "0.71"}], "timestamp": "1769384101881", "event_type": "price_change"}}
{"_local_timestamp": "2026-01-25T23:35:03.490905+00:00", "data": {"market": "0xfd1be18abbc39bdf1b16659499488e584e6c06c7b1959b425b5fb4b046d01a33", "price_changes": [{"asset_id": "103398961297840085828551835161306488450071758711115916839536258902155858435669", "price": "0.31", "size": "734.25", "side": "SELL", "hash": "81fb3ba5ec5817425e801b02543d62d6c28c18ba", "best_bid": "0.29", "best_ask": "0.31"}, {"asset_id": "107500384885909607304050643649917558350306280281655033419490834964564939230211", "price": "0.69", "size": "734.25", "side": "BUY", "hash": "2357ea42d9af39d9959425af90c13ce661a3d0bf", "best_bid": "0.69", "best_ask": "0.71"}], "timestamp": "1769384103341", "event_type": "price_change"}}
{"_local_timestamp": "2026-01-25T23:35:03.506854+00:00", "data": {"market": "0xfd1be18abbc39bdf1b16659499488e584e6c06c7b1959b425b5fb4b046d01a33", "price_changes": [{"asset_id": "103398961297840085828551835161306488450071758711115916839536258902155858435669", "price": "0.31", "size": "816.25", "side": "SELL", "hash": "96b473374ad8b74b986e6162c6ccbdecaba2b0e6", "best_bid": "0.29", "best_ask": "0.31"}, {"asset_id": "107500384885909607304050643649917558350306280281655033419490834964564939230211", "price": "0.69", "size": "816.25", "side": "BUY", "hash": "3dcd06747a06d804d7f31529cf22f9404596da91", "best_bid": "0.69", "best_ask": "0.71"}], "timestamp": "1769384103370", "event_type": "price_change"}}
{"_local_timestamp": "2026-01-25T23:35:04.988667+00:00", "data": {"market": "0xfd1be18abbc39bdf1b16659499488e584e6c06c7b1959b425b5fb4b046d01a33", "price_changes": [{"asset_id": "103398961297840085828551835161306488450071758711115916839536258902155858435669", "price": "0.31", "size": "734.25", "side": "SELL", "hash": "b11fc02e54db6177897d5f9a9f67e900a7dd9226", "best_bid": "0.29", "best_ask": "0.31"}, {"asset_id": "107500384885909607304050643649917558350306280281655033419490834964564939230211", "price": "0.69", "size": "734.25", "side": "BUY", "hash": "df17bb8fe893ef18be45a0ca170f96a1aa3a525b", "best_bid": "0.69", "best_ask": "0.71"}], "timestamp": "1769384104842", "event_type": "price_change"}}
{"_local_timestamp": "2026-01-25T23:35:05.033930+00:00", "data": {"market": "0xfd1be18abbc39bdf1b16659499488e584e6c06c7b1959b425b5fb4b046d01a33", "price_changes": [{"asset_id": "103398961297840085828551835161306488450071758711115916839536258902155858435669", "price": "0.31", "size": "816.25", "side": "SELL", "hash": "c7b3e3f7d9d48a2e40aadc0443b746e71eaad98c", "best_bid": "0.29", "best_ask": "0.31"}, {"asset_id": "107500384885909607304050643649917558350306280281655033419490834964564939230211", "price": "0.69", "size": "816.25", "side": "BUY", "hash": "7d70ddea644732b3eb7c02737227095ba95aeaf1", "best_bid": "0.69", "best_ask": "0.71"}], "timestamp": "1769384104872", "event_type": "price_change"}}
{"_local_timestamp": "2026-01-25T23:35:06.530190+00:00", "data": {"market": "0xfd1be18abbc39bdf1b16659499488e584e6c06c7b1959b425b5fb4b046d01a33", "price_changes": [{"asset_id": "103398961297840085828551835161306488450071758711115916839536258902155858435669", "price": "0.31", "size": "734.25", "side": "SELL", "hash": "6c650d9f13fdb791cefbf038dcc9de8365d5fcbb", "best_bid": "0.29", "best_ask": "0.31"}, {"asset_id": "107500384885909607304050643649917558350306280281655033419490834964564939230211", "price": "0.69", "size": "734.25", "side": "BUY", "hash": "12f724dc24a3e62de2abbaf34962204d23779e6b", "best_bid": "0.69", "best_ask": "0.71"}], "timestamp": "1769384106340", "event_type": "price_change"}}
{"_local_timestamp": "2026-01-25T23:35:06.568627+00:00", "data": {"market": "0xfd1be18abbc39bdf1b16659499488e584e6c06c7b1959b425b5fb4b046d01a33", "price_changes": [{"asset_id": "103398961297840085828551835161306488450071758711115916839536258902155858435669", "price": "0.31", "size": "816.25", "side": "SELL", "hash": "80c3f2435dfb1934c85966273776f087afc8b0cd", "best_bid": "0.29", "best_ask": "0.31"}, {"asset_id": "107500384885909607304050643649917558350306280281655033419490834964564939230211", "price": "0.69", "size": "816.25", "side": "BUY", "hash": "09dc54175ca67be537c360ac55bdb3313bfd7424", "best_bid": "0.69", "best_ask": "0.71"}], "timestamp": "1769384106380", "event_type": "price_change"}}
{"_local_timestamp": "2026-01-25T23:35:08.046920+00:00", "data": {"market": "0xfd1be18abbc39bdf1b16659499488e584e6c06c7b1959b425b5fb4b046d01a33", "price_changes": [{"asset_id": "103398961297840085828551835161306488450071758711115916839536258902155858435669", "price": "0.31", "size": "734.25", "side": "SELL", "hash": "acee20849c15242549baf950a9784975358c7a65", "best_bid": "0.29", "best_ask": "0.31"}, {"asset_id": "107500384885909607304050643649917558350306280281655033419490834964564939230211", "price": "0.69", "size": "734.25", "side": "BUY", "hash": "65fc1831bfa9ea29e19c296f6e72c905d4535e06", "best_bid": "0.69", "best_ask": "0.71"}], "timestamp": "1769384107841", "event_type": "price_change"}}
{"_local_timestamp": "2026-01-25T23:35:08.074426+00:00", "data": {"market": "0xfd1be18abbc39bdf1b16659499488e584e6c06c7b1959b425b5fb4b046d01a33", "price_changes": [{"asset_id": "103398961297840085828551835161306488450071758711115916839536258902155858435669", "price": "0.31", "size": "816.25", "side": "SELL", "hash": "46329ad414742db65473d47031ebb8fb042b2b76", "best_bid": "0.29", "best_ask": "0.31"}, {"asset_id": "107500384885909607304050643649917558350306280281655033419490834964564939230211", "price": "0.69", "size": "816.25", "side": "BUY", "hash": "7352c850661a80e004d787cbc4964b315a905f93", "best_bid": "0.69", "best_ask": "0.71"}], "timestamp": "1769384107868", "event_type": "price_change"}}
{"_local_timestamp": "2026-01-25T23:35:09.552587+00:00", "data": {"market": "0xfd1be18abbc39bdf1b16659499488e584e6c06c7b1959b425b5fb4b046d01a33", "price_changes": [{"asset_id": "103398961297840085828551835161306488450071758711115916839536258902155858435669", "price": "0.31", "size": "734.25", "side": "SELL", "hash": "4ee127d029ed96af392700ccd73364bc4aef5e17", "best_bid": "0.29", "best_ask": "0.31"}, {"asset_id": "107500384885909607304050643649917558350306280281655033419490834964564939230211", "price": "0.69", "size": "734.25", "side": "BUY", "hash": "41390784e0f93d538208492a20dbfabb008ce7d3", "best_bid": "0.69", "best_ask": "0.71"}], "timestamp": "1769384109349", "event_type": "price_change"}}
{"_local_timestamp": "2026-01-25T23:35:09.585097+00:00", "data": {"market": "0xfd1be18abbc39bdf1b16659499488e584e6c06c7b1959b425b5fb4b046d01a33", "price_changes": [{"asset_id": "103398961297840085828551835161306488450071758711115916839536258902155858435669", "price": "0.31", "size": "816.25", "side": "SELL", "hash": "33ad924fc4939d4484877300f0bbe4dedce0ad4c", "best_bid": "0.29", "best_ask": "0.31"}, {"asset_id": "107500384885909607304050643649917558350306280281655033419490834964564939230211", "price": "0.69", "size": "816.25", "side": "BUY", "hash": "c0368e853fc706f533ccfae4b22cd31deb098110", "best_bid": "0.69", "best_ask": "0.71"}], "timestamp": "1769384109375", "event_type": "price_change"}}
{"_local_timestamp": "2026-01-25T23:35:11.122199+00:00", "data": {"market": "0xfd1be18abbc39bdf1b16659499488e584e6c06c7b1959b425b5fb4b046d01a33", "price_changes": [{"asset_id": "103398961297840085828551835161306488450071758711115916839536258902155858435669", "price": "0.31", "size": "734.25", "side": "SELL", "hash": "f7c537e1d9aa64a8b5114ed07c5f8f314b12ec53", "best_bid": "0.29", "best_ask": "0.31"}, {"asset_id": "107500384885909607304050643649917558350306280281655033419490834964564939230211", "price": "0.69", "size": "734.25", "side": "BUY", "hash": "a789c161e9866bd5733a7dc73ab8d27713953220", "best_bid": "0.69", "best_ask": "0.71"}], "timestamp": "1769384110839", "event_type": "price_change"}}
{"_local_timestamp": "2026-01-25T23:35:11.123623+00:00", "data": {"market": "0xfd1be18abbc39bdf1b16659499488e584e6c06c7b1959b425b5fb4b046d01a33", "price_changes": [{"asset_id": "103398961297840085828551835161306488450071758711115916839536258902155858435669", "price": "0.31", "size": "816.25", "side": "SELL", "hash": "c034e2824e225d62a2e2c63634e4dbbaabec788d", "best_bid": "0.29", "best_ask": "0.31"}, {"asset_id": "107500384885909607304050643649917558350306280281655033419490834964564939230211", "price": "0.69", "size": "816.25", "side": "BUY", "hash": "f2dead1ef860df4bf4d5f49ff15cd16be2e1635e", "best_bid": "0.69", "best_ask": "0.71"}], "timestamp": "1769384110868", "event_type": "price_change"}}
{"_local_timestamp": "2026-01-25T23:35:12.536135+00:00", "data": {"market": "0xfd1be18abbc39bdf1b16659499488e584e6c06c7b1959b425b5fb4b046d01a33", "price_changes": [{"asset_id": "103398961297840085828551835161306488450071758711115916839536258902155858435669", "price": "0.31", "size": "734.25", "side": "SELL", "hash": "7cf7629ad02b30a50d96f038a75a2226578a0815", "best_bid": "0.29", "best_ask": "0.31"}, {"asset_id": "107500384885909607304050643649917558350306280281655033419490834964564939230211", "price": "0.69", "size": "734.25", "side": "BUY", "hash": "03aa8a0f5310171e610437e879a89ffe647a415d", "best_bid": "0.69", "best_ask": "0.71"}], "timestamp": "1769384112347", "event_type": "price_change"}}
{"_local_timestamp": "2026-01-25T23:35:12.560239+00:00", "data": {"market": "0xfd1be18abbc39bdf1b16659499488e584e6c06c7b1959b425b5fb4b046d01a33", "price_changes": [{"asset_id": "103398961297840085828551835161306488450071758711115916839536258902155858435669", "price": "0.31", "size": "816.25", "side": "SELL", "hash": "9afdefba261f9eca898f23b7e8d9701e6b1b073e", "best_bid": "0.29", "best_ask": "0.31"}, {"asset_id": "107500384885909607304050643649917558350306280281655033419490834964564939230211", "price": "0.69", "size": "816.25", "side": "BUY", "hash": "89e259b76130f9eb406b4875a499ae85e0bad0d1", "best_bid": "0.69", "best_ask": "0.71"}], "timestamp": "1769384112375", "event_type": "price_change"}}
{"_local_timestamp": "2026-01-25T23:35:14.043540+00:00", "data": {"market": "0xfd1be18abbc39bdf1b16659499488e584e6c06c7b1959b425b5fb4b046d01a33", "price_changes": [{"asset_id": "103398961297840085828551835161306488450071758711115916839536258902155858435669", "price": "0.31", "size": "734.25", "side": "SELL", "hash": "e26cd1095a10c66a63cd628206833cb4f3391261", "best_bid": "0.29", "best_ask": "0.31"}, {"asset_id": "107500384885909607304050643649917558350306280281655033419490834964564939230211", "price": "0.69", "size": "734.25", "side": "BUY", "hash": "28357ba266cca4872c1b91cb1c95e3c76216b539", "best_bid": "0.69", "best_ask": "0.71"}], "timestamp": "1769384113840", "event_type": "price_change"}}
{"_local_timestamp": "2026-01-25T23:35:14.071365+00:00", "data": {"market": "0xfd1be18abbc39bdf1b16659499488e584e6c06c7b1959b425b5fb4b046d01a33", "price_changes": [{"asset_id": "103398961297840085828551835161306488450071758711115916839536258902155858435669", "price": "0.31", "size": "816.25", "side": "SELL", "hash": "8ffb9d357874208f059a57a391f81f939bf5eb11", "best_bid": "0.29", "best_ask": "0.31"}, {"asset_id": "107500384885909607304050643649917558350306280281655033419490834964564939230211", "price": "0.69", "size": "816.25", "side": "BUY", "hash": "3d51e8672bf00bd45f1e29f7c8e3d28437332ecb", "best_bid": "0.69", "best_ask": "0.71"}], "timestamp": "1769384113868", "event_type": "price_change"}}
{"_local_timestamp": "2026-01-25T23:35:15.554871+00:00", "data": {"market": "0xfd1be18abbc39bdf1b16659499488e584e6c06c7b1959b425b5fb4b046d01a33", "price_changes": [{"asset_id": "103398961297840085828551835161306488450071758711115916839536258902155858435669", "price": "0.31", "size": "734.25", "side": "SELL", "hash": "32924c0e154867f8b946665b262258b78e3bb211", "best_bid": "0.29", "best_ask": "0.31"}, {"asset_id": "107500384885909607304050643649917558350306280281655033419490834964564939230211", "price": "0.69", "size": "734.25", "side": "BUY", "hash": "3b141fde569daf9d10355fe0c323514c155381b9", "best_bid": "0.69", "best_ask": "0.71"}], "timestamp": "1769384115339", "event_type": "price_change"}}
{"_local_timestamp": "2026-01-25T23:35:15.587381+00:00", "data": {"market": "0xfd1be18abbc39bdf1b16659499488e584e6c06c7b1959b425b5fb4b046d01a33", "price_changes": [{"asset_id": "103398961297840085828551835161306488450071758711115916839536258902155858435669", "price": "0.31", "size": "816.25", "side": "SELL", "hash": "84a56742eed243ad3107c07dd1230ac85220093e", "best_bid": "0.29", "best_ask": "0.31"}, {"asset_id": "107500384885909607304050643649917558350306280281655033419490834964564939230211", "price": "0.69", "size": "816.25", "side": "BUY", "hash": "36102a36997fb04f7277133a753a961d4f8cbf0a", "best_bid": "0.69", "best_ask": "0.71"}], "timestamp": "1769384115367", "event_type": "price_change"}}
{"_local_timestamp": "2026-01-25T23:35:17.046721+00:00", "data": {"market": "0xfd1be18abbc39bdf1b16659499488e584e6c06c7b1959b425b5fb4b046d01a33", "price_changes": [{"asset_id": "103398961297840085828551835161306488450071758711115916839536258902155858435669", "price": "0.31", "size": "734.25", "side": "SELL", "hash": "1605fcc93f82eed7418852e795dd87511b8c31f4", "best_bid": "0.29", "best_ask": "0.31"}, {"asset_id": "107500384885909607304050643649917558350306280281655033419490834964564939230211", "price": "0.69", "size": "734.25", "side": "BUY", "hash": "3471d66cefa38624c8cb57a238563d38f8123914", "best_bid": "0.69", "best_ask": "0.71"}], "timestamp": "1769384116846", "event_type": "price_change"}}
{"_local_timestamp": "2026-01-25T23:35:17.074416+00:00", "data": {"market": "0xfd1be18abbc39bdf1b16659499488e584e6c06c7b1959b425b5fb4b046d01a33", "price_changes": [{"asset_id": "103398961297840085828551835161306488450071758711115916839536258902155858435669", "price": "0.31", "size": "816.25", "side": "SELL", "hash": "825b1514040f31786f9b7374fe6c26ea9cc9c76c", "best_bid": "0.29", "best_ask": "0.31"}, {"asset_id": "107500384885909607304050643649917558350306280281655033419490834964564939230211", "price": "0.69", "size": "816.25", "side": "BUY", "hash": "1d4e5473f0325a6592ad4a29ddc48345234e2158", "best_bid": "0.69", "best_ask": "0.71"}], "timestamp": "1769384116873", "event_type": "price_change"}}
{"_local_timestamp": "2026-01-25T23:35:18.549524+00:00", "data": {"market": "0xfd1be18abbc39bdf1b16659499488e584e6c06c7b1959b425b5fb4b046d01a33", "price_changes": [{"asset_id": "103398961297840085828551835161306488450071758711115916839536258902155858435669", "price": "0.31", "size": "734.25", "side": "SELL", "hash": "c3925499992007595c7fc05918392c3c06f7e28e", "best_bid": "0.29", "best_ask": "0.31"}, {"asset_id": "107500384885909607304050643649917558350306280281655033419490834964564939230211", "price": "0.69", "size": "734.25", "side": "BUY", "hash": "2e4daf89bdec3ef28cd262add5c3654a30f7e501", "best_bid": "0.69", "best_ask": "0.71"}], "timestamp": "1769384118347", "event_type": "price_change"}}
{"_local_timestamp": "2026-01-25T23:35:18.579228+00:00", "data": {"market": "0xfd1be18abbc39bdf1b16659499488e584e6c06c7b1959b425b5fb4b046d01a33", "price_changes": [{"asset_id": "103398961297840085828551835161306488450071758711115916839536258902155858435669", "price": "0.31", "size": "816.25", "side": "SELL", "hash": "3db3710ade613e0fddab83da9255fb26d85d6a4b", "best_bid": "0.29", "best_ask": "0.31"}, {"asset_id": "107500384885909607304050643649917558350306280281655033419490834964564939230211", "price": "0.69", "size": "816.25", "side": "BUY", "hash": "c26b9619ae7257686e1392a69b5378756cba130c", "best_bid": "0.69", "best_ask": "0.71"}], "timestamp": "1769384118381", "event_type": "price_change"}}
{"_local_timestamp": "2026-01-25T23:35:20.053414+00:00", "data": {"market": "0xfd1be18abbc39bdf1b16659499488e584e6c06c7b1959b425b5fb4b046d01a33", "price_changes": [{"asset_id": "103398961297840085828551835161306488450071758711115916839536258902155858435669", "price": "0.31", "size": "734.25", "side": "SELL", "hash": "36294976c1d2c5bcf230187d358bf40d1ba2c4c0", "best_bid": "0.29", "best_ask": "0.31"}, {"asset_id": "107500384885909607304050643649917558350306280281655033419490834964564939230211", "price": "0.69", "size": "734.25", "side": "BUY", "hash": "bba994bd49838f3b5661644795791c0afe154b95", "best_bid": "0.69", "best_ask": "0.71"}], "timestamp": "1769384119841", "event_type": "price_change"}}
{"_local_timestamp": "2026-01-25T23:35:20.093332+00:00", "data": {"market": "0xfd1be18abbc39bdf1b16659499488e584e6c06c7b1959b425b5fb4b046d01a33", "price_changes": [{"asset_id": "103398961297840085828551835161306488450071758711115916839536258902155858435669", "price": "0.31", "size": "816.25", "side": "SELL", "hash": "bf85c621b53114d686015eee2c020141b722d52d", "best_bid": "0.29", "best_ask": "0.31"}, {"asset_id": "107500384885909607304050643649917558350306280281655033419490834964564939230211", "price": "0.69", "size": "816.25", "side": "BUY", "hash": "6e66bad2fbb92f0ab410db5d565c6c728c4dc2ea", "best_bid": "0.69", "best_ask": "0.71"}], "timestamp": "1769384119876", "event_type": "price_change"}}
{"_local_timestamp": "2026-01-25T23:35:21.563929+00:00", "data": {"market": "0xfd1be18abbc39bdf1b16659499488e584e6c06c7b1959b425b5fb4b046d01a33", "price_changes": [{"asset_id": "103398961297840085828551835161306488450071758711115916839536258902155858435669", "price": "0.31", "size": "734.25", "side": "SELL", "hash": "97cc3545db5cfd56be6f126c60f95cdb78988f9f", "best_bid": "0.29", "best_ask": "0.31"}, {"asset_id": "107500384885909607304050643649917558350306280281655033419490834964564939230211", "price": "0.69", "size": "734.25", "side": "BUY", "hash": "2756fb6652c56f42260479ccdb28218b6aef35ef", "best_bid": "0.69", "best_ask": "0.71"}], "timestamp": "1769384121349", "event_type": "price_change"}}
{"_local_timestamp": "2026-01-25T23:35:21.598650+00:00", "data": {"market": "0xfd1be18abbc39bdf1b16659499488e584e6c06c7b1959b425b5fb4b046d01a33", "price_changes": [{"asset_id": "103398961297840085828551835161306488450071758711115916839536258902155858435669", "price": "0.31", "size": "816.25", "side": "SELL", "hash": "00f9dbc6f3dc2d448fc6c0283fe68e5ab660f22a", "best_bid": "0.29", "best_ask": "0.31"}, {"asset_id": "107500384885909607304050643649917558350306280281655033419490834964564939230211", "price": "0.69", "size": "816.25", "side": "BUY", "hash": "26f3bd362e35a75df24564dd768b71782340b6fc", "best_bid": "0.69", "best_ask": "0.71"}], "timestamp": "1769384121379", "event_type": "price_change"}}
{"_local_timestamp": "2026-01-25T23:35:23.049784+00:00", "data": {"market": "0xfd1be18abbc39bdf1b16659499488e584e6c06c7b1959b425b5fb4b046d01a33", "price_changes": [{"asset_id": "103398961297840085828551835161306488450071758711115916839536258902155858435669", "price": "0.31", "size": "734.25", "side": "SELL", "hash": "76bf135b18c50c87c0e10f79cf972445f22a5367", "best_bid": "0.29", "best_ask": "0.31"}, {"asset_id": "107500384885909607304050643649917558350306280281655033419490834964564939230211", "price": "0.69", "size": "734.25", "side": "BUY", "hash": "641db932ec2c77271b6745c91de4b0fe4c0001c3", "best_bid": "0.69", "best_ask": "0.71"}], "timestamp": "1769384122841", "event_type": "price_change"}}
{"_local_timestamp": "2026-01-25T23:35:23.079956+00:00", "data": {"market": "0xfd1be18abbc39bdf1b16659499488e584e6c06c7b1959b425b5fb4b046d01a33", "price_changes": [{"asset_id": "103398961297840085828551835161306488450071758711115916839536258902155858435669", "price": "0.31", "size": "816.25", "side": "SELL", "hash": "7e16ec311e934e684f86cbe6edf223e7abe9b12b", "best_bid": "0.29", "best_ask": "0.31"}, {"asset_id": "107500384885909607304050643649917558350306280281655033419490834964564939230211", "price": "0.69", "size": "816.25", "side": "BUY", "hash": "2af5d41cc2f84b33c0b0af742f171b8e3f278b10", "best_bid": "0.69", "best_ask": "0.71"}], "timestamp": "1769384122873", "event_type": "price_change"}}
{"_local_timestamp": "2026-01-25T23:35:24.711586+00:00", "data": {"market": "0xfd1be18abbc39bdf1b16659499488e584e6c06c7b1959b425b5fb4b046d01a33", "price_changes": [{"asset_id": "103398961297840085828551835161306488450071758711115916839536258902155858435669", "price": "0.31", "size": "734.25", "side": "SELL", "hash": "92a96301b0f182a61e44686a262e25717fb6b087", "best_bid": "0.29", "best_ask": "0.31"}, {"asset_id": "107500384885909607304050643649917558350306280281655033419490834964564939230211", "price": "0.69", "size": "734.25", "side": "BUY", "hash": "38c4f935d7bf2b3d77aae9d2fba97a3af802f056", "best_bid": "0.69", "best_ask": "0.71"}], "timestamp": "1769384124344", "event_type": "price_change"}}
{"_local_timestamp": "2026-01-25T23:35:24.751682+00:00", "data": {"market": "0xfd1be18abbc39bdf1b16659499488e584e6c06c7b1959b425b5fb4b046d01a33", "price_changes": [{"asset_id": "103398961297840085828551835161306488450071758711115916839536258902155858435669", "price": "0.31", "size": "816.25", "side": "SELL", "hash": "2faa25075c2e8213382f54cc59f93e0c8d9a81ec", "best_bid": "0.29", "best_ask": "0.31"}, {"asset_id": "107500384885909607304050643649917558350306280281655033419490834964564939230211", "price": "0.69", "size": "816.25", "side": "BUY", "hash": "6f902f02d764f2d6dc5af2ee5ac3feeddb8490f5", "best_bid": "0.69", "best_ask": "0.71"}], "timestamp": "1769384124379", "event_type": "price_change"}}
{"_local_timestamp": "2026-01-25T23:35:26.058778+00:00", "data": {"market": "0xfd1be18abbc39bdf1b16659499488e584e6c06c7b1959b425b5fb4b046d01a33", "price_changes": [{"asset_id": "103398961297840085828551835161306488450071758711115916839536258902155858435669", "price": "0.31", "size": "734.25", "side": "SELL", "hash": "4eda4339c65d781d30a8a94ef9100fb30b9b98da", "best_bid": "0.29", "best_ask": "0.31"}, {"asset_id": "107500384885909607304050643649917558350306280281655033419490834964564939230211", "price": "0.69", "size": "734.25", "side": "BUY", "hash": "4382eb7822611eb598faa5c9013df1c534c70f09", "best_bid": "0.69", "best_ask": "0.71"}], "timestamp": "1769384125840", "event_type": "price_change"}}
{"_local_timestamp": "2026-01-25T23:35:26.082186+00:00", "data": {"market": "0xfd1be18abbc39bdf1b16659499488e584e6c06c7b1959b425b5fb4b046d01a33", "price_changes": [{"asset_id": "103398961297840085828551835161306488450071758711115916839536258902155858435669", "price": "0.31", "size": "816.25", "side": "SELL", "hash": "4df9ad83a8c9fa2455cc1675d9088080b33a5985", "best_bid": "0.29", "best_ask": "0.31"}, {"asset_id": "107500384885909607304050643649917558350306280281655033419490834964564939230211", "price": "0.69", "size": "816.25", "side": "BUY", "hash": "4fa948ab261ccbfff8e0476459f89990dad23871", "best_bid": "0.69", "best_ask": "0.71"}], "timestamp": "1769384125869", "event_type": "price_change"}}
{"_local_timestamp": "2026-01-25T23:35:26.805340+00:00", "data": {"market": "0xfd1be18abbc39bdf1b16659499488e584e6c06c7b1959b425b5fb4b046d01a33", "price_changes": [{"asset_id": "107500384885909607304050643649917558350306280281655033419490834964564939230211", "price": "0.29", "size": "200", "side": "BUY", "hash": "832de8f1c04b14444c10b45cc7fa12f2249571fe", "best_bid": "0.69", "best_ask": "0.71"}, {"asset_id": "103398961297840085828551835161306488450071758711115916839536258902155858435669", "price": "0.71", "size": "200", "side": "SELL", "hash": "6b856bde75163dd4ff76732eeaf63df2fc929064", "best_bid": "0.29", "best_ask": "0.31"}], "timestamp": "1769384126561", "event_type": "price_change"}}
{"_local_timestamp": "2026-01-25T23:35:26.805969+00:00", "data": {"market": "0xfd1be18abbc39bdf1b16659499488e584e6c06c7b1959b425b5fb4b046d01a33", "price_changes": [{"asset_id": "107500384885909607304050643649917558350306280281655033419490834964564939230211", "price": "0.19", "size": "150", "side": "BUY", "hash": "832de8f1c04b14444c10b45cc7fa12f2249571fe", "best_bid": "0.69", "best_ask": "0.71"}, {"asset_id": "103398961297840085828551835161306488450071758711115916839536258902155858435669", "price": "0.81", "size": "150", "side": "SELL", "hash": "6b856bde75163dd4ff76732eeaf63df2fc929064", "best_bid": "0.29", "best_ask": "0.31"}], "timestamp": "1769384126561", "event_type": "price_change"}}
{"_local_timestamp": "2026-01-25T23:35:27.141374+00:00", "data": {"market": "0xfd1be18abbc39bdf1b16659499488e584e6c06c7b1959b425b5fb4b046d01a33", "price_changes": [{"asset_id": "107500384885909607304050643649917558350306280281655033419490834964564939230211", "price": "0.22", "size": "2058", "side": "BUY", "hash": "60be3ea274065c92f33438c11362eb2ce35d9a47", "best_bid": "0.69", "best_ask": "0.71"}, {"asset_id": "103398961297840085828551835161306488450071758711115916839536258902155858435669", "price": "0.78", "size": "2058", "side": "SELL", "hash": "285eaf996601ce3095ef3d4c2d1e153107f6e6bc", "best_bid": "0.29", "best_ask": "0.31"}], "timestamp": "1769384126869", "event_type": "price_change"}}
{"_local_timestamp": "2026-01-25T23:35:27.164651+00:00", "data": {"market": "0xfd1be18abbc39bdf1b16659499488e584e6c06c7b1959b425b5fb4b046d01a33", "price_changes": [{"asset_id": "107500384885909607304050643649917558350306280281655033419490834964564939230211", "price": "0.16", "size": "1300", "side": "BUY", "hash": "15fd685666f864128e7a9ac7deaab3e8c27446bf", "best_bid": "0.69", "best_ask": "0.71"}, {"asset_id": "103398961297840085828551835161306488450071758711115916839536258902155858435669", "price": "0.84", "size": "1300", "side": "SELL", "hash": "9a8efbccf135f3ae1457844c034abbe46900946c", "best_bid": "0.29", "best_ask": "0.31"}], "timestamp": "1769384126876", "event_type": "price_change"}}
{"_local_timestamp": "2026-01-25T23:35:27.348881+00:00", "data": {"market": "0xfd1be18abbc39bdf1b16659499488e584e6c06c7b1959b425b5fb4b046d01a33", "price_changes": [{"asset_id": "103398961297840085828551835161306488450071758711115916839536258902155858435669", "price": "0.31", "size": "734.25", "side": "SELL", "hash": "8a925d5c880eb0c4c442a32678efbc185b7ed65b", "best_bid": "0.29", "best_ask": "0.31"}, {"asset_id": "107500384885909607304050643649917558350306280281655033419490834964564939230211", "price": "0.69", "size": "734.25", "side": "BUY", "hash": "3557bbe902dacd65840f192ae8206a1f084e6d81", "best_bid": "0.69", "best_ask": "0.71"}], "timestamp": "1769384126944", "event_type": "price_change"}}
{"_local_timestamp": "2026-01-25T23:35:27.382736+00:00", "data": {"market": "0xfd1be18abbc39bdf1b16659499488e584e6c06c7b1959b425b5fb4b046d01a33", "price_changes": [{"asset_id": "103398961297840085828551835161306488450071758711115916839536258902155858435669", "price": "0.31", "size": "816.25", "side": "SELL", "hash": "f452fabffed2e6021251e112da66160fc100cff9", "best_bid": "0.29", "best_ask": "0.31"}, {"asset_id": "107500384885909607304050643649917558350306280281655033419490834964564939230211", "price": "0.69", "size": "816.25", "side": "BUY", "hash": "388759754756a2616bd438c16c75a62faaba6fc0", "best_bid": "0.69", "best_ask": "0.71"}], "timestamp": "1769384126974", "event_type": "price_change"}}
{"_local_timestamp": "2026-01-25T23:35:28.551472+00:00", "data": {"market": "0xfd1be18abbc39bdf1b16659499488e584e6c06c7b1959b425b5fb4b046d01a33", "price_changes": [{"asset_id": "103398961297840085828551835161306488450071758711115916839536258902155858435669", "price": "0.31", "size": "734.25", "side": "SELL", "hash": "9f850c7d462d0c576a47390aeedb0b934e75082f", "best_bid": "0.29", "best_ask": "0.31"}, {"asset_id": "107500384885909607304050643649917558350306280281655033419490834964564939230211", "price": "0.69", "size": "734.25", "side": "BUY", "hash": "364e908c38c95ea8db55c9ffdec31b0e19f9ea95", "best_bid": "0.69", "best_ask": "0.71"}], "timestamp": "1769384128341", "event_type": "price_change"}}
{"_local_timestamp": "2026-01-25T23:35:28.578861+00:00", "data": {"market": "0xfd1be18abbc39bdf1b16659499488e584e6c06c7b1959b425b5fb4b046d01a33", "price_changes": [{"asset_id": "103398961297840085828551835161306488450071758711115916839536258902155858435669", "price": "0.31", "size": "816.25", "side": "SELL", "hash": "f067f8966c009c81153599846c3852dd441c8994", "best_bid": "0.29", "best_ask": "0.31"}, {"asset_id": "107500384885909607304050643649917558350306280281655033419490834964564939230211", "price": "0.69", "size": "816.25", "side": "BUY", "hash": "add9caefe8ad4566945535192d706106b9ef5f95", "best_bid": "0.69", "best_ask": "0.71"}], "timestamp": "1769384128369", "event_type": "price_change"}}
{"_local_timestamp": "2026-01-25T23:35:30.054218+00:00", "data": {"market": "0xfd1be18abbc39bdf1b16659499488e584e6c06c7b1959b425b5fb4b046d01a33", "price_changes": [{"asset_id": "103398961297840085828551835161306488450071758711115916839536258902155858435669", "price": "0.31", "size": "734.25", "side": "SELL", "hash": "d9d2a0dc0e6475311b996e21ba10da40e4f6c5e1", "best_bid": "0.29", "best_ask": "0.31"}, {"asset_id": "107500384885909607304050643649917558350306280281655033419490834964564939230211", "price": "0.69", "size": "734.25", "side": "BUY", "hash": "f9c9c84ea10ff309d3f2b2fe73d14ebd90fd6926", "best_bid": "0.69", "best_ask": "0.71"}], "timestamp": "1769384129840", "event_type": "price_change"}}
{"_local_timestamp": "2026-01-25T23:35:30.092212+00:00", "data": {"market": "0xfd1be18abbc39bdf1b16659499488e584e6c06c7b1959b425b5fb4b046d01a33", "price_changes": [{"asset_id": "103398961297840085828551835161306488450071758711115916839536258902155858435669", "price": "0.31", "size": "816.25", "side": "SELL", "hash": "147c2b0d1d37c131636360a230a5afcb44f7d7be", "best_bid": "0.29", "best_ask": "0.31"}, {"asset_id": "107500384885909607304050643649917558350306280281655033419490834964564939230211", "price": "0.69", "size": "816.25", "side": "BUY", "hash": "31caba6bd9a8da210fc4f332aad81499717cd233", "best_bid": "0.69", "best_ask": "0.71"}], "timestamp": "1769384129876", "event_type": "price_change"}}
{"_local_timestamp": "2026-01-25T23:35:31.624317+00:00", "data": {"market": "0xfd1be18abbc39bdf1b16659499488e584e6c06c7b1959b425b5fb4b046d01a33", "price_changes": [{"asset_id": "103398961297840085828551835161306488450071758711115916839536258902155858435669", "price": "0.31", "size": "734.25", "side": "SELL", "hash": "d674250fd465315054d26cad8dd19445fb978cc0", "best_bid": "0.29", "best_ask": "0.31"}, {"asset_id": "107500384885909607304050643649917558350306280281655033419490834964564939230211", "price": "0.69", "size": "734.25", "side": "BUY", "hash": "ad393dae5e5673dcd58e3fd7fb074b9ff5b2f29f", "best_bid": "0.69", "best_ask": "0.71"}], "timestamp": "1769384131339", "event_type": "price_change"}}
{"_local_timestamp": "2026-01-25T23:35:31.649917+00:00", "data": {"market": "0xfd1be18abbc39bdf1b16659499488e584e6c06c7b1959b425b5fb4b046d01a33", "price_changes": [{"asset_id": "103398961297840085828551835161306488450071758711115916839536258902155858435669", "price": "0.31", "size": "816.25", "side": "SELL", "hash": "ac36917d26dace48c73cac53608cc0df1362a9da", "best_bid": "0.29", "best_ask": "0.31"}, {"asset_id": "107500384885909607304050643649917558350306280281655033419490834964564939230211", "price": "0.69", "size": "816.25", "side": "BUY", "hash": "e0c7e65ba7aa75e27fd6f2962db658c2615c677c", "best_bid": "0.69", "best_ask": "0.71"}], "timestamp": "1769384131368", "event_type": "price_change"}}
{"_local_timestamp": "2026-01-25T23:35:33.068533+00:00", "data": {"market": "0xfd1be18abbc39bdf1b16659499488e584e6c06c7b1959b425b5fb4b046d01a33", "price_changes": [{"asset_id": "103398961297840085828551835161306488450071758711115916839536258902155858435669", "price": "0.31", "size": "734.25", "side": "SELL", "hash": "88cdcf0c05c448a1630a5ec485f36ad2a9ec22b5", "best_bid": "0.29", "best_ask": "0.31"}, {"asset_id": "107500384885909607304050643649917558350306280281655033419490834964564939230211", "price": "0.69", "size": "734.25", "side": "BUY", "hash": "3023ff249b03e74302af2debe15b40b4d6e2fcc8", "best_bid": "0.69", "best_ask": "0.71"}], "timestamp": "1769384132838", "event_type": "price_change"}}
{"_local_timestamp": "2026-01-25T23:35:33.088774+00:00", "data": {"market": "0xfd1be18abbc39bdf1b16659499488e584e6c06c7b1959b425b5fb4b046d01a33", "price_changes": [{"asset_id": "103398961297840085828551835161306488450071758711115916839536258902155858435669", "price": "0.31", "size": "816.25", "side": "SELL", "hash": "b24ea230f17395a2a55d21e4f07e917b23514889", "best_bid": "0.29", "best_ask": "0.31"}, {"asset_id": "107500384885909607304050643649917558350306280281655033419490834964564939230211", "price": "0.69", "size": "816.25", "side": "BUY", "hash": "1e42ddd286fc3b0974e8c105784babc9ec0616f7", "best_bid": "0.69", "best_ask": "0.71"}], "timestamp": "1769384132869", "event_type": "price_change"}}
{"_local_timestamp": "2026-01-25T23:35:34.564005+00:00", "data": {"market": "0xfd1be18abbc39bdf1b16659499488e584e6c06c7b1959b425b5fb4b046d01a33", "price_changes": [{"asset_id": "103398961297840085828551835161306488450071758711115916839536258902155858435669", "price": "0.31", "size": "734.25", "side": "SELL", "hash": "633f71d4ade8f7a5b65495002062391866b2d6bd", "best_bid": "0.29", "best_ask": "0.31"}, {"asset_id": "107500384885909607304050643649917558350306280281655033419490834964564939230211", "price": "0.69", "size": "734.25", "side": "BUY", "hash": "e2a77b24c9c1bd5b407004da514ba8d9a57384ce", "best_bid": "0.69", "best_ask": "0.71"}], "timestamp": "1769384134342", "event_type": "price_change"}}
{"_local_timestamp": "2026-01-25T23:35:34.588457+00:00", "data": {"market": "0xfd1be18abbc39bdf1b16659499488e584e6c06c7b1959b425b5fb4b046d01a33", "price_changes": [{"asset_id": "103398961297840085828551835161306488450071758711115916839536258902155858435669", "price": "0.31", "size": "816.25", "side": "SELL", "hash": "81efb7237434b190abd25199c06e878b0481b4d8", "best_bid": "0.29", "best_ask": "0.31"}, {"asset_id": "107500384885909607304050643649917558350306280281655033419490834964564939230211", "price": "0.69", "size": "816.25", "side": "BUY", "hash": "ede5f5594ba9b54ffaee0e5ac35364d958f5d874", "best_bid": "0.69", "best_ask": "0.71"}], "timestamp": "1769384134367", "event_type": "price_change"}}
{"_local_timestamp": "2026-01-25T23:35:36.056993+00:00", "data": {"market": "0xfd1be18abbc39bdf1b16659499488e584e6c06c7b1959b425b5fb4b046d01a33", "price_changes": [{"asset_id": "103398961297840085828551835161306488450071758711115916839536258902155858435669", "price": "0.31", "size": "734.25", "side": "SELL", "hash": "64f005068d7f8f122166a9250c39648e541d70d6", "best_bid": "0.29", "best_ask": "0.31"}, {"asset_id": "107500384885909607304050643649917558350306280281655033419490834964564939230211", "price": "0.69", "size": "734.25", "side": "BUY", "hash": "b9b9017e07da92c9e6f5e6a1ad176462ce2f7344", "best_bid": "0.69", "best_ask": "0.71"}], "timestamp": "1769384135840", "event_type": "price_change"}}
{"_local_timestamp": "2026-01-25T23:35:36.091762+00:00", "data": {"market": "0xfd1be18abbc39bdf1b16659499488e584e6c06c7b1959b425b5fb4b046d01a33", "price_changes": [{"asset_id": "103398961297840085828551835161306488450071758711115916839536258902155858435669", "price": "0.31", "size": "816.25", "side": "SELL", "hash": "cd0ad4e8e5151ce836bbf2e1319268134b5d739f", "best_bid": "0.29", "best_ask": "0.31"}, {"asset_id": "107500384885909607304050643649917558350306280281655033419490834964564939230211", "price": "0.69", "size": "816.25", "side": "BUY", "hash": "5cd9f78b07977b749904298c684083881c37e463", "best_bid": "0.69", "best_ask": "0.71"}], "timestamp": "1769384135870", "event_type": "price_change"}}
{"_local_timestamp": "2026-01-25T23:35:37.555046+00:00", "data": {"market": "0xfd1be18abbc39bdf1b16659499488e584e6c06c7b1959b425b5fb4b046d01a33", "price_changes": [{"asset_id": "103398961297840085828551835161306488450071758711115916839536258902155858435669", "price": "0.31", "size": "734.25", "side": "SELL", "hash": "ccee3fc9475614bd0d3b9dd7fdf74a35d0fbdf55", "best_bid": "0.29", "best_ask": "0.31"}, {"asset_id": "107500384885909607304050643649917558350306280281655033419490834964564939230211", "price": "0.69", "size": "734.25", "side": "BUY", "hash": "8d0b70f041ac13ec14688df0d5d7d57be60fc38a", "best_bid": "0.69", "best_ask": "0.71"}], "timestamp": "1769384137344", "event_type": "price_change"}}
{"_local_timestamp": "2026-01-25T23:35:37.578367+00:00", "data": {"market": "0xfd1be18abbc39bdf1b16659499488e584e6c06c7b1959b425b5fb4b046d01a33", "price_changes": [{"asset_id": "103398961297840085828551835161306488450071758711115916839536258902155858435669", "price": "0.31", "size": "816.25", "side": "SELL", "hash": "1d1731226f6343046b99591f8baacf0df1824c3a", "best_bid": "0.29", "best_ask": "0.31"}, {"asset_id": "107500384885909607304050643649917558350306280281655033419490834964564939230211", "price": "0.69", "size": "816.25", "side": "BUY", "hash": "8c48a88da1a02db218c10b20cd449beccb3df5ad", "best_bid": "0.69", "best_ask": "0.71"}], "timestamp": "1769384137373", "event_type": "price_change"}}
{"_local_timestamp": "2026-01-25T23:35:38.902644+00:00", "data": {"market": "0xfd1be18abbc39bdf1b16659499488e584e6c06c7b1959b425b5fb4b046d01a33", "price_changes": [{"asset_id": "103398961297840085828551835161306488450071758711115916839536258902155858435669", "price": "0.31", "size": "734.25", "side": "SELL", "hash": "28ad841459437e254595723b051de99d48e84a9a", "best_bid": "0.29", "best_ask": "0.31"}, {"asset_id": "107500384885909607304050643649917558350306280281655033419490834964564939230211", "price": "0.69", "size": "734.25", "side": "BUY", "hash": "89403c2095cbc39590c320c34f59cffa30bee19c", "best_bid": "0.69", "best_ask": "0.71"}], "timestamp": "1769384138838", "event_type": "price_change"}}
{"_local_timestamp": "2026-01-25T23:35:38.944019+00:00", "data": {"market": "0xfd1be18abbc39bdf1b16659499488e584e6c06c7b1959b425b5fb4b046d01a33", "price_changes": [{"asset_id": "103398961297840085828551835161306488450071758711115916839536258902155858435669", "price": "0.31", "size": "816.25", "side": "SELL", "hash": "7ee8c590eed3af6eb489b8c9c5f4f4914617794e", "best_bid": "0.29", "best_ask": "0.31"}, {"asset_id": "107500384885909607304050643649917558350306280281655033419490834964564939230211", "price": "0.69", "size": "816.25", "side": "BUY", "hash": "051397dd2142750a3a7a676b06304cb02b43a9d2", "best_bid": "0.69", "best_ask": "0.71"}], "timestamp": "1769384138876", "event_type": "price_change"}}
{"_local_timestamp": "2026-01-25T23:35:40.410264+00:00", "data": {"market": "0xfd1be18abbc39bdf1b16659499488e584e6c06c7b1959b425b5fb4b046d01a33", "price_changes": [{"asset_id": "103398961297840085828551835161306488450071758711115916839536258902155858435669", "price": "0.31", "size": "734.25", "side": "SELL", "hash": "1b8adb25023713b32cf88e509e9160c9a31060e4", "best_bid": "0.29", "best_ask": "0.31"}, {"asset_id": "107500384885909607304050643649917558350306280281655033419490834964564939230211", "price": "0.69", "size": "734.25", "side": "BUY", "hash": "c7c3fcedce9f58b02b6589a74fc04ca5cb87e9ee", "best_bid": "0.69", "best_ask": "0.71"}], "timestamp": "1769384140340", "event_type": "price_change"}}
{"_local_timestamp": "2026-01-25T23:35:40.435553+00:00", "data": {"market": "0xfd1be18abbc39bdf1b16659499488e584e6c06c7b1959b425b5fb4b046d01a33", "price_changes": [{"asset_id": "103398961297840085828551835161306488450071758711115916839536258902155858435669", "price": "0.31", "size": "816.25", "side": "SELL", "hash": "82842e2ac0efa382d0a8c7d0293b41ca66fdff30", "best_bid": "0.29", "best_ask": "0.31"}, {"asset_id": "107500384885909607304050643649917558350306280281655033419490834964564939230211", "price": "0.69", "size": "816.25", "side": "BUY", "hash": "ae3e8d72e2bab0537e199d98876c14885ebdded6", "best_bid": "0.69", "best_ask": "0.71"}], "timestamp": "1769384140368", "event_type": "price_change"}}
{"_local_timestamp": "2026-01-25T23:35:41.908213+00:00", "data": {"market": "0xfd1be18abbc39bdf1b16659499488e584e6c06c7b1959b425b5fb4b046d01a33", "price_changes": [{"asset_id": "103398961297840085828551835161306488450071758711115916839536258902155858435669", "price": "0.31", "size": "734.25", "side": "SELL", "hash": "dce8618445f3e88048b6abd20b63b98c9d0dea03", "best_bid": "0.29", "best_ask": "0.31"}, {"asset_id": "107500384885909607304050643649917558350306280281655033419490834964564939230211", "price": "0.69", "size": "734.25", "side": "BUY", "hash": "a116f11d1a494d4eefefe908bdaa7a236d83994f", "best_bid": "0.69", "best_ask": "0.71"}], "timestamp": "1769384141840", "event_type": "price_change"}}
{"_local_timestamp": "2026-01-25T23:35:41.934678+00:00", "data": {"market": "0xfd1be18abbc39bdf1b16659499488e584e6c06c7b1959b425b5fb4b046d01a33", "price_changes": [{"asset_id": "103398961297840085828551835161306488450071758711115916839536258902155858435669", "price": "0.31", "size": "816.25", "side": "SELL", "hash": "2996a4c891dc4fd4bf99751fce68534184b4e79d", "best_bid": "0.29", "best_ask": "0.31"}, {"asset_id": "107500384885909607304050643649917558350306280281655033419490834964564939230211", "price": "0.69", "size": "816.25", "side": "BUY", "hash": "fb891b3895bbf3d42bf4d9fbcb17f2e4d6d7fb05", "best_bid": "0.69", "best_ask": "0.71"}], "timestamp": "1769384141867", "event_type": "price_change"}}
{"_local_timestamp": "2026-01-25T23:35:43.407842+00:00", "data": {"market": "0xfd1be18abbc39bdf1b16659499488e584e6c06c7b1959b425b5fb4b046d01a33", "price_changes": [{"asset_id": "103398961297840085828551835161306488450071758711115916839536258902155858435669", "price": "0.31", "size": "734.25", "side": "SELL", "hash": "f91662bfcc0e7b6f0cab04bf234f5f4bb7508afa", "best_bid": "0.29", "best_ask": "0.31"}, {"asset_id": "107500384885909607304050643649917558350306280281655033419490834964564939230211", "price": "0.69", "size": "734.25", "side": "BUY", "hash": "783362c93e158b0a08d96a1402eac5a237781b20", "best_bid": "0.69", "best_ask": "0.71"}], "timestamp": "1769384143342", "event_type": "price_change"}}
{"_local_timestamp": "2026-01-25T23:35:43.431177+00:00", "data": {"market": "0xfd1be18abbc39bdf1b16659499488e584e6c06c7b1959b425b5fb4b046d01a33", "price_changes": [{"asset_id": "103398961297840085828551835161306488450071758711115916839536258902155858435669", "price": "0.31", "size": "816.25", "side": "SELL", "hash": "7901c1a9696baa1c4ad277eca73c9ea7422870dc", "best_bid": "0.29", "best_ask": "0.31"}, {"asset_id": "107500384885909607304050643649917558350306280281655033419490834964564939230211", "price": "0.69", "size": "816.25", "side": "BUY", "hash": "93b4ce2f91e09f87cdd6faf51be05028ab7b6f52", "best_bid": "0.69", "best_ask": "0.71"}], "timestamp": "1769384143370", "event_type": "price_change"}}
{"_local_timestamp": "2026-01-25T23:35:44.906804+00:00", "data": {"market": "0xfd1be18abbc39bdf1b16659499488e584e6c06c7b1959b425b5fb4b046d01a33", "price_changes": [{"asset_id": "103398961297840085828551835161306488450071758711115916839536258902155858435669", "price": "0.31", "size": "734.25", "side": "SELL", "hash": "04b0b26249ddfa480b99fdf4a5376c49e6f610f5", "best_bid": "0.29", "best_ask": "0.31"}, {"asset_id": "107500384885909607304050643649917558350306280281655033419490834964564939230211", "price": "0.69", "size": "734.25", "side": "BUY", "hash": "af1e9806e7efa96685d82bbd1f06805ee3ceb207", "best_bid": "0.69", "best_ask": "0.71"}], "timestamp": "1769384144841", "event_type": "price_change"}}
{"_local_timestamp": "2026-01-25T23:35:44.938845+00:00", "data": {"market": "0xfd1be18abbc39bdf1b16659499488e584e6c06c7b1959b425b5fb4b046d01a33", "price_changes": [{"asset_id": "103398961297840085828551835161306488450071758711115916839536258902155858435669", "price": "0.31", "size": "816.25", "side": "SELL", "hash": "9cb3896b4ee1b1137aecff7a742e734ae37a8ea7", "best_bid": "0.29", "best_ask": "0.31"}, {"asset_id": "107500384885909607304050643649917558350306280281655033419490834964564939230211", "price": "0.69", "size": "816.25", "side": "BUY", "hash": "2143037cf2bac2bd9288ba20363d442d1cbae02a", "best_bid": "0.69", "best_ask": "0.71"}], "timestamp": "1769384144868", "event_type": "price_change"}}
{"_local_timestamp": "2026-01-25T23:35:46.406941+00:00", "data": {"market": "0xfd1be18abbc39bdf1b16659499488e584e6c06c7b1959b425b5fb4b046d01a33", "price_changes": [{"asset_id": "103398961297840085828551835161306488450071758711115916839536258902155858435669", "price": "0.31", "size": "734.25", "side": "SELL", "hash": "f107094c2eb2d76338002ec3423b6bc9617dccff", "best_bid": "0.29", "best_ask": "0.31"}, {"asset_id": "107500384885909607304050643649917558350306280281655033419490834964564939230211", "price": "0.69", "size": "734.25", "side": "BUY", "hash": "093f2cadeca5b001abaffd906a0b0fefb6b8df93", "best_bid": "0.69", "best_ask": "0.71"}], "timestamp": "1769384146345", "event_type": "price_change"}}
{"_local_timestamp": "2026-01-25T23:35:46.439924+00:00", "data": {"market": "0xfd1be18abbc39bdf1b16659499488e584e6c06c7b1959b425b5fb4b046d01a33", "price_changes": [{"asset_id": "103398961297840085828551835161306488450071758711115916839536258902155858435669", "price": "0.31", "size": "816.25", "side": "SELL", "hash": "4519db4743a31e8751d5a751f5b508f1d5db86ad", "best_bid": "0.29", "best_ask": "0.31"}, {"asset_id": "107500384885909607304050643649917558350306280281655033419490834964564939230211", "price": "0.69", "size": "816.25", "side": "BUY", "hash": "016158321b8e991ed8bec46d4b309223573e49a8", "best_bid": "0.69", "best_ask": "0.71"}], "timestamp": "1769384146374", "event_type": "price_change"}}
{"_local_timestamp": "2026-01-25T23:35:47.907174+00:00", "data": {"market": "0xfd1be18abbc39bdf1b16659499488e584e6c06c7b1959b425b5fb4b046d01a33", "price_changes": [{"asset_id": "103398961297840085828551835161306488450071758711115916839536258902155858435669", "price": "0.31", "size": "734.25", "side": "SELL", "hash": "90f4891fd067f5af2b314629a4ca97af06aeab4d", "best_bid": "0.29", "best_ask": "0.31"}, {"asset_id": "107500384885909607304050643649917558350306280281655033419490834964564939230211", "price": "0.69", "size": "734.25", "side": "BUY", "hash": "09b4cbe7e2278a6e74de90aab15031b362a4dfa9", "best_bid": "0.69", "best_ask": "0.71"}], "timestamp": "1769384147840", "event_type": "price_change"}}
{"_local_timestamp": "2026-01-25T23:35:47.934559+00:00", "data": {"market": "0xfd1be18abbc39bdf1b16659499488e584e6c06c7b1959b425b5fb4b046d01a33", "price_changes": [{"asset_id": "103398961297840085828551835161306488450071758711115916839536258902155858435669", "price": "0.31", "size": "816.25", "side": "SELL", "hash": "3e038a6db32ef29749a93d9047327f63bcf076f3", "best_bid": "0.29", "best_ask": "0.31"}, {"asset_id": "107500384885909607304050643649917558350306280281655033419490834964564939230211", "price": "0.69", "size": "816.25", "side": "BUY", "hash": "48ceacc19786e909d05fe891160bee5720cff860", "best_bid": "0.69", "best_ask": "0.71"}], "timestamp": "1769384147868", "event_type": "price_change"}}
{"_local_timestamp": "2026-01-25T23:35:49.403265+00:00", "data": {"market": "0xfd1be18abbc39bdf1b16659499488e584e6c06c7b1959b425b5fb4b046d01a33", "price_changes": [{"asset_id": "103398961297840085828551835161306488450071758711115916839536258902155858435669", "price": "0.31", "size": "734.25", "side": "SELL", "hash": "6a97a32fe6bc1655c9d05d7ccfa2335e37e57a30", "best_bid": "0.29", "best_ask": "0.31"}, {"asset_id": "107500384885909607304050643649917558350306280281655033419490834964564939230211", "price": "0.69", "size": "734.25", "side": "BUY", "hash": "af5e156922f308b2aa007b3f45dfc0c38a123215", "best_bid": "0.69", "best_ask": "0.71"}], "timestamp": "1769384149340", "event_type": "price_change"}}
{"_local_timestamp": "2026-01-25T23:35:49.444870+00:00", "data": {"market": "0xfd1be18abbc39bdf1b16659499488e584e6c06c7b1959b425b5fb4b046d01a33", "price_changes": [{"asset_id": "103398961297840085828551835161306488450071758711115916839536258902155858435669", "price": "0.31", "size": "816.25", "side": "SELL", "hash": "55f4fcb1d8456529b8cf4c65565701506f2e4afa", "best_bid": "0.29", "best_ask": "0.31"}, {"asset_id": "107500384885909607304050643649917558350306280281655033419490834964564939230211", "price": "0.69", "size": "816.25", "side": "BUY", "hash": "bf0983e64f0b79a9530f0d37ba2c7f703d98a179", "best_bid": "0.69", "best_ask": "0.71"}], "timestamp": "1769384149379", "event_type": "price_change"}}
{"_local_timestamp": "2026-01-25T23:35:50.912647+00:00", "data": {"market": "0xfd1be18abbc39bdf1b16659499488e584e6c06c7b1959b425b5fb4b046d01a33", "price_changes": [{"asset_id": "103398961297840085828551835161306488450071758711115916839536258902155858435669", "price": "0.31", "size": "734.25", "side": "SELL", "hash": "ff9c20dbab8e7bf19393c5dce9714e6f9d7718fb", "best_bid": "0.29", "best_ask": "0.31"}, {"asset_id": "107500384885909607304050643649917558350306280281655033419490834964564939230211", "price": "0.69", "size": "734.25", "side": "BUY", "hash": "795a7c04137e5e0c90ceeaba1e8bf0f1c6cdced8", "best_bid": "0.69", "best_ask": "0.71"}], "timestamp": "1769384150842", "event_type": "price_change"}}
{"_local_timestamp": "2026-01-25T23:35:50.936622+00:00", "data": {"market": "0xfd1be18abbc39bdf1b16659499488e584e6c06c7b1959b425b5fb4b046d01a33", "price_changes": [{"asset_id": "103398961297840085828551835161306488450071758711115916839536258902155858435669", "price": "0.31", "size": "816.25", "side": "SELL", "hash": "39ffe9c39368a829b14e02f34252172cc7e5268c", "best_bid": "0.29", "best_ask": "0.31"}, {"asset_id": "107500384885909607304050643649917558350306280281655033419490834964564939230211", "price": "0.69", "size": "816.25", "side": "BUY", "hash": "df8140c69752a8bf13127a3eacfb882733609bdf", "best_bid": "0.69", "best_ask": "0.71"}], "timestamp": "1769384150872", "event_type": "price_change"}}
{"_local_timestamp": "2026-01-25T23:35:51.968885+00:00", "data": {"market": "0xfd1be18abbc39bdf1b16659499488e584e6c06c7b1959b425b5fb4b046d01a33", "price_changes": [{"asset_id": "103398961297840085828551835161306488450071758711115916839536258902155858435669", "price": "0.27", "size": "2093.04", "side": "BUY", "hash": "a1717c93ca970bfd376515697ece982a699520c7", "best_bid": "0.29", "best_ask": "0.31"}, {"asset_id": "107500384885909607304050643649917558350306280281655033419490834964564939230211", "price": "0.73", "size": "2093.04", "side": "SELL", "hash": "cd51a5941cd38f576e096076789538bf288c2fa5", "best_bid": "0.69", "best_ask": "0.71"}], "timestamp": "1769384151901", "event_type": "price_change"}}
{"_local_timestamp": "2026-01-25T23:35:51.969521+00:00", "data": {"market": "0xfd1be18abbc39bdf1b16659499488e584e6c06c7b1959b425b5fb4b046d01a33", "price_changes": [{"asset_id": "103398961297840085828551835161306488450071758711115916839536258902155858435669", "price": "0.01", "size": "50413.12", "side": "BUY", "hash": "a1717c93ca970bfd376515697ece982a699520c7", "best_bid": "0.29", "best_ask": "0.31"}, {"asset_id": "107500384885909607304050643649917558350306280281655033419490834964564939230211", "price": "0.99", "size": "50413.12", "side": "SELL", "hash": "cd51a5941cd38f576e096076789538bf288c2fa5", "best_bid": "0.69", "best_ask": "0.71"}], "timestamp": "1769384151901", "event_type": "price_change"}}
{"_local_timestamp": "2026-01-25T23:35:51.970113+00:00", "data": {"market": "0xfd1be18abbc39bdf1b16659499488e584e6c06c7b1959b425b5fb4b046d01a33", "price_changes": [{"asset_id": "103398961297840085828551835161306488450071758711115916839536258902155858435669", "price": "0.05", "size": "4800", "side": "BUY", "hash": "a1717c93ca970bfd376515697ece982a699520c7", "best_bid": "0.29", "best_ask": "0.31"}, {"asset_id": "107500384885909607304050643649917558350306280281655033419490834964564939230211", "price": "0.95", "size": "4800", "side": "SELL", "hash": "cd51a5941cd38f576e096076789538bf288c2fa5", "best_bid": "0.69", "best_ask": "0.71"}], "timestamp": "1769384151901", "event_type": "price_change"}}
{"_local_timestamp": "2026-01-25T23:35:51.970674+00:00", "data": {"market": "0xfd1be18abbc39bdf1b16659499488e584e6c06c7b1959b425b5fb4b046d01a33", "price_changes": [{"asset_id": "103398961297840085828551835161306488450071758711115916839536258902155858435669", "price": "0.22", "size": "507", "side": "BUY", "hash": "a1717c93ca970bfd376515697ece982a699520c7", "best_bid": "0.29", "best_ask": "0.31"}, {"asset_id": "107500384885909607304050643649917558350306280281655033419490834964564939230211", "price": "0.78", "size": "507", "side": "SELL", "hash": "cd51a5941cd38f576e096076789538bf288c2fa5", "best_bid": "0.69", "best_ask": "0.71"}], "timestamp": "1769384151901", "event_type": "price_change"}}
{"_local_timestamp": "2026-01-25T23:35:51.971236+00:00", "data": {"market": "0xfd1be18abbc39bdf1b16659499488e584e6c06c7b1959b425b5fb4b046d01a33", "price_changes": [{"asset_id": "103398961297840085828551835161306488450071758711115916839536258902155858435669", "price": "0.25", "size": "663.56", "side": "BUY", "hash": "a1717c93ca970bfd376515697ece982a699520c7", "best_bid": "0.29", "best_ask": "0.31"}, {"asset_id": "107500384885909607304050643649917558350306280281655033419490834964564939230211", "price": "0.75", "size": "663.56", "side": "SELL", "hash": "cd51a5941cd38f576e096076789538bf288c2fa5", "best_bid": "0.69", "best_ask": "0.71"}], "timestamp": "1769384151901", "event_type": "price_change"}}
{"_local_timestamp": "2026-01-25T23:35:51.999768+00:00", "data": {"market": "0xfd1be18abbc39bdf1b16659499488e584e6c06c7b1959b425b5fb4b046d01a33", "price_changes": [{"asset_id": "103398961297840085828551835161306488450071758711115916839536258902155858435669", "price": "0.31", "size": "734.25", "side": "SELL", "hash": "37a7af290e2e3a3221e4a412fa36ecd1d150eb64", "best_bid": "0.29", "best_ask": "0.31"}, {"asset_id": "107500384885909607304050643649917558350306280281655033419490834964564939230211", "price": "0.69", "size": "734.25", "side": "BUY", "hash": "428a4cf7260ac1c17a7fde6af7cbdc0f963808c8", "best_bid": "0.69", "best_ask": "0.71"}], "timestamp": "1769384151927", "event_type": "price_change"}}
{"_local_timestamp": "2026-01-25T23:35:52.016820+00:00", "data": {"market": "0xfd1be18abbc39bdf1b16659499488e584e6c06c7b1959b425b5fb4b046d01a33", "price_changes": [{"asset_id": "103398961297840085828551835161306488450071758711115916839536258902155858435669", "price": "0.31", "size": "816.25", "side": "SELL", "hash": "499edf6818bac07c175660144eacbd6cf321ad17", "best_bid": "0.29", "best_ask": "0.31"}, {"asset_id": "107500384885909607304050643649917558350306280281655033419490834964564939230211", "price": "0.69", "size": "816.25", "side": "BUY", "hash": "e3a9ba78f51e014064c2dcd65540bf0894e105db", "best_bid": "0.69", "best_ask": "0.71"}], "timestamp": "1769384151953", "event_type": "price_change"}}
{"_local_timestamp": "2026-01-25T23:35:53.411997+00:00", "data": {"market": "0xfd1be18abbc39bdf1b16659499488e584e6c06c7b1959b425b5fb4b046d01a33", "price_changes": [{"asset_id": "103398961297840085828551835161306488450071758711115916839536258902155858435669", "price": "0.31", "size": "734.25", "side": "SELL", "hash": "0b15a63316064d68f6f96bde24b0ea3ccf19ad4b", "best_bid": "0.29", "best_ask": "0.31"}, {"asset_id": "107500384885909607304050643649917558350306280281655033419490834964564939230211", "price": "0.69", "size": "734.25", "side": "BUY", "hash": "3fd1a675dbdd6a068ed5b62359968496e0c7cfb1", "best_bid": "0.69", "best_ask": "0.71"}], "timestamp": "1769384153340", "event_type": "price_change"}}
