{"_local_timestamp": "2026-01-25T23:34:20.810551+00:00", "data": [{"market": "0xfd1be18abbc39bdf1b16659499488e584e6c06c7b1959b425b5fb4b046d01a33", "asset_id": "107500384885909607304050643649917558350306280281655033419490834964564939230211", "timestamp": "1769384059881", "hash": "a12bd5ef8e1bd4f9fad9442cdb1dde4ea5152f8e", "bids": [{"price": "0.01", "size": "6264.84"}, {"price": "0.02", "size": "2100"}, {"price": "0.03", "size": "10.28"}, {"price": "0.04", "size": "1750"}, {"price": "0.05", "size": "4120"}, {"price": "0.06", "size": "20"}, {"price": "0.07", "size": "914.28"}, {"price": "0.08", "size": "250"}, {"price": "0.1", "size": "950"}, {"price": "0.11", "size": "314.48"}, {"price": "0.14", "size": "228.57"}, {"price": "0.15", "size": "550"}, {"price": "0.16", "size": "1350"}, {"price": "0.18", "size": "155.55"}, {"price": "0.19", "size": "100"}, {"price": "0.21", "size": "173.8"}, {"price": "0.22", "size": "2008"}, {"price": "0.25", "size": "101.26"}, {"price": "0.28", "size": "71.42"}, {"price": "0.29", "size": "250"}, {"price": "0.32", "size": "5"}, {"price": "0.39", "size": "150"}, {"price": "0.4", "size": "5"}, {"price": "0.42", "size": "560"}, {"price": "0.5", "size": "16.68"}, {"price": "0.56", "size": "24.21"}, {"price": "0.6", "size": "488.87"}, {"price": "0.61", "size": "40"}, {"price": "0.64", "size": "569.31"}, {"price": "0.65", "size": "200"}, {"price": "0.67", "size": "3208.53"}, {"price": "0.68", "size": "5487.64"}, {"price": "0.69", "size": "816.25"}], "asks": [{"price": "0.99", "size": "52613.12"}, {"price": "0.98", "size": "2000"}, {"price": "0.97", "size": "7.78"}, {"price": "0.96", "size": "1250"}, {"price": "0.95", "size": "5020"}, {"price": "0.94", "size": "11.42"}, {"price": "0.8", "size": "10"}, {"price": "0.79", "size": "205"}, {"price": "0.78", "size": "535"}, {"price": "0.77", "size": "5"}, {"price": "0.76", "size": "5"}, {"price": "0.75", "size": "675.56"}, {"price": "0.73", "size": "2100.04"}, {"price": "0.72", "size": "3829.13"}, {"price": "0.71", "size": "1454.25"}], "event_type": "book", "last_trade_price": "0.690"}, {"market": "0xfd1be18abbc39bdf1b16659499488e584e6c06c7b1959b425b5fb4b046d01a33", "asset_id": "103398961297840085828551835161306488450071758711115916839536258902155858435669", "timestamp": "1769384059881", "hash": "7349bedcb47c29f431954c65a68ef9b704f96bce", "bids": [{"price": "0.01", "size": "52613.12"}, {"price": "0.02", "size": "2000"}, {"price": "0.03", "size": "7.78"}, {"price": "0.04", "size": "1250"}, {"price": "0.05", "size": "5020"}, {"price": "0.06", "size": "11.42"}, {"price": "0.2", "size": "10"}, {"price": "0.21", "size": "205"}, {"price": "0.22", "size": "535"}, {"price": "0.23", "size": "5"}, {"price": "0.24", "size": "5"}, {"price": "0.25", "size": "675.56"}, {"price": "0.27", "size": "2100.04"}, {"price": "0.28", "size": "3829.13"}, {"price": "0.29", "size": "1454.25"}], "asks": [{"price": "0.99", "size": "6264.84"}, {"price": "0.98", "size": "2100"}, {"price": "0.97", "size": "10.28"}, {"price": "0.96", "size": "1750"}, {"price": "0.95", "size": "4120"}, {"price": "0.94", "size": "20"}, {"price": "0.93", "size": "914.28"}, {"price": "0.92", "size": "250"}, {"price": "0.9", "size": "950"}, {"price": "0.89", "size": "314.48"}, {"price": "0.86", "size": "228.57"}, {"price": "0.85", "size": "550"}, {"price": "0.84", "size": "1350"}, {"price": "0.82", "size": "155.55"}, {"price": "0.81", "size": "100"}, {"price": "0.79", "size": "173.8"}, {"price": "0.78", "size": "2008"}, {"price": "0.75", "size": "101.26"}, {"price": "0.72", "size": "71.42"}, {"price": "0.71", "size": "250"}, {"price": "0.68", "size": "5"}, {"price": "0.61", "size": "150"}, {"price": "0.6", "size": "5"}, {"price": "0.58", "size": "560"}, {"price": "0.5", "size": "16.68"}, {"price": "0.44", "size": "24.21"}, {"price": "0.4", "size": "488.87"}, {"price": "0.39", "size": "40"}, {"price": "0.36", "size": "569.31"}, {"price": "0.35", "size": "200"}, {"price": "0.33", "size": "3208.53"}, {"price": "0.32", "size": "5487.64"}, {"price": "0.31", "size": "816.25"}], "event_type": "book", "last_trade_price": "0.690"}]}
{"_local_timestamp": "2026-01-25T23:34:21.415018+00:00", "data": {"market": "0xfd1be18abbc39bdf1b16659499488e584e6c06c7b1959b425b5fb4b046d01a33", "price_changes": [{"asset_id": "103398961297840085828551835161306488450071758711115916839536258902155858435669", "price": "0.31", "size": "734.25", "side": "SELL", "hash": "af02bf491096ccaa9b62aa7325f0ff2c3817c798", "best_bid": "0.29", "best_ask": "0.31"}, {"asset_id": "107500384885909607304050643649917558350306280281655033419490834964564939230211", "price": "0.69", "size": "734.25", "side": "BUY", "hash": "06b72f5bc83b4c51877d5b1290dbe90a90fdd8de", "best_bid": "0.69", "best_ask": "0.71"}], "timestamp": "1769384061345", "event_type": "price_change"}}
{"_local_timestamp": "2026-01-25T23:34:21.441583+00:00", "data": {"market": "0xfd1be18abbc39bdf1b16659499488e584e6c06c7b1959b425b5fb4b046d01a33", "price_changes": [{"asset_id": "103398961297840085828551835161306488450071758711115916839536258902155858435669", "price": "0.31", "size": "816.25", "side": "SELL", "hash": "09c2fb1d6795f3da4ae8493a8271cc27b95e5df4", "best_bid": "0.29", "best_ask": "0.31"}, {"asset_id": "107500384885909607304050643649917558350306280281655033419490834964564939230211", "price": "0.69", "size": "816.25", "side": "BUY", "hash": "34d417423d605fd20f7a8ff79e43d3f0f464273d", "best_bid": "0.69", "best_ask": "0.71"}], "timestamp": "1769384061371", "event_type": "price_change"}}
{"_local_timestamp": "2026-01-25T23:34:22.928715+00:00", "data": {"market": "0xfd1be18abbc39bdf1b16659499488e584e6c06c7b1959b425b5fb4b046d01a33", "price_changes": [{"asset_id": "103398961297840085828551835161306488450071758711115916839536258902155858435669", "price": "0.31", "size": "734.25", "side": "SELL", "hash": "f886805de6778e528d2f409431a6a21e18d5b357", "best_bid": "0.29", "best_ask": "0.31"}, {"asset_id": "107500384885909607304050643649917558350306280281655033419490834964564939230211", "price": "0.69", "size": "734.25", "side": "BUY", "hash": "6d9cf7fd00410f43180b6ab7743e2fbef1840ed8", "best_bid": "0.69", "best_ask": "0.71"}], "timestamp": "1769384062839", "event_type": "price_change"}}
{"_local_timestamp": "2026-01-25T23:34:22.966112+00:00", "data": {"market": "0xfd1be18abbc39bdf1b16659499488e584e6c06c7b1959b425b5fb4b046d01a33", "price_changes": [{"asset_id": "103398961297840085828551835161306488450071758711115916839536258902155858435669", "price": "0.31", "size": "816.25", "side": "SELL", "hash": "a616b861322f1b45b3c5d570c793afcccae5baeb", "best_bid": "0.29", "best_ask": "0.31"}, {"asset_id": "107500384885909607304050643649917558350306280281655033419490834964564939230211", "price": "0.69", "size": "816.25", "side": "BUY", "hash": "ed1120994ce43d25ec97e9fdb7466936d82908da", "best_bid": "0.69", "best_ask": "0.71"}], "timestamp": "1769384062875", "event_type": "price_change"}}
{"_local_timestamp": "2026-01-25T23:34:24.409778+00:00", "data": {"market": "0xfd1be18abbc39bdf1b16659499488e584e6c06c7b1959b425b5fb4b046d01a33", "price_changes": [{"asset_id": "103398961297840085828551835161306488450071758711115916839536258902155858435669", "price": "0.31", "size": "734.25", "side": "SELL", "hash": "1722b93ac47e9911afe32e697c897d54838ce9b5", "best_bid": "0.29", "best_ask": "0.31"}, {"asset_id": "107500384885909607304050643649917558350306280281655033419490834964564939230211", "price": "0.69", "size": "734.25", "side": "BUY", "hash": "f6b78ee6c27fbd1fdf22ac5dc1a7431904f7ff4f", "best_bid": "0.69", "best_ask": "0.71"}], "timestamp": "1769384064339", "event_type": "price_change"}}
{"_local_timestamp": "2026-01-25T23:34:24.441599+00:00", "data": {"market": "0xfd1be18abbc39bdf1b16659499488e584e6c06c7b1959b425b5fb4b046d01a33", "price_changes": [{"asset_id": "103398961297840085828551835161306488450071758711115916839536258902155858435669", "price": "0.31", "size": "816.25", "side": "SELL", "hash": "a449d6e8a60fbc11421621b4ec0f3fb7ebdd7e87", "best_bid": "0.29", "best_ask": "0.31"}, {"asset_id": "107500384885909607304050643649917558350306280281655033419490834964564939230211", "price": "0.69", "size": "816.25", "side": "BUY", "hash": "b498c45d4086556fb3577303f6516dea72f7dedc", "best_bid": "0.69", "best_ask": "0.71"}], "timestamp": "1769384064371", "event_type": "price_change"}}
{"_local_timestamp": "2026-01-25T23:34:25.940130+00:00", "data": {"market": "0xfd1be18abbc39bdf1b16659499488e584e6c06c7b1959b425b5fb4b046d01a33", "price_changes": [{"asset_id": "103398961297840085828551835161306488450071758711115916839536258902155858435669", "price": "0.31", "size": "734.25", "side": "SELL", "hash": "51d641aeb8954b2690bce2ff1b925b25b61e1507", "best_bid": "0.29", "best_ask": "0.31"}, {"asset_id": "107500384885909607304050643649917558350306280281655033419490834964564939230211", "price": "0.69", "size": "734.25", "side": "BUY", "hash": "7665e8f2d8020ac7661ea5227aa568f95d171e01", "best_bid": "0.69", "best_ask": "0.71"}], "timestamp": "1769384065862", "event_type": "price_change"}}
{"_local_timestamp": "2026-01-25T23:34:25.961725+00:00", "data": {"market": "0xfd1be18abbc39bdf1b16659499488e584e6c06c7b1959b425b5fb4b046d01a33", "price_changes": [{"asset_id": "103398961297840085828551835161306488450071758711115916839536258902155858435669", "price": "0.31", "size": "816.25", "side": "SELL", "hash": "11e468306ee8af23d397c5bde205b76171872289", "best_bid": "0.29", "best_ask": "0.31"}, {"asset_id": "107500384885909607304050643649917558350306280281655033419490834964564939230211", "price": "0.69", "size": "816.25", "side": "BUY", "hash": "51875d9248367d6b6bd8e00a01ae1136388da663", "best_bid": "0.69", "best_ask": "0.71"}], "timestamp": "1769384065896", "event_type": "price_change"}}
{"_local_timestamp": "2026-01-25T23:34:27.413907+00:00", "data": {"market": "0xfd1be18abbc39bdf1b16659499488e584e6c06c7b1959b425b5fb4b046d01a33", "price_changes": [{"asset_id": "103398961297840085828551835161306488450071758711115916839536258902155858435669", "price": "0.31", "size": "734.25", "side": "SELL", "hash": "3d5607ec226142a364cff1bb56e7ccf9ccd7bbe4", "best_bid": "0.29", "best_ask": "0.31"}, {"asset_id": "107500384885909607304050643649917558350306280281655033419490834964564939230211", "price": "0.69", "size": "734.25", "side": "BUY", "hash": "7de60b7ff0b42e921c7f2f13393d530f227da2aa", "best_bid": "0.69", "best_ask": "0.71"}], "timestamp": "1769384067341", "event_type": "price_change"}}
{"_local_timestamp": "2026-01-25T23:34:27.442341+00:00", "data": {"market": "0xfd1be18abbc39bdf1b16659499488e584e6c06c7b1959b425b5fb4b046d01a33", "price_changes": [{"asset_id": "103398961297840085828551835161306488450071758711115916839536258902155858435669", "price": "0.31", "size": "816.25", "side": "SELL", "hash": "d7d1caaf79b20b1e03db2f6aded33a4416b1221a", "best_bid": "0.29", "best_ask": "0.31"}, {"asset_id": "107500384885909607304050643649917558350306280281655033419490834964564939230211", "price": "0.69", "size": "816.25", "side": "BUY", "hash": "e0973570a1ab61b982cf7ddbe27ac2501542f25f", "best_bid": "0.69", "best_ask": "0.71"}], "timestamp": "1769384067368", "event_type": "price_change"}}
{"_local_timestamp": "2026-01-25T23:34:27.569327+00:00", "data": {"market": "0xfd1be18abbc39bdf1b16659499488e584e6c06c7b1959b425b5fb4b046d01a33", "price_changes": [{"asset_id": "107500384885909607304050643649917558350306280281655033419490834964564939230211", "price": "0.16", "size": "1200", "side": "BUY", "hash": "6a5141fe055b30bb83f177899c99376b4e29361a", "best_bid": "0.69", "best_ask": "0.71"}, {"asset_id": "103398961297840085828551835161306488450071758711115916839536258902155858435669", "price": "0.84", "size": "1200", "side": "SELL", "hash": "142f3b9c8d60235be33e8602240796d2bb09e1cb", "best_bid": "0.29", "best_ask": "0.31"}], "timestamp": "1769384067498", "event_type": "price_change"}}
{"_local_timestamp": "2026-01-25T23:34:28.324253+00:00", "data": {"market": "0xfd1be18abbc39bdf1b16659499488e584e6c06c7b1959b425b5fb4b046d01a33", "price_changes": [{"asset_id": "107500384885909607304050643649917558350306280281655033419490834964564939230211", "price": "0.19", "size": "250", "side": "BUY", "hash": "e5ef702cb81f4e3b275cc3d3b04c10142febdecc", "best_bid": "0.69", "best_ask": "0.71"}, {"asset_id": "103398961297840085828551835161306488450071758711115916839536258902155858435669", "price": "0.81", "size": "250", "side": "SELL", "hash": "404ca0fddb49999d9e538213f8abe01e05c07435", "best_bid": "0.29", "best_ask": "0.31"}], "timestamp": "1769384068083", "event_type": "price_change"}}
{"_local_timestamp": "2026-01-25T23:34:29.101609+00:00", "data": {"market": "0xfd1be18abbc39bdf1b16659499488e584e6c06c7b1959b425b5fb4b046d01a33", "price_changes": [{"asset_id": "103398961297840085828551835161306488450071758711115916839536258902155858435669", "price": "0.31", "size": "734.25", "side": "SELL", "hash": "552d592e68a7039190886b81a7eec0e2b799efeb", "best_bid": "0.29", "best_ask": "0.31"}, {"asset_id": "107500384885909607304050643649917558350306280281655033419490834964564939230211", "price": "0.69", "size": "734.25", "side": "BUY", "hash": "c91d6fcb935f54d866104293504f7af7185772c6", "best_bid": "0.69", "best_ask": "0.71"}], "timestamp": "1769384068842", "event_type": "price_change"}}
{"_local_timestamp": "2026-01-25T23:34:29.119842+00:00", "data": {"market": "0xfd1be18abbc39bdf1b16659499488e584e6c06c7b1959b425b5fb4b046d01a33", "price_changes": [{"asset_id": "103398961297840085828551835161306488450071758711115916839536258902155858435669", "price": "0.31", "size": "816.25", "side": "SELL", "hash": "5eea0b21d0c70780729d97158b3d8c69d8ef27da", "best_bid": "0.29", "best_ask": "0.31"}, {"asset_id": "107500384885909607304050643649917558350306280281655033419490834964564939230211", "price": "0.69", "size": "816.25", "side": "BUY", "hash": "d29b949af51ec8033cf791617e62814dab4b859e", "best_bid": "0.69", "best_ask": "0.71"}], "timestamp": "1769384068872", "event_type": "price_change"}}
{"_local_timestamp": "2026-01-25T23:34:30.522268+00:00", "data": {"market": "0xfd1be18abbc39bdf1b16659499488e584e6c06c7b1959b425b5fb4b046d01a33", "price_changes": [{"asset_id": "103398961297840085828551835161306488450071758711115916839536258902155858435669", "price": "0.31", "size": "734.25", "side": "SELL", "hash": "385938f9e19358ab1487e584062c806aeb739048", "best_bid": "0.29", "best_ask": "0.31"}, {"asset_id": "107500384885909607304050643649917558350306280281655033419490834964564939230211", "price": "0.69", "size": "734.25", "side": "BUY", "hash": "bf9977cd532106d4aa3fb215a48d8144c49a3d2e", "best_bid": "0.69", "best_ask": "0.71"}], "timestamp": "1769384070349", "event_type": "price_change"}}
{"_local_timestamp": "2026-01-25T23:34:30.550938+00:00", "data": {"market": "0xfd1be18abbc39bdf1b16659499488e584e6c06c7b1959b425b5fb4b046d01a33", "price_changes": [{"asset_id": "103398961297840085828551835161306488450071758711115916839536258902155858435669", "price": "0.31", "size": "816.25", "side": "SELL", "hash": "ca8c29844e6315b1a223cc32320d904abd6c014f", "best_bid": "0.29", "best_ask": "0.31"}, {"asset_id": "107500384885909607304050643649917558350306280281655033419490834964564939230211", "price": "0.69", "size": "816.25", "side": "BUY", "hash": "f3a5364815807d8e04b868176f4fdf7390642936", "best_bid": "0.69", "best_ask": "0.71"}], "timestamp": "1769384070377", "event_type": "price_change"}}
{"_local_timestamp": "2026-01-25T23:34:31.908968+00:00", "data": {"market": "0xfd1be18abbc39bdf1b16659499488e584e6c06c7b1959b425b5fb4b046d01a33", "price_changes": [{"asset_id": "103398961297840085828551835161306488450071758711115916839536258902155858435669", "price": "0.31", "size": "734.25", "side": "SELL", "hash": "299fedc151e3a70289bb5543318248862879764e", "best_bid": "0.29", "best_ask": "0.31"}, {"asset_id": "107500384885909607304050643649917558350306280281655033419490834964564939230211", "price": "0.69", "size": "734.25", "side": "BUY", "hash": "c6cecab6ab58a9ded16404c6fa0723bfac7b863a", "best_bid": "0.69", "best_ask": "0.71"}], "timestamp": "1769384071840", "event_type": "price_change"}}
{"_local_timestamp": "2026-01-25T23:34:31.949618+00:00", "data": {"market": "0xfd1be18abbc39bdf1b16659499488e584e6c06c7b1959b425b5fb4b046d01a33", "price_changes": [{"asset_id": "103398961297840085828551835161306488450071758711115916839536258902155858435669", "price": "0.31", "size": "816.25", "side": "SELL", "hash": "d7ca92db2da9bb3da7c6b7e7f900432ac5de65de", "best_bid": "0.29", "best_ask": "0.31"}, {"asset_id": "107500384885909607304050643649917558350306280281655033419490834964564939230211", "price": "0.69", "size": "816.25", "side": "BUY", "hash": "b35e45a523071518ecd74076a6012a5a68bd347d", "best_bid": "0.69", "best_ask": "0.71"}], "timestamp": "1769384071880", "event_type": "price_change"}}
{"_local_timestamp": "2026-01-25T23:34:33.413850+00:00", "data": {"market": "0xfd1be18abbc39bdf1b16659499488e584e6c06c7b1959b425b5fb4b046d01a33", "price_changes": [{"asset_id": "103398961297840085828551835161306488450071758711115916839536258902155858435669", "price": "0.31", "size": "734.25", "side": "SELL", "hash": "c1d0c744703611f7da284bb6ce74a6b4feb746fe", "best_bid": "0.29", "best_ask": "0.31"}, {"asset_id": "107500384885909607304050643649917558350306280281655033419490834964564939230211", "price": "0.69", "size": "734.25", "side": "BUY", "hash": "54268fb0d08b3f3f7125fd3b4e8ef294b318f2a2", "best_bid": "0.69", "best_ask": "0.71"}], "timestamp": "1769384073346", "event_type": "price_change"}}
{"_local_timestamp": "2026-01-25T23:34:33.454484+00:00", "data": {"market": "0xfd1be18abbc39bdf1b16659499488e584e6c06c7b1959b425b5fb4b046d01a33", "price_changes": [{"asset_id": "103398961297840085828551835161306488450071758711115916839536258902155858435669", "price": "0.31", "size": "816.25", "side": "SELL", "hash": "d545babffeeadb4f6a73587bdc6baa74eef02368", "best_bid": "0.29", "best_ask": "0.31"}, {"asset_id": "107500384885909607304050643649917558350306280281655033419490834964564939230211", "price": "0.69", "size": "816.25", "side": "BUY", "hash": "20804a060b757701a3bdb368b94f0e1d604c9b27", "best_bid": "0.69", "best_ask": "0.71"}], "timestamp": "1769384073382", "event_type": "price_change"}}
{"_local_timestamp": "2026-01-25T23:34:34.906763+00:00", "data": {"market": "0xfd1be18abbc39bdf1b16659499488e584e6c06c7b1959b425b5fb4b046d01a33", "price_changes": [{"asset_id": "103398961297840085828551835161306488450071758711115916839536258902155858435669", "price": "0.31", "size": "734.25", "side": "SELL", "hash": "9d959d6e7204b740d043b31e15ec45f72c06fdd5", "best_bid": "0.29", "best_ask": "0.31"}, {"asset_id": "107500384885909607304050643649917558350306280281655033419490834964564939230211", "price": "0.69", "size": "734.25", "side": "BUY", "hash": "576a6715b73407cf5dd3d31a0593c50e46fce643", "best_bid": "0.69", "best_ask": "0.71"}], "timestamp": "1769384074839", "event_type": "price_change"}}
{"_local_timestamp": "2026-01-25T23:34:34.943595+00:00", "data": {"market": "0xfd1be18abbc39bdf1b16659499488e584e6c06c7b1959b425b5fb4b046d01a33", "price_changes": [{"asset_id": "103398961297840085828551835161306488450071758711115916839536258902155858435669", "price": "0.31", "size": "816.25", "side": "SELL", "hash": "d7ef0394cde3d15ddc1587555567388c9ce40e26", "best_bid": "0.29", "best_ask": "0.31"}, {"asset_id": "107500384885909607304050643649917558350306280281655033419490834964564939230211", "price": "0.69", "size": "816.25", "side": "BUY", "hash": "fb83b03511f563d7b024f70b8dde0643664dce6e", "best_bid": "0.69", "best_ask": "0.71"}], "timestamp": "1769384074867", "event_type": "price_change"}}
{"_local_timestamp": "2026-01-25T23:34:36.400899+00:00", "data": {"market": "0xfd1be18abbc39bdf1b16659499488e584e6c06c7b1959b425b5fb4b046d01a33", "price_changes": [{"asset_id": "103398961297840085828551835161306488450071758711115916839536258902155858435669", "price": "0.31", "size": "734.25", "side": "SELL", "hash": "0adb35e043b4fb8d521c150f1027b3e32a0403ec", "best_bid": "0.29", "best_ask": "0.31"}, {"asset_id": "107500384885909607304050643649917558350306280281655033419490834964564939230211", "price": "0.69", "size": "734.25", "side": "BUY", "hash": "bfef0271b0d412844381c6e9394607ed02d13513", "best_bid": "0.69", "best_ask": "0.71"}], "timestamp": "1769384076338", "event_type": "price_change"}}
{"_local_timestamp": "2026-01-25T23:34:36.442257+00:00", "data": {"market": "0xfd1be18abbc39bdf1b16659499488e584e6c06c7b1959b425b5fb4b046d01a33", "price_changes": [{"asset_id": "103398961297840085828551835161306488450071758711115916839536258902155858435669", "price": "0.31", "size": "816.25", "side": "SELL", "hash": "cee9391d657bfc16bd409b6c7bb4f305b109fb09", "best_bid": "0.29", "best_ask": "0.31"}, {"asset_id": "107500384885909607304050643649917558350306280281655033419490834964564939230211", "price": "0.69", "size": "816.25", "side": "BUY", "hash": "78633b6ae5bbfb154460c5ff1141ba260d4c38f2", "best_bid": "0.69", "best_ask": "0.71"}], "timestamp": "1769384076377", "event_type": "price_change"}}
{"_local_timestamp": "2026-01-25T23:34:37.936804+00:00", "data": {"market": "0xfd1be18abbc39bdf1b16659499488e584e6c06c7b1959b425b5fb4b046d01a33", "price_changes": [{"asset_id": "103398961297840085828551835161306488450071758711115916839536258902155858435669", "price": "0.31", "size": "734.25", "side": "SELL", "hash": "b2bf90ee7c112cdec4681fd12002f29cafe7f5e3", "best_bid": "0.29", "best_ask": "0.31"}, {"asset_id": "107500384885909607304050643649917558350306280281655033419490834964564939230211", "price": "0.69", "size": "734.25", "side": "BUY", "hash": "76fe802160e5690c1c4b7ad96c427fd0d6845de6", "best_bid": "0.69", "best_ask": "0.71"}], "timestamp": "1769384077840", "event_type": "price_change"}}
{"_local_timestamp": "2026-01-25T23:34:37.937247+00:00", "data": {"market": "0xfd1be18abbc39bdf1b16659499488e584e6c06c7b1959b425b5fb4b046d01a33", "price_changes": [{"asset_id": "103398961297840085828551835161306488450071758711115916839536258902155858435669", "price": "0.31", "size": "816.25", "side": "SELL", "hash": "7152c612226577dd0db13332bbb53d9fd39cef6b", "best_bid": "0.29", "best_ask": "0.31"}, {"asset_id": "107500384885909607304050643649917558350306280281655033419490834964564939230211", "price": "0.69", "size": "816.25", "side": "BUY", "hash": "e7b44fc8e7ff0aa28b0e5556dc60e927410803d6", "best_bid": "0.69", "best_ask": "0.71"}], "timestamp": "1769384077869", "event_type": "price_change"}}
{"_local_timestamp": "2026-01-25T23:34:39.449442+00:00", "data": {"market": "0xfd1be18abbc39bdf1b16659499488e584e6c06c7b1959b425b5fb4b046d01a33", "price_changes": [{"asset_id": "103398961297840085828551835161306488450071758711115916839536258902155858435669", "price": "0.31", "size": "734.25", "side": "SELL", "hash": "883fe72a0561d2c1570559117773477396949b24", "best_bid": "0.29", "best_ask": "0.31"}, {"asset_id": "107500384885909607304050643649917558350306280281655033419490834964564939230211", "price": "0.69", "size": "734.25", "side": "BUY", "hash": "9f8bf60122fcf7c705c547bb26d7fdbd636ab05c", "best_bid": "0.69", "best_ask": "0.71"}], "timestamp": "1769384079340", "event_type": "price_change"}}
{"_local_timestamp": "2026-01-25T23:34:39.457245+00:00", "data": {"market": "0xfd1be18abbc39bdf1b16659499488e584e6c06c7b1959b425b5fb4b046d01a33", "price_changes": [{"asset_id": "103398961297840085828551835161306488450071758711115916839536258902155858435669", "price": "0.31", "size": "816.25", "side": "SELL", "hash": "21fed47bb8f28a884652c0a44dc24d6b1d171ec0", "best_bid": "0.29", "best_ask": "0.31"}, {"asset_id": "107500384885909607304050643649917558350306280281655033419490834964564939230211", "price": "0.69", "size": "816.25", "side": "BUY", "hash": "eb34599aa0c6d2c59c97ee3dc5e1ad2fc9643ffc", "best_bid": "0.69", "best_ask": "0.71"}], "timestamp": "1769384079367", "event_type": "price_change"}}
{"_local_timestamp": "2026-01-25T23:34:40.913612+00:00", "data": {"market": "0xfd1be18abbc39bdf1b16659499488e584e6c06c7b1959b425b5fb4b046d01a33", "price_changes": [{"asset_id": "103398961297840085828551835161306488450071758711115916839536258902155858435669", "price": "0.31", "size": "734.25", "side": "SELL", "hash": "01f5b49685da5a9d0e845c0a6942e4f2ff11c795", "best_bid": "0.29", "best_ask": "0.31"}, {"asset_id": "107500384885909607304050643649917558350306280281655033419490834964564939230211", "price": "0.69", "size": "734.25", "side": "BUY", "hash": "a99b376b78d7171622649b8c931042c8a9430216", "best_bid": "0.69", "best_ask": "0.71"}], "timestamp": "1769384080844", "event_type": "price_change"}}
{"_local_timestamp": "2026-01-25T23:34:40.951431+00:00", "data": {"market": "0xfd1be18abbc39bdf1b16659499488e584e6c06c7b1959b425b5fb4b046d01a33", "price_changes": [{"asset_id": "103398961297840085828551835161306488450071758711115916839536258902155858435669", "price": "0.31", "size": "816.25", "side": "SELL", "hash": "245a963844d8a3de0166e84736f4fc9e262a8cbe", "best_bid": "0.29", "best_ask": "0.31"}, {"asset_id": "107500384885909607304050643649917558350306280281655033419490834964564939230211", "price": "0.69", "size": "816.25", "side": "BUY", "hash": "8c19d36a49aba7e3479dd0eb0ce49c1477e87462", "best_bid": "0.69", "best_ask": "0.71"}], "timestamp": "1769384080872", "event_type": "price_change"}}
{"_local_timestamp": "2026-01-25T23:34:42.409284+00:00", "data": {"market": "0xfd1be18abbc39bdf1b16659499488e584e6c06c7b1959b425b5fb4b046d01a33", "price_changes": [{"asset_id": "103398961297840085828551835161306488450071758711115916839536258902155858435669", "price": "0.31", "size": "734.25", "side": "SELL", "hash": "10e7d01f2d8a32f766150c50ca73e661edc93e12", "best_bid": "0.29", "best_ask": "0.31"}, {"asset_id": "107500384885909607304050643649917558350306280281655033419490834964564939230211", "price": "0.69", "size": "734.25", "side": "BUY", "hash": "7659f01a2352f2130c8cda41ec519dc8712c05d8", "best_bid": "0.69", "best_ask": "0.71"}], "timestamp": "1769384082345", "event_type": "price_change"}}
{"_local_timestamp": "2026-01-25T23:34:42.442831+00:00", "data": {"market": "0xfd1be18abbc39bdf1b16659499488e584e6c06c7b1959b425b5fb4b046d01a33", "price_changes": [{"asset_id": "103398961297840085828551835161306488450071758711115916839536258902155858435669", "price": "0.31", "size": "816.25", "side": "SELL", "hash": "2ccee02363ae6723b42c3c858b6a1ca9966ab596", "best_bid": "0.29", "best_ask": "0.31"}, {"asset_id": "107500384885909607304050643649917558350306280281655033419490834964564939230211", "price": "0.69", "size": "816.25", "side": "BUY", "hash": "2be9b5e620f7efd3bbb91b5049406cf16853814b", "best_bid": "0.69", "best_ask": "0.71"}], "timestamp": "1769384082371", "event_type": "price_change"}}
{"_local_timestamp": "2026-01-25T23:34:43.923333+00:00", "data": {"market": "0xfd1be18abbc39bdf1b16659499488e584e6c06c7b1959b425b5fb4b046d01a33", "price_changes": [{"asset_id": "103398961297840085828551835161306488450071758711115916839536258902155858435669", "price": "0.31", "size": "734.25", "side": "SELL", "hash": "102c11b373d9266e93cbde2207414787496805e8", "best_bid": "0.29", "best_ask": "0.31"}, {"asset_id": "107500384885909607304050643649917558350306280281655033419490834964564939230211", "price": "0.69", "size": "734.25", "side": "BUY", "hash": "5289a0aa5cc97dbff7211b4cee2918950ec10103", "best_bid": "0.69", "best_ask": "0.71"}], "timestamp": "1769384083841", "event_type": "price_change"}}
{"_local_timestamp": "2026-01-25T23:34:43.936622+00:00", "data": {"market": "0xfd1be18abbc39bdf1b16659499488e584e6c06c7b1959b425b5fb4b046d01a33", "price_changes": [{"asset_id": "103398961297840085828551835161306488450071758711115916839536258902155858435669", "price": "0.31", "size": "816.25", "side": "SELL", "hash": "68a25e791309725915c3867106565306a5a3d7e9", "best_bid": "0.29", "best_ask": "0.31"}, {"asset_id": "107500384885909607304050643649917558350306280281655033419490834964564939230211", "price": "0.69", "size": "816.25", "side": "BUY", "hash": "bfd853a5a3755f5263489b10bdf99c70e8f059fa", "best_bid": "0.69", "best_ask": "0.71"}], "timestamp": "1769384083868", "event_type": "price_change"}}
{"_local_timestamp": "2026-01-25T23:34:45.409024+00:00", "data": {"market": "0xfd1be18abbc39bdf1b16659499488e584e6c06c7b1959b425b5fb4b046d01a33", "price_changes": [{"asset_id": "103398961297840085828551835161306488450071758711115916839536258902155858435669", "price": "0.31", "size": "734.25", "side": "SELL", "hash": "9628dbecff4db66d5e0df3abf22edc958498454d", "best_bid": "0.29", "best_ask": "0.31"}, {"asset_id": "107500384885909607304050643649917558350306280281655033419490834964564939230211", "price": "0.69", "size": "734.25", "side": "BUY", "hash": "076822c223d0ab3c3207e810b87ed5ac607fcd0d", "best_bid": "0.69", "best_ask": "0.71"}], "timestamp": "1769384085343", "event_type": "price_change"}}
{"_local_timestamp": "2026-01-25T23:34:45.441875+00:00", "data": {"market": "0xfd1be18abbc39bdf1b16659499488e584e6c06c7b1959b425b5fb4b046d01a33", "price_changes": [{"asset_id": "103398961297840085828551835161306488450071758711115916839536258902155858435669", "price": "0.31", "size": "816.25", "side": "SELL", "hash": "eec519b06b59058f966b05533745f4af0444d8e6", "best_bid": "0.29", "best_ask": "0.31"}, {"asset_id": "107500384885909607304050643649917558350306280281655033419490834964564939230211", "price": "0.69", "size": "816.25", "side": "BUY", "hash": "1faa220c1325380b83fcfc2c7fc5254637dedbe7", "best_bid": "0.69", "best_ask": "0.71"}], "timestamp": "1769384085375", "event_type": "price_change"}}
{"_local_timestamp": "2026-01-25T23:34:46.911284+00:00", "data": {"market": "0xfd1be18abbc39bdf1b16659499488e584e6c06c7b1959b425b5fb4b046d01a33", "price_changes": [{"asset_id": "103398961297840085828551835161306488450071758711115916839536258902155858435669", "price": "0.31", "size": "734.25", "side": "SELL", "hash": "411fe6a03b86774d8a684ea3c259157eb37320f7", "best_bid": "0.29", "best_ask": "0.31"}, {"asset_id": "107500384885909607304050643649917558350306280281655033419490834964564939230211", "price": "0.69", "size": "734.25", "side": "BUY", "hash": "4c7fb51a7969232370cf3b5e3c7aaab96c191f92", "best_bid": "0.69", "best_ask": "0.71"}], "timestamp": "1769384086841", "event_type": "price_change"}}
{"_local_timestamp": "2026-01-25T23:34:46.937335+00:00", "data": {"market": "0xfd1be18abbc39bdf1b16659499488e584e6c06c7b1959b425b5fb4b046d01a33", "price_changes": [{"asset_id": "103398961297840085828551835161306488450071758711115916839536258902155858435669", "price": "0.31", "size": "816.25", "side": "SELL", "hash": "d80157cc3d533c6d34e5a62ee21e7985ceefec5c", "best_bid": "0.29", "best_ask": "0.31"}, {"asset_id": "107500384885909607304050643649917558350306280281655033419490834964564939230211", "price": "0.69", "size": "816.25", "side": "BUY", "hash": "505a82f35c0f032ac1e862d12cb496eea361f057", "best_bid": "0.69", "best_ask": "0.71"}], "timestamp": "1769384086870", "event_type": "price_change"}}
{"_local_timestamp": "2026-01-25T23:34:48.405990+00:00", "data": {"market": "0xfd1be18abbc39bdf1b16659499488e584e6c06c7b1959b425b5fb4b046d01a33", "price_changes": [{"asset_id": "103398961297840085828551835161306488450071758711115916839536258902155858435669", "price": "0.31", "size": "734.25", "side": "SELL", "hash": "daab0cbdb1f4a7af1a51c71f776e04050cbaf46b", "best_bid": "0.29", "best_ask": "0.31"}, {"asset_id": "107500384885909607304050643649917558350306280281655033419490834964564939230211", "price": "0.69", "size": "734.25", "side": "BUY", "hash": "42fe4779aad0fdfe9f5f03cb97d4680c321adf27", "best_bid": "0.69", "best_ask": "0.71"}], "timestamp": "1769384088339", "event_type": "price_change"}}
{"_local_timestamp": "2026-01-25T23:34:48.477973+00:00", "data": {"market": "0xfd1be18abbc39bdf1b16659499488e584e6c06c7b1959b425b5fb4b046d01a33", "price_changes": [{"asset_id": "103398961297840085828551835161306488450071758711115916839536258902155858435669", "price": "0.31", "size": "816.25", "side": "SELL", "hash": "1feb085ae521fa756611bafce3a2f1a6fbacf135", "best_bid": "0.29", "best_ask": "0.31"}, {"asset_id": "107500384885909607304050643649917558350306280281655033419490834964564939230211", "price": "0.69", "size": "816.25", "side": "BUY", "hash": "a9278ddb60c03298cc5a88a08136d1ff43933f5d", "best_bid": "0.69", "best_ask": "0.71"}], "timestamp": "1769384088412", "event_type": "price_change"}}
{"_local_timestamp": "2026-01-25T23:34:49.913127+00:00", "data": {"market": "0xfd1be18abbc39bdf1b16659499488e584e6c06c7b1959b425b5fb4b046d01a33", "price_changes": [{"asset_id": "103398961297840085828551835161306488450071758711115916839536258902155858435669", "price": "0.31", "size": "734.25", "side": "SELL", "hash": "eba3c0a4012a885ed6e62837204a5e8f7087b2cd", "best_bid": "0.29", "best_ask": "0.31"}, {"asset_id": "107500384885909607304050643649917558350306280281655033419490834964564939230211", "price": "0.69", "size": "734.25", "side": "BUY", "hash": "77417ab3b2cb6f2e4336fc3d8fd9b9f7af158f45", "best_bid": "0.69", "best_ask": "0.71"}], "timestamp": "1769384089841", "event_type": "price_change"}}
{"_local_timestamp": "2026-01-25T23:34:49.934405+00:00", "data": {"market": "0xfd1be18abbc39bdf1b16659499488e584e6c06c7b1959b425b5fb4b046d01a33", "price_changes": [{"asset_id": "103398961297840085828551835161306488450071758711115916839536258902155858435669", "price": "0.31", "size": "816.25", "side": "SELL", "hash": "b954891060b707b4c3795e193d0cb0d41f65d868", "best_bid": "0.29", "best_ask": "0.31"}, {"asset_id": "107500384885909607304050643649917558350306280281655033419490834964564939230211", "price": "0.69", "size": "816.25", "side": "BUY", "hash": "b9c4d810d6801f8420eef691a65c02a3af13122e", "best_bid": "0.69", "best_ask": "0.71"}], "timestamp": "1769384089868", "event_type": "price_change"}}
{"_local_timestamp": "2026-01-25T23:34:51.412685+00:00", "data": {"market": "0xfd1be18abbc39bdf1b16659499488e584e6c06c7b1959b425b5fb4b046d01a33", "price_changes": [{"asset_id": "103398961297840085828551835161306488450071758711115916839536258902155858435669", "price": "0.31", "size": "734.25", "side": "SELL", "hash": "7f786e763b1de5c6ff8c9b798521114ca1e950c8", "best_bid": "0.29", "best_ask": "0.31"}, {"asset_id": "107500384885909607304050643649917558350306280281655033419490834964564939230211", "price": "0.69", "size": "734.25", "side": "BUY", "hash": "a4d8e1e37a48e2a4e4ab9494069584eef8e3fca9", "best_bid": "0.69", "best_ask": "0.71"}], "timestamp": "1769384091346", "event_type": "price_change"}}
{"_local_timestamp": "2026-01-25T23:34:51.448759+00:00", "data": {"market": "0xfd1be18abbc39bdf1b16659499488e584e6c06c7b1959b425b5fb4b046d01a33", "price_changes": [{"asset_id": "103398961297840085828551835161306488450071758711115916839536258902155858435669", "price": "0.31", "size": "816.25", "side": "SELL", "hash": "e16345c8187639ffc22ad89189b9f2cd6e065b4c", "best_bid": "0.29", "best_ask": "0.31"}, {"asset_id": "107500384885909607304050643649917558350306280281655033419490834964564939230211", "price": "0.69", "size": "816.25", "side": "BUY", "hash": "30626a711db95662727b031b775041542ff6408c", "best_bid": "0.69", "best_ask": "0.71"}], "timestamp": "1769384091378", "event_type": "price_change"}}
{"_local_timestamp": "2026-01-25T23:34:52.916807+00:00", "data": {"market": "0xfd1be18abbc39bdf1b16659499488e584e6c06c7b1959b425b5fb4b046d01a33", "price_changes": [{"asset_id": "103398961297840085828551835161306488450071758711115916839536258902155858435669", "price": "0.31", "size": "734.25", "side": "SELL", "hash": "14be231c7076176ccaf7206518c40ad87009aa31", "best_bid": "0.29", "best_ask": "0.31"}, {"asset_id": "107500384885909607304050643649917558350306280281655033419490834964564939230211", "price": "0.69", "size": "734.25", "side": "BUY", "hash": "11b1f5516dc2b93e7327711149234c68107fdf92", "best_bid": "0.69", "best_ask": "0.71"}], "timestamp": "1769384092851", "event_type": "price_change"}}
{"_local_timestamp": "2026-01-25T23:34:52.952962+00:00", "data": {"market": "0xfd1be18abbc39bdf1b16659499488e584e6c06c7b1959b425b5fb4b046d01a33", "price_changes": [{"asset_id": "103398961297840085828551835161306488450071758711115916839536258902155858435669", "price": "0.31", "size": "816.25", "side": "SELL", "hash": "9e27abcada254f36ac2cf8489466209a2c89781e", "best_bid": "0.29", "best_ask": "0.31"}, {"asset_id": "107500384885909607304050643649917558350306280281655033419490834964564939230211", "price": "0.69", "size": "816.25", "side": "BUY", "hash": "eea9ccb0e242d4f089b7b02b2eda943a99190adc", "best_bid": "0.69", "best_ask": "0.71"}], "timestamp": "1769384092879", "event_type": "price_change"}}
{"_local_timestamp": "2026-01-25T23:34:54.417273+00:00", "data": {"market": "0xfd1be18abbc39bdf1b16659499488e584e6c06c7b1959b425b5fb4b046d01a33", "price_changes": [{"asset_id": "103398961297840085828551835161306488450071758711115916839536258902155858435669", "price": "0.31", "size": "734.25", "side": "SELL", "hash": "56e3a7b1b93d87c05539c48f8083e47691fdbf3d", "best_bid": "0.29", "best_ask": "0.31"}, {"asset_id": "107500384885909607304050643649917558350306280281655033419490834964564939230211", "price": "0.69", "size": "734.25", "side": "BUY", "hash": "ba4e9b50e125bcc6778ce619b9b902afe5639627", "best_bid": "0.69", "best_ask": "0.71"}], "timestamp": "1769384094351", "event_type": "price_change"}}
{"_local_timestamp": "2026-01-25T23:34:54.452338+00:00", "data": {"market": "0xfd1be18abbc39bdf1b16659499488e584e6c06c7b1959b425b5fb4b046d01a33", "price_changes": [{"asset_id": "103398961297840085828551835161306488450071758711115916839536258902155858435669", "price": "0.31", "size": "816.25", "side": "SELL", "hash": "1c30b6f00b3cde8a83084cf8fd3c03ca2270e66a", "best_bid": "0.29", "best_ask": "0.31"}, {"asset_id": "107500384885909607304050643649917558350306280281655033419490834964564939230211", "price": "0.69", "size": "816.25", "side": "BUY", "hash": "fd6631542ddee983714234c3d9c944ef36e14826", "best_bid": "0.69", "best_ask": "0.71"}], "timestamp": "1769384094388", "event_type": "price_change"}}
{"_local_timestamp": "2026-01-25T23:34:55.913284+00:00", "data": {"market": "0xfd1be18abbc39bdf1b16659499488e584e6c06c7b1959b425b5fb4b046d01a33", "price_changes": [{"asset_id": "103398961297840085828551835161306488450071758711115916839536258902155858435669", "price": "0.31", "size": "734.25", "side": "SELL", "hash": "2c48d8795e7ca478610e0c1169d68de903b3cef7", "best_bid": "0.29", "best_ask": "0.31"}, {"asset_id": "107500384885909607304050643649917558350306280281655033419490834964564939230211", "price": "0.69", "size": "734.25", "side": "BUY", "hash": "260b193757bb444f0ed94bf6d82fcbb6cc1345af", "best_bid": "0.69", "best_ask": "0.71"}], "timestamp": "1769384095839", "event_type": "price_change"}}
{"_local_timestamp": "2026-01-25T23:34:55.937601+00:00", "data": {"market": "0xfd1be18abbc39bdf1b16659499488e584e6c06c7b1959b425b5fb4b046d01a33", "price_changes": [{"asset_id": "103398961297840085828551835161306488450071758711115916839536258902155858435669", "price": "0.31", "size": "816.25", "side": "SELL", "hash": "09fa161e0e438b6fa7d96900f6bc330f51a05f83", "best_bid": "0.29", "best_ask": "0.31"}, {"asset_id": "107500384885909607304050643649917558350306280281655033419490834964564939230211", "price": "0.69", "size": "816.25", "side": "BUY", "hash": "da3592afdce58657e7e0994ce217314d9e00190e", "best_bid": "0.69", "best_ask": "0.71"}], "timestamp": "1769384095870", "event_type": "price_change"}}
{"_local_timestamp": "2026-01-25T23:34:57.417355+00:00", "data": {"market": "0xfd1be18abbc39bdf1b16659499488e584e6c06c7b1959b425b5fb4b046d01a33", "price_changes": [{"asset_id": "103398961297840085828551835161306488450071758711115916839536258902155858435669", "price": "0.31", "size": "734.25", "side": "SELL", "hash": "9c3ba0f5820ff278dd79f3e88d8662c5c5bb6d1c", "best_bid": "0.29", "best_ask": "0.31"}, {"asset_id": "107500384885909607304050643649917558350306280281655033419490834964564939230211", "price": "0.69", "size": "734.25", "side": "BUY", "hash": "4fdc9909336c3512b7672da2f8249cb051e56c06", "best_bid": "0.69", "best_ask": "0.71"}], "timestamp": "1769384097350", "event_type": "price_change"}}
{"_local_timestamp": "2026-01-25T23:34:57.443673+00:00", "data": {"market": "0xfd1be18abbc39bdf1b16659499488e584e6c06c7b1959b425b5fb4b046d01a33", "price_changes": [{"asset_id": "103398961297840085828551835161306488450071758711115916839536258902155858435669", "price": "0.31", "size": "816.25", "side": "SELL", "hash": "c3c1bec399d55c9a3a1ec2ebb34e362fd0c96d52", "best_bid": "0.29", "best_ask": "0.31"}, {"asset_id": "107500384885909607304050643649917558350306280281655033419490834964564939230211", "price": "0.69", "size": "816.25", "side": "BUY", "hash": "ac12067722fdbd43f4bd030776a30dc640077705", "best_bid": "0.69", "best_ask": "0.71"}], "timestamp": "1769384097377", "event_type": "price_change"}}
{"_local_timestamp": "2026-01-25T23:34:58.904980+00:00", "data": {"market": "0xfd1be18abbc39bdf1b16659499488e584e6c06c7b1959b425b5fb4b046d01a33", "price_changes": [{"asset_id": "103398961297840085828551835161306488450071758711115916839536258902155858435669", "price": "0.31", "size": "734.25", "side": "SELL", "hash": "bf247291bd9b3ff962f30c9c2b13dd8f50bbf895", "best_bid": "0.29", "best_ask": "0.31"}, {"asset_id": "107500384885909607304050643649917558350306280281655033419490834964564939230211", "price": "0.69", "size": "734.25", "side": "BUY", "hash": "6a56d172bb035b0f37e3dcedef67131c62c23b5a", "best_bid": "0.69", "best_ask": "0.71"}], "timestamp": "1769384098840", "event_type": "price_change"}}
{"_local_timestamp": "2026-01-25T23:34:58.954111+00:00", "data": {"market": "0xfd1be18abbc39bdf1b16659499488e584e6c06c7b1959b425b5fb4b046d01a33", "price_changes": [{"asset_id": "103398961297840085828551835161306488450071758711115916839536258902155858435669", "price": "0.31", "size": "816.25", "side": "SELL", "hash": "88212e07a2087f01852e58f39506eff6b0fad88b", "best_bid": "0.29", "best_ask": "0.31"}, {"asset_id": "107500384885909607304050643649917558350306280281655033419490834964564939230211", "price": "0.69", "size": "816.25", "side": "BUY", "hash": "ff21ebba12a56dcfeae7a849dfe40b72daf34cce", "best_bid": "0.69", "best_ask": "0.71"}], "timestamp": "1769384098876", "event_type": "price_change"}}
{"_local_timestamp": "2026-01-25T23:35:00.405300+00:00", "data": {"market": "0xfd1be18abbc39bdf1b16659499488e584e6c06c7b1959b425b5fb4b046d01a33", "price_changes": [{"asset_id": "103398961297840085828551835161306488450071758711115916839536258902155858435669", "price": "0.31", "size": "734.25", "side": "SELL", "hash": "e2b87084efb165046b85a61189c9bbb4bb1d5142", "best_bid": "0.29", "best_ask": "0.31"}, {"asset_id": "107500384885909607304050643649917558350306280281655033419490834964564939230211", "price": "0.69", "size": "734.25", "side": "BUY", "hash": "8f0ab2bac18fce3539ef0785e8f9bc7ded97c582", "best_bid": "0.69", "best_ask": "0.71"}], "timestamp": "1769384100340", "event_type": "price_change"}}
{"_local_timestamp": "2026-01-25T23:35:00.432999+00:00", "data": {"market": "0xfd1be18abbc39bdf1b16659499488e584e6c06c7b1959b425b5fb4b046d01a33", "price_changes": [{"asset_id": "103398961297840085828551835161306488450071758711115916839536258902155858435669", "price": "0.31", "size": "816.25", "side": "SELL", "hash": "49a6c6cc954ed666e157c6782d40ef217f5a28c0", "best_bid": "0.29", "best_ask": "0.31"}, {"asset_id": "107500384885909607304050643649917558350306280281655033419490834964564939230211", "price": "0.69", "size": "816.25", "side": "BUY", "hash": "931a9ca361d5cb9a016f81d2e7ebf2c8d43bfe7a", "best_bid": "0.69", "best_ask": "0.71"}], "timestamp": "1769384100367", "event_type": "price_change"}}
{"_local_timestamp": "2026-01-25T23:35:01.963703+00:00", "data": {"market": "0xfd1be18abbc39bdf1b16659499488e584e6c06c7b1959b425b5fb4b046d01a33", "price_changes": [{"asset_id": "103398961297840085828551835161306488450071758711115916839536258902155858435669", "price": "0.31", "size": "734.25", "side": "SELL", "hash": "1706aad9d93fcb49a13371fd900998f768298821", "best_bid": "0.29", "best_ask": "0.31"}, {"asset_id": "107500384885909607304050643649917558350306280281655033419490834964564939230211", "price": "0.69", "size": "734.25", "side": "BUY", "hash": "772206ae8cba20fceb209eea7659e500414f3fd6", "best_bid": "0.69", "best_ask": "0.71"}], "timestamp": "1769384101840", "event_type": "price_change"}}
{"_local_timestamp": "2026-01-25T23:35:02.002799+00:00", "data": {"market": "0xfd1be18abbc39bdf1b16659499488e584e6c06c7b1959b425b5fb4b046d01a33", "price_changes": [{"asset_id": "103398961297840085828551835161306488450071758711115916839536258902155858435669", "price": "0.31", "size": "816.25", "side": "SELL", "hash": "264338e3cfc25a850f967b88239688405e2a4869", "best_bid": "0.29", "best_ask": "0.31"}, {"asset_id": "107500384885909607304050643649917558350306280281655033419490834964564939230211", "price": "0.69", "size": "816.25", "side": "BUY", "hash": "1ac24d6d4e32ba5dc5e5bf1c6f35a2e302d00854", "best_bid": "0.69", "best_ask": "0.71"}], "timestamp": "1769384101881", "event_type": "price_change"}}
