{"_local_timestamp": "2026-01-25T23:34:20.810551+00:00", "data": [{"market": "0xfd1be18abbc39bdf1b16659499488e584e6c06c7b1959b425b5fb4b046d01a33", "asset_id": "107500384885909607304050643649917558350306280281655033419490834964564939230211", "timestamp": "1769384059881", "hash": "a12bd5ef8e1bd4f9fad9442cdb1dde4ea5152f8e", "bids": [{"price": "0.01", "size": "6264.84"}, {"price": "0.02", "size": "2100"}, {"price": "0.03", "size": "10.28"}, {"price": "0.04", "size": "1750"}, {"price": "0.05", "size": "4120"}, {"price": "0.06", "size": "20"}, {"price": "0.07", "size": "914.28"}, {"price": "0.08", "size": "250"}, {"price": "0.1", "size": "950"}, {"price": "0.11", "size": "314.48"}, {"price": "0.14", "size": "228.57"}, {"price": "0.15", "size": "550"}, {"price": "0.16", "size": "1350"}, {"price": "0.18", "size": "155.55"}, {"price": "0.19", "size": "100"}, {"price": "0.21", "size": "173.8"}, {"price": "0.22", "size": "2008"}, {"price": "0.25", "size": "101.26"}, {"price": "0.28", "size": "71.42"}, {"price": "0.29", "size": "250"}, {"price": "0.32", "size": "5"}, {"price": "0.39", "size": "150"}, {"price": "0.4", "size": "5"}, {"price": "0.42", "size": "560"}, {"price": "0.5", "size": "16.68"}, {"price": "0.56", "size": "24.21"}, {"price": "0.6", "size": "488.87"}, {"price": "0.61", "size": "40"}, {"price": "0.64", "size": "569.31"}, {"price": "0.65", "size": "200"}, {"price": "0.67", "size": "3208.53"}, {"price": "0.68", "size": "5487.64"}, {"price": "0.69", "size": "816.25"}], "asks": [{"price": "0.99", "size": "52613.12"}, {"price": "0.98", "size": "2000"}, {"price": "0.97", "size": "7.78"}, {"price": "0.96", "size": "1250"}, {"price": "0.95", "size": "5020"}, {"price": "0.94", "size": "11.42"}, {"price": "0.8", "size": "10"}, {"price": "0.79", "size": "205"}, {"price": "0.78", "size": "535"}, {"price": "0.77", "size": "5"}, {"price": "0.76", "size": "5"}, {"price": "0.75", "size": "675.56"}, {"price": "0.73", "size": "2100.04"}, {"price": "0.72", "size": "3829.13"}, {"price": "0.71", "size": "1454.25"}], "event_type": "book", "last_trade_price": "0.690"}, {"market": "0xfd1be18abbc39bdf1b16659499488e584e6c06c7b1959b425b5fb4b046d01a33", "asset_id": "103398961297840085828551835161306488450071758711115916839536258902155858435669", "timestamp": "1769384059881", "hash": "7349bedcb47c29f431954c65a68ef9b704f96bce", "bids": [{"price": "0.01", "size": "52613.12"}, {"price": "0.02", "size": "2000"}, {"price": "0.03", "size": "7.78"}, {"price": "0.04", "size": "1250"}, {"price": "0.05", "size": "5020"}, {"price": "0.06", "size": "11.42"}, {"price": "0.2", "size": "10"}, {"price": "0.21", "size": "205"}, {"price": "0.22", "size": "535"}, {"price": "0.23", "size": "5"}, {"price": "0.24", "size": "5"}, {"price": "0.25", "size": "675.56"}, {"price": "0.27", "size": "2100.04"}, {"price": "0.28", "size": "3829.13"}, {"price": "0.29", "size": "1454.25"}], "asks": [{"price": "0.99", "size": "6264.84"}, {"price": "0.98", "size": "2100"}, {"price": "0.97", "size": "10.28"}, {"price": "0.96", "size": "1750"}, {"price": "0.95", "size": "4120"}, {"price": "0.94", "size": "20"}, {"price": "0.93", "size": "914.28"}, {"price": "0.92", "size": "250"}, {"price": "0.9", "size": "950"}, {"price": "0.89", "size": "314.48"}, {"price": "0.86", "size": "228.57"}, {"price": "0.85", "size": "550"}, {"price": "0.84", "size": "1350"}, {"price": "0.82", "size": "155.55"}, {"price": "0.81", "size": "100"}, {"price": "0.79", "size": "173.8"}, {"price": "0.78", "size": "2008"}, {"price": "0.75", "size": "101.26"}, {"price": "0.72", "size": "71.42"}, {"price": "0.71", "size": "250"}, {"price": "0.68", "size": "5"}, {"price": "0.61", "size": "150"}, {"price": "0.6", "size": "5"}, {"price": "0.58", "size": "560"}, {"price": "0.5", "size": "16.68"}, {"price": "0.44", "size": "24.21"}, {"price": "0.4", "size": "488.87"}, {"price": "0.39", "size": "40"}, {"price": "0.36", "size": "569.31"}, {"price": "0.35", "size": "200"}, {"price": "0.33", "size": "3208.53"}, {"price": "0.32", "size": "5487.64"}, {"price": "0.31", "size": "816.25"}], "event_type": "book", "last_trade_price": "0.690"}]}
{"_local_timestamp": "2026-01-25T23:34:21.415018+00:00", "data": {"market": "0xfd1be18abbc39bdf1b16659499488e584e6c06c7b1959b425b5fb4b046d01a33", "price_changes": [{"asset_id": "103398961297840085828551835161306488450071758711115916839536258902155858435669", "price": "0.31", "size": "734.25", "side": "SELL", "hash": "af02bf491096ccaa9b62aa7325f0ff2c3817c798", "best_bid": "0.29", "best_ask": "0.31"}, {"asset_id": "107500384885909607304050643649917558350306280281655033419490834964564939230211", "price": "0.69", "size": "734.25", "side": "BUY", "hash": "06b72f5bc83b4c51877d5b1290dbe90a90fdd8de", "best_bid": "0.69", "best_ask": "0.71"}], "timestamp": "1769384061345", "event_type": "price_change"}}
{"_local_timestamp": "2026-01-25T23:34:21.441583+00:00", "data": {"market": "0xfd1be18abbc39bdf1b16659499488e584e6c06c7b1959b425b5fb4b046d01a33", "price_changes": [{"asset_id": "103398961297840085828551835161306488450071758711115916839536258902155858435669", "price": "0.31", "size": "816.25", "side": "SELL", "hash": "09c2fb1d6795f3da4ae8493a8271cc27b95e5df4", "best_bid": "0.29", "best_ask": "0.31"}, {"asset_id": "107500384885909607304050643649917558350306280281655033419490834964564939230211", "price": "0.69", "size": "816.25", "side": "BUY", "hash": "34d417423d605fd20f7a8ff79e43d3f0f464273d", "best_bid": "0.69", "best_ask": "0.71"}], "timestamp": "1769384061371", "event_type": "price_change"}}
{"_local_timestamp": "2026-01-25T23:34:22.928715+00:00", "data": {"market": "0xfd1be18abbc39bdf1b16659499488e584e6c06c7b1959b425b5fb4b046d01a33", "price_changes": [{"asset_id": "103398961297840085828551835161306488450071758711115916839536258902155858435669", "price": "0.31", "size": "734.25", "side": "SELL", "hash": "f886805de6778e528d2f409431a6a21e18d5b357", "best_bid": "0.29", "best_ask": "0.31"}, {"asset_id": "107500384885909607304050643649917558350306280281655033419490834964564939230211", "price": "0.69", "size": "734.25", "side": "BUY", "hash": "6d9cf7fd00410f43180b6ab7743e2fbef1840ed8", "best_bid": "0.69", "best_ask": "0.71"}], "timestamp": "1769384062839", "event_type": "price_change"}}
{"_local_timestamp": "2026-01-25T23:34:22.966112+00:00", "data": {"market": "0xfd1be18abbc39bdf1b16659499488e584e6c06c7b1959b425b5fb4b046d01a33", "price_changes": [{"asset_id": "103398961297840085828551835161306488450071758711115916839536258902155858435669", "price": "0.31", "size": "816.25", "side": "SELL", "hash": "a616b861322f1b45b3c5d570c793afcccae5baeb", "best_bid": "0.29", "best_ask": "0.31"}, {"asset_id": "107500384885909607304050643649917558350306280281655033419490834964564939230211", "price": "0.69", "size": "816.25", "side": "BUY", "hash": "ed1120994ce43d25ec97e9fdb7466936d82908da", "best_bid": "0.69", "best_ask": "0.71"}], "timestamp": "1769384062875", "event_type": "price_change"}}
{"_local_timestamp": "2026-01-25T23:34:24.409778+00:00", "data": {"market": "0xfd1be18abbc39bdf1b16659499488e584e6c06c7b1959b425b5fb4b046d01a33", "price_changes": [{"asset_id": "103398961297840085828551835161306488450071758711115916839536258902155858435669", "price": "0.31", "size": "734.25", "side": "SELL", "hash": "1722b93ac47e9911afe32e697c897d54838ce9b5", "best_bid": "0.29", "best_ask": "0.31"}, {"asset_id": "107500384885909607304050643649917558350306280281655033419490834964564939230211", "price": "0.69", "size": "734.25", "side": "BUY", "hash": "f6b78ee6c27fbd1fdf22ac5dc1a7431904f7ff4f", "best_bid": "0.69", "best_ask": "0.71"}], "timestamp": "1769384064339", "event_type": "price_change"}}
{"_local_timestamp": "2026-01-25T23:34:24.441599+00:00", "data": {"market": "0xfd1be18abbc39bdf1b16659499488e584e6c06c7b1959b425b5fb4b046d01a33", "price_changes": [{"asset_id": "103398961297840085828551835161306488450071758711115916839536258902155858435669", "price": "0.31", "size": "816.25", "side": "SELL", "hash": "a449d6e8a60fbc11421621b4ec0f3fb7ebdd7e87", "best_bid": "0.29", "best_ask": "0.31"}, {"asset_id": "107500384885909607304050643649917558350306280281655033419490834964564939230211", "price": "0.69", "size": "816.25", "side": "BUY", "hash": "b498c45d4086556fb3577303f6516dea72f7dedc", "best_bid": "0.69", "best_ask": "0.71"}], "timestamp": "1769384064371", "event_type": "price_change"}}
{"_local_timestamp": "2026-01-25T23:34:25.940130+00:00", "data": {"market": "0xfd1be18abbc39bdf1b16659499488e584e6c06c7b1959b425b5fb4b046d01a33", "price_changes": [{"asset_id": "103398961297840085828551835161306488450071758711115916839536258902155858435669", "price": "0.31", "size": "734.25", "side": "SELL", "hash": "51d641aeb8954b2690bce2ff1b925b25b61e1507", "best_bid": "0.29", "best_ask": "0.31"}, {"asset_id": "107500384885909607304050643649917558350306280281655033419490834964564939230211", "price": "0.69", "size": "734.25", "side": "BUY", "hash": "7665e8f2d8020ac7661ea5227aa568f95d171e01", "best_bid": "0.69", "best_ask": "0.71"}], "timestamp": "1769384065862", "event_type": "price_change"}}
{"_local_timestamp": "2026-01-25T23:34:25.961725+00:00", "data": {"market": "0xfd1be18abbc39bdf1b16659499488e584e6c06c7b1959b425b5fb4b046d01a33", "price_changes": [{"asset_id": "103398961297840085828551835161306488450071758711115916839536258902155858435669", "price": "0.31", "size": "816.25", "side": "SELL", "hash": "11e468306ee8af23d397c5bde205b76171872289", "best_bid": "0.29", "best_ask": "0.31"}, {"asset_id": "107500384885909607304050643649917558350306280281655033419490834964564939230211", "price": "0.69", "size": "816.25", "side": "BUY", "hash": "51875d9248367d6b6bd8e00a01ae1136388da663", "best_bid": "0.69", "best_ask": "0.71"}], "timestamp": "1769384065896", "event_type": "price_change"}}
{"_local_timestamp": "2026-01-25T23:34:27.413907+00:00", "data": {"market": "0xfd1be18abbc39bdf1b16659499488e584e6c06c7b1959b425b5fb4b046d01a33", "price_changes": [{"asset_id": "103398961297840085828551835161306488450071758711115916839536258902155858435669", "price": "0.31", "size": "734.25", "side": "SELL", "hash": "3d5607ec226142a364cff1bb56e7ccf9ccd7bbe4", "best_bid": "0.29", "best_ask": "0.31"}, {"asset_id": "107500384885909607304050643649917558350306280281655033419490834964564939230211", "price": "0.69", "size": "734.25", "side": "BUY", "hash": "7de60b7ff0b42e921c7f2f13393d530f227da2aa", "best_bid": "0.69", "best_ask": "0.71"}], "timestamp": "1769384067341", "event_type": "price_change"}}
{"_local_timestamp": "2026-01-25T23:34:27.442341+00:00", "data": {"market": "0xfd1be18abbc39bdf1b16659499488e584e6c06c7b1959b425b5fb4b046d01a33", "price_changes": [{"asset_id": "103398961297840085828551835161306488450071758711115916839536258902155858435669", "price": "0.31", "size": "816.25", "side": "SELL", "hash": "d7d1caaf79b20b1e03db2f6aded33a4416b1221a", "best_bid": "0.29", "best_ask": "0.31"}, {"asset_id": "107500384885909607304050643649917558350306280281655033419490834964564939230211", "price": "0.69", "size": "816.25", "side": "BUY", "hash": "e0973570a1ab61b982cf7ddbe27ac2501542f25f", "best_bid": "0.69", "best_ask": "0.71"}], "timestamp": "1769384067368", "event_type": "price_change"}}
{"_local_timestamp": "2026-01-25T23:34:27.569327+00:00", "data": {"market": "0xfd1be18abbc39bdf1b16659499488e584e6c06c7b1959b425b5fb4b046d01a33", "price_changes": [{"asset_id": "107500384885909607304050643649917558350306280281655033419490834964564939230211", "price": "0.16", "size": "1200", "side": "BUY", "hash": "6a5141fe055b30bb83f177899c99376b4e29361a", "best_bid": "0.69", "best_ask": "0.71"}, {"asset_id": "103398961297840085828551835161306488450071758711115916839536258902155858435669", "price": "0.84", "size": "1200", "side": "SELL", "hash": "142f3b9c8d60235be33e8602240796d2bb09e1cb", "best_bid": "0.29", "best_ask": "0.31"}], "timestamp": "1769384067498", "event_type": "price_change"}}
{"_local_timestamp": "2026-01-25T23:34:28.324253+00:00", "data": {"market": "0xfd1be18abbc39bdf1b16659499488e584e6c06c7b1959b425b5fb4b046d01a33", "price_changes": [{"asset_id": "107500384885909607304050643649917558350306280281655033419490834964564939230211", "price": "0.19", "size": "250", "side": "BUY", "hash": "e5ef702cb81f4e3b275cc3d3b04c10142febdecc", "best_bid": "0.69", "best_ask": "0.71"}, {"asset_id": "103398961297840085828551835161306488450071758711115916839536258902155858435669", "price": "0.81", "size": "250", "side": "SELL", "hash": "404ca0fddb49999d9e538213f8abe01e05c07435", "best_bid": "0.29", "best_ask": "0.31"}], "timestamp": "1769384068083", "event_type": "price_change"}}
{"_local_timestamp": "2026-01-25T23:34:29.101609+00:00", "data": {"market": "0xfd1be18abbc39bdf1b16659499488e584e6c06c7b1959b425b5fb4b046d01a33", "price_changes": [{"asset_id": "103398961297840085828551835161306488450071758711115916839536258902155858435669", "price": "0.31", "size": "734.25", "side": "SELL", "hash": "552d592e68a7039190886b81a7eec0e2b799efeb", "best_bid": "0.29", "best_ask": "0.31"}, {"asset_id": "107500384885909607304050643649917558350306280281655033419490834964564939230211", "price": "0.69", "size": "734.25", "side": "BUY", "hash": "c91d6fcb935f54d866104293504f7af7185772c6", "best_bid": "0.69", "best_ask": "0.71"}], "timestamp": "1769384068842", "event_type": "price_change"}}
{"_local_timestamp": "2026-01-25T23:34:29.119842+00:00", "data": {"market": "0xfd1be18abbc39bdf1b16659499488e584e6c06c7b1959b425b5fb4b046d01a33", "price_changes": [{"asset_id": "103398961297840085828551835161306488450071758711115916839536258902155858435669", "price": "0.31", "size": "816.25", "side": "SELL", "hash": "5eea0b21d0c70780729d97158b3d8c69d8ef27da", "best_bid": "0.29", "best_ask": "0.31"}, {"asset_id": "107500384885909607304050643649917558350306280281655033419490834964564939230211", "price": "0.69", "size": "816.25", "side": "BUY", "hash": "d29b949af51ec8033cf791617e62814dab4b859e", "best_bid": "0.69", "best_ask": "0.71"}], "timestamp": "1769384068872", "event_type": "price_change"}}
{"_local_timestamp": "2026-01-25T23:34:30.522268+00:00", "data": {"market": "0xfd1be18abbc39bdf1b16659499488e584e6c06c7b1959b425b5fb4b046d01a33", "price_changes": [{"asset_id": "103398961297840085828551835161306488450071758711115916839536258902155858435669", "price": "0.31", "size": "734.25", "side": "SELL", "hash": "385938f9e19358ab1487e584062c806aeb739048", "best_bid": "0.29", "best_ask": "0.31"}, {"asset_id": "107500384885909607304050643649917558350306280281655033419490834964564939230211", "price": "0.69", "size": "734.25", "side": "BUY", "hash": "bf9977cd532106d4aa3fb215a48d8144c49a3d2e", "best_bid": "0.69", "best_ask": "0.71"}], "timestamp": "1769384070349", "event_type": "price_change"}}
{"_local_timestamp": "2026-01-25T23:34:30.550938+00:00", "data": {"market": "0xfd1be18abbc39bdf1b16659499488e584e6c06c7b1959b425b5fb4b046d01a33", "price_changes": [{"asset_id": "103398961297840085828551835161306488450071758711115916839536258902155858435669", "price": "0.31", "size": "816.25", "side": "SELL", "hash": "ca8c29844e6315b1a223cc32320d904abd6c014f", "best_bid": "0.29", "best_ask": "0.31"}, {"asset_id": "107500384885909607304050643649917558350306280281655033419490834964564939230211", "price": "0.69", "size": "816.25", "side": "BUY", "hash": "f3a5364815807d8e04b868176f4fdf7390642936", "best_bid": "0.69", "best_ask": "0.71"}], "timestamp": "1769384070377", "event_type": "price_change"}}
{"_local_timestamp": "2026-01-25T23:34:31.908968+00:00", "data": {"market": "0xfd1be18abbc39bdf1b16659499488e584e6c06c7b1959b425b5fb4b046d01a33", "price_changes": [{"asset_id": "103398961297840085828551835161306488450071758711115916839536258902155858435669", "price": "0.31", "size": "734.25", "side": "SELL", "hash": "299fedc151e3a70289bb5543318248862879764e", "best_bid": "0.29", "best_ask": "0.31"}, {"asset_id": "107500384885909607304050643649917558350306280281655033419490834964564939230211", "price": "0.69", "size": "734.25", "side": "BUY", "hash": "c6cecab6ab58a9ded16404c6fa0723bfac7b863a", "best_bid": "0.69", "best_ask": "0.71"}], "timestamp": "1769384071840", "event_type": "price_change"}}
{"_local_timestamp": "2026-01-25T23:34:31.949618+00:00", "data": {"market": "0xfd1be18abbc39bdf1b16659499488e584e6c06c7b1959b425b5fb4b046d01a33", "price_changes": [{"asset_id": "103398961297840085828551835161306488450071758711115916839536258902155858435669", "price": "0.31", "size": "816.25", "side": "SELL", "hash": "d7ca92db2da9bb3da7c6b7e7f900432ac5de65de", "best_bid": "0.29", "best_ask": "0.31"}, {"asset_id": "107500384885909607304050643649917558350306280281655033419490834964564939230211", "price": "0.69", "size": "816.25", "side": "BUY", "hash": "b35e45a523071518ecd74076a6012a5a68bd347d", "best_bid": "0.69", "best_ask": "0.71"}], "timestamp": "1769384071880", "event_type": "price_change"}}
{"_local_timestamp": "2026-01-25T23:34:33.413850+00:00", "data": {"market": "0xfd1be18abbc39bdf1b16659499488e584e6c06c7b1959b425b5fb4b046d01a33", "price_changes": [{"asset_id": "103398961297840085828551835161306488450071758711115916839536258902155858435669", "price": "0.31", "size": "734.25", "side": "SELL", "hash": "c1d0c744703611f7da284bb6ce74a6b4feb746fe", "best_bid": "0.29", "best_ask": "0.31"}, {"asset_id": "107500384885909607304050643649917558350306280281655033419490834964564939230211", "price": "0.69", "size": "734.25", "side": "BUY", "hash": "54268fb0d08b3f3f7125fd3b4e8ef294b318f2a2", "best_bid": "0.69", "best_ask": "0.71"}], "timestamp": "1769384073346", "event_type": "price_change"}}
{"_local_timestamp": "2026-01-25T23:34:33.454484+00:00", "data": {"market": "0xfd1be18abbc39bdf1b16659499488e584e6c06c7b1959b425b5fb4b046d01a33", "price_changes": [{"asset_id": "103398961297840085828551835161306488450071758711115916839536258902155858435669", "price": "0.31", "size": "816.25", "side": "SELL", "hash": "d545babffeeadb4f6a73587bdc6baa74eef02368", "best_bid": "0.29", "best_ask": "0.31"}, {"asset_id": "107500384885909607304050643649917558350306280281655033419490834964564939230211", "price": "0.69", "size": "816.25", "side": "BUY", "hash": "20804a060b757701a3bdb368b94f0e1d604c9b27", "best_bid": "0.69", "best_ask": "0.71"}], "timestamp": "1769384073382", "event_type": "price_change"}}
