{"_local_timestamp": "2026-01-25T23:40:30.691353+00:00", "data": [{"market": "0xfcde7eec764a4e3dd2c43e92efec3cd23d8df64cceff357914a31d2c7820a6ea", "asset_id": "95178020761422271081901024182012949958678400416842257242483644267309564096726", "timestamp": "1769384410000", "hash": "a9c9220bd8260035b02068462baafd3f5a1a7056", "bids": [{"price": "0.001", "size": "26692.08"}, {"price": "0.002", "size": "1255.04"}, {"price": "0.003", "size": "1400"}, {"price": "0.004", "size": "8.63"}, {"price": "0.006", "size": "200"}, {"price": "0.01", "size": "2013.51"}, {"price": "0.011", "size": "5.15"}, {"price": "0.02", "size": "2000"}, {"price": "0.024", "size": "86"}, {"price": "0.029", "size": "150.47"}, {"price": "0.03", "size": "8.55"}, {"price": "0.05", "size": "30"}, {"price": "0.051", "size": "424.56"}, {"price": "0.09", "size": "1000"}, {"price": "0.095", "size": "45.93"}, {"price": "0.096", "size": "6.63"}, {"price": "0.14", "size": "567.85"}, {"price": "0.141", "size": "30.94"}, {"price": "0.19", "size": "168.42"}, {"price": "0.199", "size": "1075.92"}, {"price": "0.24", "size": "116.66"}, {"price": "0.25", "size": "1000"}, {"price": "0.251", "size": "1889.38"}, {"price": "0.27", "size": "50"}, {"price": "0.28", "size": "92.85"}, {"price": "0.281", "size": "15.52"}, {"price": "0.33", "size": "72.72"}, {"price": "0.331", "size": "13.18"}, {"price": "0.38", "size": "52.63"}, {"price": "0.387", "size": "1686.27"}, {"price": "0.5", "size": "1000"}, {"price": "0.52", "size": "1000"}, {"price": "0.54", "size": "1000"}, {"price": "0.56", "size": "1000"}, {"price": "0.58", "size": "1000"}, {"price": "0.581", "size": "7.51"}, {"price": "0.6", "size": "1066.53"}, {"price": "0.61", "size": "1000"}, {"price": "0.62", "size": "1000"}, {"price": "0.63", "size": "1000"}, {"price": "0.64", "size": "1000"}, {"price": "0.65", "size": "1000"}, {"price": "0.66", "size": "1000"}, {"price": "0.67", "size": "1000"}, {"price": "0.68", "size": "1000"}, {"price": "0.69", "size": "1000"}, {"price": "0.691", "size": "11.31"}, {"price": "0.8", "size": "66.53"}, {"price": "0.903", "size": "200"}, {"price": "0.909", "size": "100"}, {"price": "0.911", "size": "5000"}, {"price": "0.912", "size": "250"}, {"price": "0.915", "size": "59.23"}, {"price": "0.921", "size": "191"}, {"price": "0.922", "size": "1795.1"}], "asks": [{"price": "0.999", "size": "19740"}, {"price": "0.998", "size": "2008.98"}, {"price": "0.997", "size": "23.67"}, {"price": "0.995", "size": "1000"}, {"price": "0.994", "size": "250"}, {"price": "0.993", "size": "26.87"}, {"price": "0.983", "size": "294.11"}, {"price": "0.982", "size": "10.76"}, {"price": "0.974", "size": "192.3"}, {"price": "0.971", "size": "200"}, {"price": "0.97", "size": "5.58"}, {"price": "0.969", "size": "2323.23"}, {"price": "0.968", "size": "313"}, {"price": "0.96", "size": "125"}, {"price": "0.959", "size": "8.81"}, {"price": "0.95", "size": "1555"}, {"price": "0.949", "size": "2000"}, {"price": "0.948", "size": "154"}, {"price": "0.943", "size": "0.23"}, {"price": "0.942", "size": "1000"}, {"price": "0.941", "size": "319"}, {"price": "0.94", "size": "300"}, {"price": "0.939", "size": "150"}, {"price": "0.938", "size": "97"}, {"price": "0.937", "size": "67"}, {"price": "0.936", "size": "40"}], "event_type": "book", "last_trade_price": ""}, {"market": "0xfcde7eec764a4e3dd2c43e92efec3cd23d8df64cceff357914a31d2c7820a6ea", "asset_id": "332462812953361158016354695716232633373752944798478737086328444144960550554", "timestamp": "1769384410000", "hash": "7a95e5151cda8e130b84dbbacd6e200d276ab902", "bids": [{"price": "0.001", "size": "19740"}, {"price": "0.002", "size": "2008.98"}, {"price": "0.003", "size": "23.67"}, {"price": "0.005", "size": "1000"}, {"price": "0.006", "size": "250"}, {"price": "0.007", "size": "26.87"}, {"price": "0.017", "size": "294.11"}, {"price": "0.018", "size": "10.76"}, {"price": "0.026", "size": "192.3"}, {"price": "0.029", "size": "200"}, {"price": "0.03", "size": "5.58"}, {"price": "0.031", "size": "2323.23"}, {"price": "0.032", "size": "313"}, {"price": "0.04", "size": "125"}, {"price": "0.041", "size": "8.81"}, {"price": "0.05", "size": "1555"}, {"price": "0.051", "size": "2000"}, {"price": "0.052", "size": "154"}, {"price": "0.057", "size": "0.23"}, {"price": "0.058", "size": "1000"}, {"price": "0.059", "size": "319"}, {"price": "0.06", "size": "300"}, {"price": "0.061", "size": "150"}, {"price": "0.062", "size": "97"}, {"price": "0.063", "size": "67"}, {"price": "0.064", "size": "40"}], "asks": [{"price": "0.999", "size": "26692.08"}, {"price": "0.998", "size": "1255.04"}, {"price": "0.997", "size": "1400"}, {"price": "0.996", "size": "8.63"}, {"price": "0.994", "size": "200"}, {"price": "0.99", "size": "2013.51"}, {"price": "0.989", "size": "5.15"}, {"price": "0.98", "size": "2000"}, {"price": "0.976", "size": "86"}, {"price": "0.971", "size": "150.47"}, {"price": "0.97", "size": "8.55"}, {"price": "0.95", "size": "30"}, {"price": "0.949", "size": "424.56"}, {"price": "0.91", "size": "1000"}, {"price": "0.905", "size": "45.93"}, {"price": "0.904", "size": "6.63"}, {"price": "0.86", "size": "567.85"}, {"price": "0.859", "size": "30.94"}, {"price": "0.81", "size": "168.42"}, {"price": "0.801", "size": "1075.92"}, {"price": "0.76", "size": "116.66"}, {"price": "0.75", "size": "1000"}, {"price": "0.749", "size": "1889.38"}, {"price": "0.73", "size": "50"}, {"price": "0.72", "size": "92.85"}, {"price": "0.719", "size": "15.52"}, {"price": "0.67", "size": "72.72"}, {"price": "0.669", "size": "13.18"}, {"price": "0.62", "size": "52.63"}, {"price": "0.613", "size": "1686.27"}, {"price": "0.5", "size": "1000"}, {"price": "0.48", "size": "1000"}, {"price": "0.46", "size": "1000"}, {"price": "0.44", "size": "1000"}, {"price": "0.42", "size": "1000"}, {"price": "0.419", "size": "7.51"}, {"price": "0.4", "size": "1066.53"}, {"price": "0.39", "size": "1000"}, {"price": "0.38", "size": "1000"}, {"price": "0.37", "size": "1000"}, {"price": "0.36", "size": "1000"}, {"price": "0.35", "size": "1000"}, {"price": "0.34", "size": "1000"}, {"price": "0.33", "size": "1000"}, {"price": "0.32", "size": "1000"}, {"price": "0.31", "size": "1000"}, {"price": "0.309", "size": "11.31"}, {"price": "0.2", "size": "66.53"}, {"price": "0.097", "size": "200"}, {"price": "0.091", "size": "100"}, {"price": "0.089", "size": "5000"}, {"price": "0.088", "size": "250"}, {"price": "0.085", "size": "59.23"}, {"price": "0.079", "size": "191"}, {"price": "0.078", "size": "1795.1"}], "event_type": "book", "last_trade_price": ""}]}
{"_local_timestamp": "2026-01-25T23:40:46.094986+00:00", "data": {"market": "0xfcde7eec764a4e3dd2c43e92efec3cd23d8df64cceff357914a31d2c7820a6ea", "price_changes": [{"asset_id": "332462812953361158016354695716232633373752944798478737086328444144960550554", "price": "0.001", "size": "8740", "side": "BUY", "hash": "26c8f64a7c3cefe51a73dc0305b896def9f9a6d0", "best_bid": "0.064", "best_ask": "0.078"}, {"asset_id": "95178020761422271081901024182012949958678400416842257242483644267309564096726", "price": "0.999", "size": "8740", "side": "SELL", "hash": "7291f76a2fd4b2a8cb59d96314725eb34ececc59", "best_bid": "0.922", "best_ask": "0.936"}], "timestamp": "1769384446002", "event_type": "price_change"}}
{"_local_timestamp": "2026-01-25T23:41:00.076685+00:00", "data": {"market": "0xfcde7eec764a4e3dd2c43e92efec3cd23d8df64cceff357914a31d2c7820a6ea", "price_changes": [{"asset_id": "332462812953361158016354695716232633373752944798478737086328444144960550554", "price": "0.052", "size": "135", "side": "BUY", "hash": "d521f84b8413d35e573b7ce2376c6bccac5001ba", "best_bid": "0.064", "best_ask": "0.078"}, {"asset_id": "95178020761422271081901024182012949958678400416842257242483644267309564096726", "price": "0.948", "size": "135", "side": "SELL", "hash": "0b6d633f1cca1a488d13a01e911f058db132715b", "best_bid": "0.922", "best_ask": "0.936"}], "timestamp": "1769384460001", "event_type": "price_change"}}
{"_local_timestamp": "2026-01-25T23:41:08.699303+00:00", "data": {"market": "0xfcde7eec764a4e3dd2c43e92efec3cd23d8df64cceff357914a31d2c7820a6ea", "price_changes": [{"asset_id": "332462812953361158016354695716232633373752944798478737086328444144960550554", "price": "0.001", "size": "19740", "side": "BUY", "hash": "06b4206d1b31948585f797db9d1ed5e86d4d360e", "best_bid": "0.064", "best_ask": "0.078"}, {"asset_id": "95178020761422271081901024182012949958678400416842257242483644267309564096726", "price": "0.999", "size": "19740", "side": "SELL", "hash": "eaee4d3d2967e9862e47e899ee85ee40c045baca", "best_bid": "0.922", "best_ask": "0.936"}], "timestamp": "1769384468631", "event_type": "price_change"}}
{"_local_timestamp": "2026-01-25T23:41:08.699906+00:00", "data": {"market": "0xfcde7eec764a4e3dd2c43e92efec3cd23d8df64cceff357914a31d2c7820a6ea", "price_changes": [{"asset_id": "332462812953361158016354695716232633373752944798478737086328444144960550554", "price": "0.032", "size": "344", "side": "BUY", "hash": "fa2a17e13760b96f0b2c62a6d173246c8bd09cdd", "best_bid": "0.064", "best_ask": "0.078"}, {"asset_id": "95178020761422271081901024182012949958678400416842257242483644267309564096726", "price": "0.968", "size": "344", "side": "SELL", "hash": "ca5e2ddb5aa54b69702669a785b1f9948b771ca4", "best_bid": "0.922", "best_ask": "0.936"}], "timestamp": "1769384468632", "event_type": "price_change"}}
{"_local_timestamp": "2026-01-25T23:41:18.934534+00:00", "data": {"market": "0xfcde7eec764a4e3dd2c43e92efec3cd23d8df64cceff357914a31d2c7820a6ea", "price_changes": [{"asset_id": "332462812953361158016354695716232633373752944798478737086328444144960550554", "price": "0.052", "size": "154", "side": "BUY", "hash": "f57ef91097f696da264622c173287c2220ac2307", "best_bid": "0.064", "best_ask": "0.078"}, {"asset_id": "95178020761422271081901024182012949958678400416842257242483644267309564096726", "price": "0.948", "size": "154", "side": "SELL", "hash": "4fd477d76401686615496b0a9e619a6ef7ab0024", "best_bid": "0.922", "best_ask": "0.936"}], "timestamp": "1769384478864", "event_type": "price_change"}}
{"_local_timestamp": "2026-01-25T23:41:37.084171+00:00", "data": {"market": "0xfcde7eec764a4e3dd2c43e92efec3cd23d8df64cceff357914a31d2c7820a6ea", "price_changes": [{"asset_id": "332462812953361158016354695716232633373752944798478737086328444144960550554", "price": "0.001", "size": "17740", "side": "BUY", "hash": "afb58c439ee3539549e043ccde21d52f8d523c45", "best_bid": "0.064", "best_ask": "0.078"}, {"asset_id": "95178020761422271081901024182012949958678400416842257242483644267309564096726", "price": "0.999", "size": "17740", "side": "SELL", "hash": "70c2f6dd90459a9d48388e2ee46f9cca5091c755", "best_bid": "0.922", "best_ask": "0.936"}], "timestamp": "1769384497000", "event_type": "price_change"}}
{"_local_timestamp": "2026-01-25T23:41:39.313231+00:00", "data": {"market": "0xfcde7eec764a4e3dd2c43e92efec3cd23d8df64cceff357914a31d2c7820a6ea", "price_changes": [{"asset_id": "332462812953361158016354695716232633373752944798478737086328444144960550554", "price": "0.001", "size": "19740", "side": "BUY", "hash": "2b759ca57199eb89f9900c8816621e9d6c7cde44", "best_bid": "0.064", "best_ask": "0.078"}, {"asset_id": "95178020761422271081901024182012949958678400416842257242483644267309564096726", "price": "0.999", "size": "19740", "side": "SELL", "hash": "3b8316480203ca6ef309ece894b60dc78ce616f1", "best_bid": "0.922", "best_ask": "0.936"}], "timestamp": "1769384499242", "event_type": "price_change"}}
