{"_local_timestamp": "2026-01-25T23:40:30.740038+00:00", "data": [{"market": "0xabdfaae7b3d15f709e840c9911d63c5c745bed1100a642ffbbdd3784b9b69c2d", "asset_id": "54751566429462665278170072010645394639941870691445000550071555111998490502168", "timestamp": "1769384404581", "hash": "53e2864f98c568b125adc87911e3b61e4bd98cb4", "bids": [{"price": "0.01", "size": "6031.93"}, {"price": "0.02", "size": "44.45"}, {"price": "0.03", "size": "20"}, {"price": "0.07", "size": "14.73"}, {"price": "0.1", "size": "100"}, {"price": "0.11", "size": "10791.47"}, {"price": "0.12", "size": "83.19"}, {"price": "0.13", "size": "30"}], "asks": [{"price": "0.99", "size": "39.49"}, {"price": "0.98", "size": "11.55"}, {"price": "0.91", "size": "400"}, {"price": "0.9", "size": "3000"}, {"price": "0.89", "size": "25.66"}, {"price": "0.87", "size": "261.53"}, {"price": "0.86", "size": "1142"}, {"price": "0.82", "size": "177.77"}, {"price": "0.81", "size": "842"}, {"price": "0.8", "size": "2100"}, {"price": "0.78", "size": "127.27"}, {"price": "0.74", "size": "100"}, {"price": "0.73", "size": "400"}, {"price": "0.72", "size": "3260"}, {"price": "0.69", "size": "77.41"}, {"price": "0.65", "size": "57.14"}, {"price": "0.45", "size": "60"}, {"price": "0.42", "size": "100"}, {"price": "0.41", "size": "116.8"}, {"price": "0.38", "size": "300"}, {"price": "0.34", "size": "432"}, {"price": "0.22", "size": "100"}, {"price": "0.17", "size": "30"}, {"price": "0.16", "size": "254.06"}], "event_type": "book", "last_trade_price": "0.160"}, {"market": "0x30054813e3042a136c7425521dcff77de0f373eb90115a18a1572385600789cb", "asset_id": "40254106575472061941375290040006576761421521228516905144674261800051321707482", "timestamp": "1769384414836", "hash": "5216e8444ffd7cc4689267ba8e2637cbe40d635a", "bids": [{"price": "0.01", "size": "6049"}, {"price": "0.02", "size": "1005.94"}, {"price": "0.03", "size": "29.37"}, {"price": "0.07", "size": "113.63"}, {"price": "0.08", "size": "876"}, {"price": "0.1", "size": "1144.44"}, {"price": "0.11", "size": "27.5"}, {"price": "0.12", "size": "19.31"}], "asks": [{"price": "0.99", "size": "89.8"}, {"price": "0.98", "size": "6.55"}, {"price": "0.91", "size": "400"}, {"price": "0.9", "size": "3000"}, {"price": "0.87", "size": "261.53"}, {"price": "0.86", "size": "1142"}, {"price": "0.85", "size": "7.34"}, {"price": "0.82", "size": "177.77"}, {"price": "0.81", "size": "842"}, {"price": "0.8", "size": "5"}, {"price": "0.78", "size": "127.27"}, {"price": "0.77", "size": "3961"}, {"price": "0.76", "size": "1748"}, {"price": "0.73", "size": "96.29"}, {"price": "0.69", "size": "377.41"}, {"price": "0.64", "size": "55.55"}, {"price": "0.63", "size": "5"}, {"price": "0.4", "size": "14.99"}, {"price": "0.39", "size": "20"}, {"price": "0.19", "size": "6.17"}, {"price": "0.17", "size": "20"}, {"price": "0.16", "size": "232.42"}, {"price": "0.14", "size": "291.24"}, {"price": "0.13", "size": "248.22"}], "event_type": "book", "last_trade_price": "0.880"}, {"market": "0x30054813e3042a136c7425521dcff77de0f373eb90115a18a1572385600789cb", "asset_id": "44440935186939022539404219493934689092553157650407042871781503732943077460933", "timestamp": "1769384414836", "hash": "8e1269de90cba3665fa82a553607805b5f9d3dab", "bids": [{"price": "0.01", "size": "89.8"}, {"price": "0.02", "size": "6.55"}, {"price": "0.09", "size": "400"}, {"price": "0.1", "size": "3000"}, {"price": "0.13", "size": "261.53"}, {"price": "0.14", "size": "1142"}, {"price": "0.15", "size": "7.34"}, {"price": "0.18", "size": "177.77"}, {"price": "0.19", "size": "842"}, {"price": "0.2", "size": "5"}, {"price": "0.22", "size": "127.27"}, {"price": "0.23", "size": "3961"}, {"price": "0.24", "size": "1748"}, {"price": "0.27", "size": "96.29"}, {"price": "0.31", "size": "377.41"}, {"price": "0.36", "size": "55.55"}, {"price": "0.37", "size": "5"}, {"price": "0.6", "size": "14.99"}, {"price": "0.61", "size": "20"}, {"price": "0.81", "size": "6.17"}, {"price": "0.83", "size": "20"}, {"price": "0.84", "size": "232.42"}, {"price": "0.86", "size": "291.24"}, {"price": "0.87", "size": "248.22"}], "asks": [{"price": "0.99", "size": "6049"}, {"price": "0.98", "size": "1005.94"}, {"price": "0.97", "size": "29.37"}, {"price": "0.93", "size": "113.63"}, {"price": "0.92", "size": "876"}, {"price": "0.9", "size": "1144.44"}, {"price": "0.89", "size": "27.5"}, {"price": "0.88", "size": "19.31"}], "event_type": "book", "last_trade_price": "0.880"}, {"market": "0xabdfaae7b3d15f709e840c9911d63c5c745bed1100a642ffbbdd3784b9b69c2d", "asset_id": "92534996990950071404295529276884565838491605025173691546609408221092813068988", "timestamp": "1769384404581", "hash": "7f3c2579364653c61ff7a28c37e288d630055261", "bids": [{"price": "0.01", "size": "39.49"}, {"price": "0.02", "size": "11.55"}, {"price": "0.09", "size": "400"}, {"price": "0.1", "size": "3000"}, {"price": "0.11", "size": "25.66"}, {"price": "0.13", "size": "261.53"}, {"price": "0.14", "size": "1142"}, {"price": "0.18", "size": "177.77"}, {"price": "0.19", "size": "842"}, {"price": "0.2", "size": "2100"}, {"price": "0.22", "size": "127.27"}, {"price": "0.26", "size": "100"}, {"price": "0.27", "size": "400"}, {"price": "0.28", "size": "3260"}, {"price": "0.31", "size": "77.41"}, {"price": "0.35", "size": "57.14"}, {"price": "0.55", "size": "60"}, {"price": "0.58", "size": "100"}, {"price": "0.59", "size": "116.8"}, {"price": "0.62", "size": "300"}, {"price": "0.66", "size": "432"}, {"price": "0.78", "size": "100"}, {"price": "0.83", "size": "30"}, {"price": "0.84", "size": "254.06"}], "asks": [{"price": "0.99", "size": "6031.93"}, {"price": "0.98", "size": "44.45"}, {"price": "0.97", "size": "20"}, {"price": "0.93", "size": "14.73"}, {"price": "0.9", "size": "100"}, {"price": "0.89", "size": "10791.47"}, {"price": "0.88", "size": "83.19"}, {"price": "0.87", "size": "30"}], "event_type": "book", "last_trade_price": "0.160"}]}
{"_local_timestamp": "2026-01-25T23:41:14.714464+00:00", "data": {"market": "0x30054813e3042a136c7425521dcff77de0f373eb90115a18a1572385600789cb", "price_changes": [{"asset_id": "44440935186939022539404219493934689092553157650407042871781503732943077460933", "price": "0.24", "size": "0", "side": "BUY", "hash": "2a2fafb2ce9475767fb6b527aa69104071b229d0", "best_bid": "0.87", "best_ask": "0.88"}, {"asset_id": "40254106575472061941375290040006576761421521228516905144674261800051321707482", "price": "0.76", "size": "0", "side": "SELL", "hash": "9c7fcc4661085959bdafda358dbae5d9a8e59a69", "best_bid": "0.12", "best_ask": "0.13"}], "timestamp": "1769384474539", "event_type": "price_change"}}
{"_local_timestamp": "2026-01-25T23:41:16.980953+00:00", "data": {"market": "0x30054813e3042a136c7425521dcff77de0f373eb90115a18a1572385600789cb", "price_changes": [{"asset_id": "44440935186939022539404219493934689092553157650407042871781503732943077460933", "price": "0.26", "size": "1614", "side": "BUY", "hash": "a3e0bfebccf8a5a352fcfe65e8bd78aef26997eb", "best_bid": "0.87", "best_ask": "0.88"}, {"asset_id": "40254106575472061941375290040006576761421521228516905144674261800051321707482", "price": "0.74", "size": "1614", "side": "SELL", "hash": "a1f2efb308a98571cc791cab9a5eeb6150f88aaf", "best_bid": "0.12", "best_ask": "0.13"}], "timestamp": "1769384476915", "event_type": "price_change"}}
{"_local_timestamp": "2026-01-25T23:42:47.164385+00:00", "data": {"market": "0x30054813e3042a136c7425521dcff77de0f373eb90115a18a1572385600789cb", "price_changes": [{"asset_id": "44440935186939022539404219493934689092553157650407042871781503732943077460933", "price": "0.26", "size": "0", "side": "BUY", "hash": "7acf0ab1d37d1c54a857ca0bff7a20bec706c10e", "best_bid": "0.87", "best_ask": "0.88"}, {"asset_id": "40254106575472061941375290040006576761421521228516905144674261800051321707482", "price": "0.74", "size": "0", "side": "SELL", "hash": "f5e716514c6269a10d09d5c54cee43194cea1e45", "best_bid": "0.12", "best_ask": "0.13"}], "timestamp": "1769384566995", "event_type": "price_change"}}
{"_local_timestamp": "2026-01-25T23:43:07.335092+00:00", "data": {"market": "0x30054813e3042a136c7425521dcff77de0f373eb90115a18a1572385600789cb", "price_changes": [{"asset_id": "44440935186939022539404219493934689092553157650407042871781503732943077460933", "price": "0.25", "size": "1680", "side": "BUY", "hash": "6c9f7014cc79423b2a225a3844120844187b77f8", "best_bid": "0.87", "best_ask": "0.88"}, {"asset_id": "40254106575472061941375290040006576761421521228516905144674261800051321707482", "price": "0.75", "size": "1680", "side": "SELL", "hash": "7066c4b1bb879e0a9f0df4cfd306f02fc81434f3", "best_bid": "0.12", "best_ask": "0.13"}], "timestamp": "1769384587242", "event_type": "price_change"}}
{"_local_timestamp": "2026-01-25T23:44:32.450862+00:00", "data": {"market": "0x30054813e3042a136c7425521dcff77de0f373eb90115a18a1572385600789cb", "price_changes": [{"asset_id": "44440935186939022539404219493934689092553157650407042871781503732943077460933", "price": "0.25", "size": "0", "side": "BUY", "hash": "7d6f6fb0e1873f4231545612e1b90a1549af6c62", "best_bid": "0.87", "best_ask": "0.88"}, {"asset_id": "40254106575472061941375290040006576761421521228516905144674261800051321707482", "price": "0.75", "size": "0", "side": "SELL", "hash": "79fb22243700c6102b0131f984ff4eeea66bd663", "best_bid": "0.12", "best_ask": "0.13"}], "timestamp": "1769384672296", "event_type": "price_change"}}
{"_local_timestamp": "2026-01-25T23:44:43.236050+00:00", "data": {"market": "0x30054813e3042a136c7425521dcff77de0f373eb90115a18a1572385600789cb", "price_changes": [{"asset_id": "44440935186939022539404219493934689092553157650407042871781503732943077460933", "price": "0.24", "size": "1748", "side": "BUY", "hash": "a75ce52aba9c820aab7eb2ebc88433b8e9227665", "best_bid": "0.87", "best_ask": "0.88"}, {"asset_id": "40254106575472061941375290040006576761421521228516905144674261800051321707482", "price": "0.76", "size": "1748", "side": "SELL", "hash": "724ef947cc68803edf1a57f4854339eab4dc4e84", "best_bid": "0.12", "best_ask": "0.13"}], "timestamp": "1769384683171", "event_type": "price_change"}}
{"_local_timestamp": "2026-01-25T23:45:08.389507+00:00", "data": {"market": "0xabdfaae7b3d15f709e840c9911d63c5c745bed1100a642ffbbdd3784b9b69c2d", "price_changes": [{"asset_id": "54751566429462665278170072010645394639941870691445000550071555111998490502168", "price": "0.07", "size": "0", "side": "BUY", "hash": "7a85fd8be4710f23bc703cf0a6d560a9d24b663f", "best_bid": "0.13", "best_ask": "0.16"}, {"asset_id": "92534996990950071404295529276884565838491605025173691546609408221092813068988", "price": "0.93", "size": "0", "side": "SELL", "hash": "ef4c73302101478bed16b8c58bd93dfbee63f41f", "best_bid": "0.84", "best_ask": "0.87"}], "timestamp": "1769384708316", "event_type": "price_change"}}
{"_local_timestamp": "2026-01-25T23:45:08.402526+00:00", "data": {"market": "0xabdfaae7b3d15f709e840c9911d63c5c745bed1100a642ffbbdd3784b9b69c2d", "price_changes": [{"asset_id": "54751566429462665278170072010645394639941870691445000550071555111998490502168", "price": "0.34", "size": "0", "side": "SELL", "hash": "b1990a2d91382aa8c5833067a2c63efa999eaa73", "best_bid": "0.13", "best_ask": "0.16"}, {"asset_id": "92534996990950071404295529276884565838491605025173691546609408221092813068988", "price": "0.66", "size": "0", "side": "BUY", "hash": "6d0ed810a7a443902cb5bd984e341d77a4e03393", "best_bid": "0.84", "best_ask": "0.87"}], "timestamp": "1769384708341", "event_type": "price_change"}}
{"_local_timestamp": "2026-01-25T23:45:08.444134+00:00", "data": {"market": "0xabdfaae7b3d15f709e840c9911d63c5c745bed1100a642ffbbdd3784b9b69c2d", "price_changes": [{"asset_id": "54751566429462665278170072010645394639941870691445000550071555111998490502168", "price": "0.37", "size": "452", "side": "SELL", "hash": "98900e06d083b368d68f3b7bb9db99f6fdf17c19", "best_bid": "0.13", "best_ask": "0.16"}, {"asset_id": "92534996990950071404295529276884565838491605025173691546609408221092813068988", "price": "0.63", "size": "452", "side": "BUY", "hash": "3939074888bc03884e71d9739a78e9b870377c63", "best_bid": "0.84", "best_ask": "0.87"}], "timestamp": "1769384708373", "event_type": "price_change"}}
{"_local_timestamp": "2026-01-25T23:45:08.990028+00:00", "data": {"market": "0xabdfaae7b3d15f709e840c9911d63c5c745bed1100a642ffbbdd3784b9b69c2d", "price_changes": [{"asset_id": "54751566429462665278170072010645394639941870691445000550071555111998490502168", "price": "0.04", "size": "16.88", "side": "BUY", "hash": "f12dd335f05ba337ff46184c65782a0de8225088", "best_bid": "0.13", "best_ask": "0.16"}, {"asset_id": "92534996990950071404295529276884565838491605025173691546609408221092813068988", "price": "0.96", "size": "16.88", "side": "SELL", "hash": "a13433f9dbe65679ebd48179c4da8a26ba0f9b57", "best_bid": "0.84", "best_ask": "0.87"}], "timestamp": "1769384708927", "event_type": "price_change"}}
{"_local_timestamp": "2026-01-25T23:45:08.995354+00:00", "data": {"market": "0xabdfaae7b3d15f709e840c9911d63c5c745bed1100a642ffbbdd3784b9b69c2d", "price_changes": [{"asset_id": "54751566429462665278170072010645394639941870691445000550071555111998490502168", "price": "0.02", "size": "62.26", "side": "BUY", "hash": "b22d7ed666cc9cd46a68f2f98efcd66bc28116c6", "best_bid": "0.13", "best_ask": "0.16"}, {"asset_id": "92534996990950071404295529276884565838491605025173691546609408221092813068988", "price": "0.98", "size": "62.26", "side": "SELL", "hash": "ce2d3d3c3f2f1a958fad4845285c4c87f5fd104d", "best_bid": "0.84", "best_ask": "0.87"}], "timestamp": "1769384708928", "event_type": "price_change"}}
{"_local_timestamp": "2026-01-25T23:45:09.788347+00:00", "data": {"market": "0xabdfaae7b3d15f709e840c9911d63c5c745bed1100a642ffbbdd3784b9b69c2d", "price_changes": [{"asset_id": "54751566429462665278170072010645394639941870691445000550071555111998490502168", "price": "0.41", "size": "0", "side": "SELL", "hash": "6e4faff3b3d8f4d32b3dbc36f8050468f81c9950", "best_bid": "0.13", "best_ask": "0.16"}, {"asset_id": "92534996990950071404295529276884565838491605025173691546609408221092813068988", "price": "0.59", "size": "0", "side": "BUY", "hash": "fa86cf00ec7f5ae4e4edce21cc6c162cd2afd668", "best_bid": "0.84", "best_ask": "0.87"}], "timestamp": "1769384709722", "event_type": "price_change"}}
{"_local_timestamp": "2026-01-25T23:45:09.952191+00:00", "data": {"market": "0xabdfaae7b3d15f709e840c9911d63c5c745bed1100a642ffbbdd3784b9b69c2d", "price_changes": [{"asset_id": "54751566429462665278170072010645394639941870691445000550071555111998490502168", "price": "0.03", "size": "0", "side": "BUY", "hash": "78a3965d5a4c0ef3bb2d7b32c019b9d85101eee7", "best_bid": "0.13", "best_ask": "0.16"}, {"asset_id": "92534996990950071404295529276884565838491605025173691546609408221092813068988", "price": "0.97", "size": "0", "side": "SELL", "hash": "bc706701bf57258c6ccdaed5a4e76f04b18527be", "best_bid": "0.84", "best_ask": "0.87"}], "timestamp": "1769384709866", "event_type": "price_change"}}
{"_local_timestamp": "2026-01-25T23:45:09.960115+00:00", "data": {"market": "0xabdfaae7b3d15f709e840c9911d63c5c745bed1100a642ffbbdd3784b9b69c2d", "price_changes": [{"asset_id": "54751566429462665278170072010645394639941870691445000550071555111998490502168", "price": "0.05", "size": "20", "side": "BUY", "hash": "571f5cfcc284bae5d46da32a94b9f060cc195f78", "best_bid": "0.13", "best_ask": "0.16"}, {"asset_id": "92534996990950071404295529276884565838491605025173691546609408221092813068988", "price": "0.95", "size": "20", "side": "SELL", "hash": "e25c1c6a8cd7df17ec72e9ef5bc9f0928ef1d186", "best_bid": "0.84", "best_ask": "0.87"}], "timestamp": "1769384709896", "event_type": "price_change"}}
{"_local_timestamp": "2026-01-25T23:45:10.243854+00:00", "data": {"market": "0xabdfaae7b3d15f709e840c9911d63c5c745bed1100a642ffbbdd3784b9b69c2d", "price_changes": [{"asset_id": "54751566429462665278170072010645394639941870691445000550071555111998490502168", "price": "0.36", "size": "116.8", "side": "SELL", "hash": "4ce34110c540ef616aaf910b53c24cada622fa59", "best_bid": "0.13", "best_ask": "0.16"}, {"asset_id": "92534996990950071404295529276884565838491605025173691546609408221092813068988", "price": "0.64", "size": "116.8", "side": "BUY", "hash": "5f5b6bf844c4391eaef6d59a6f015caf4d80e372", "best_bid": "0.84", "best_ask": "0.87"}], "timestamp": "1769384710172", "event_type": "price_change"}}
{"_local_timestamp": "2026-01-25T23:45:10.259913+00:00", "data": {"market": "0xabdfaae7b3d15f709e840c9911d63c5c745bed1100a642ffbbdd3784b9b69c2d", "price_changes": [{"asset_id": "54751566429462665278170072010645394639941870691445000550071555111998490502168", "price": "0.37", "size": "0", "side": "SELL", "hash": "3a62638d1090524bb4a723910a8a1a769437de29", "best_bid": "0.13", "best_ask": "0.16"}, {"asset_id": "92534996990950071404295529276884565838491605025173691546609408221092813068988", "price": "0.63", "size": "0", "side": "BUY", "hash": "27237d1d9de97f3adba96689f13c27a83342bce9", "best_bid": "0.84", "best_ask": "0.87"}], "timestamp": "1769384710197", "event_type": "price_change"}}
{"_local_timestamp": "2026-01-25T23:45:10.292198+00:00", "data": {"market": "0xabdfaae7b3d15f709e840c9911d63c5c745bed1100a642ffbbdd3784b9b69c2d", "price_changes": [{"asset_id": "54751566429462665278170072010645394639941870691445000550071555111998490502168", "price": "0.35", "size": "385", "side": "SELL", "hash": "2551785b297396c31a9b144c4b3644799034b125", "best_bid": "0.13", "best_ask": "0.16"}, {"asset_id": "92534996990950071404295529276884565838491605025173691546609408221092813068988", "price": "0.65", "size": "385", "side": "BUY", "hash": "b604df846b5a684a6d91c2f209925a2ceea4cdb0", "best_bid": "0.84", "best_ask": "0.87"}], "timestamp": "1769384710224", "event_type": "price_change"}}
{"_local_timestamp": "2026-01-25T23:45:14.085120+00:00", "data": {"market": "0xabdfaae7b3d15f709e840c9911d63c5c745bed1100a642ffbbdd3784b9b69c2d", "price_changes": [{"asset_id": "54751566429462665278170072010645394639941870691445000550071555111998490502168", "price": "0.36", "size": "0", "side": "SELL", "hash": "f571eebbd053cc694330003e93bcc83ab2487762", "best_bid": "0.13", "best_ask": "0.16"}, {"asset_id": "92534996990950071404295529276884565838491605025173691546609408221092813068988", "price": "0.64", "size": "0", "side": "BUY", "hash": "05af553f55709011dce8fc1b27a9ddc70c86c181", "best_bid": "0.84", "best_ask": "0.87"}], "timestamp": "1769384714006", "event_type": "price_change"}}
{"_local_timestamp": "2026-01-25T23:45:14.285907+00:00", "data": {"market": "0xabdfaae7b3d15f709e840c9911d63c5c745bed1100a642ffbbdd3784b9b69c2d", "price_changes": [{"asset_id": "54751566429462665278170072010645394639941870691445000550071555111998490502168", "price": "0.34", "size": "116.8", "side": "SELL", "hash": "842a26cc95b7ef1ddf90b1644f89786268ea696e", "best_bid": "0.13", "best_ask": "0.16"}, {"asset_id": "92534996990950071404295529276884565838491605025173691546609408221092813068988", "price": "0.66", "size": "116.8", "side": "BUY", "hash": "d213a29c657fd2e20e8dbbe7fa1661a0dbff1ecc", "best_bid": "0.84", "best_ask": "0.87"}], "timestamp": "1769384714222", "event_type": "price_change"}}
{"_local_timestamp": "2026-01-25T23:45:14.313473+00:00", "data": {"market": "0xabdfaae7b3d15f709e840c9911d63c5c745bed1100a642ffbbdd3784b9b69c2d", "price_changes": [{"asset_id": "54751566429462665278170072010645394639941870691445000550071555111998490502168", "price": "0.35", "size": "0", "side": "SELL", "hash": "abef21f4e2b29ee9f6a71ed25d6f7f5077f705ba", "best_bid": "0.13", "best_ask": "0.16"}, {"asset_id": "92534996990950071404295529276884565838491605025173691546609408221092813068988", "price": "0.65", "size": "0", "side": "BUY", "hash": "845c03ba170df30848e1f434a421c7bee43b8378", "best_bid": "0.84", "best_ask": "0.87"}], "timestamp": "1769384714252", "event_type": "price_change"}}
{"_local_timestamp": "2026-01-25T23:45:14.331124+00:00", "data": {"market": "0x30054813e3042a136c7425521dcff77de0f373eb90115a18a1572385600789cb", "price_changes": [{"asset_id": "40254106575472061941375290040006576761421521228516905144674261800051321707482", "price": "0.03", "size": "9.44", "side": "BUY", "hash": "767327ba32e21ac46e96b314fd7d62d4d0bae355", "best_bid": "0.12", "best_ask": "0.13"}, {"asset_id": "44440935186939022539404219493934689092553157650407042871781503732943077460933", "price": "0.97", "size": "9.44", "side": "SELL", "hash": "c6bade37923e0d83dfb2659005bccb7fe7cde1a7", "best_bid": "0.87", "best_ask": "0.88"}], "timestamp": "1769384714267", "event_type": "price_change"}}
{"_local_timestamp": "2026-01-25T23:45:14.722699+00:00", "data": {"market": "0x30054813e3042a136c7425521dcff77de0f373eb90115a18a1572385600789cb", "price_changes": [{"asset_id": "40254106575472061941375290040006576761421521228516905144674261800051321707482", "price": "0.02", "size": "1011.89", "side": "BUY", "hash": "57a7d63cf697e8d3390d5b96959eb1f338b27529", "best_bid": "0.12", "best_ask": "0.13"}, {"asset_id": "44440935186939022539404219493934689092553157650407042871781503732943077460933", "price": "0.98", "size": "1011.89", "side": "SELL", "hash": "224610249f906c99f27e73d91afad7ff726e6937", "best_bid": "0.87", "best_ask": "0.88"}], "timestamp": "1769384714649", "event_type": "price_change"}}
{"_local_timestamp": "2026-01-25T23:45:14.726733+00:00", "data": {"market": "0x30054813e3042a136c7425521dcff77de0f373eb90115a18a1572385600789cb", "price_changes": [{"asset_id": "40254106575472061941375290040006576761421521228516905144674261800051321707482", "price": "0.04", "size": "11.97", "side": "BUY", "hash": "b03276091e0aa09f1bca5a1381e00b67714e02e3", "best_bid": "0.12", "best_ask": "0.13"}, {"asset_id": "44440935186939022539404219493934689092553157650407042871781503732943077460933", "price": "0.96", "size": "11.97", "side": "SELL", "hash": "4d498f15ab10594e2a72e4285ed6b7c88616833b", "best_bid": "0.87", "best_ask": "0.88"}], "timestamp": "1769384714658", "event_type": "price_change"}}
{"_local_timestamp": "2026-01-25T23:45:18.389384+00:00", "data": {"market": "0xabdfaae7b3d15f709e840c9911d63c5c745bed1100a642ffbbdd3784b9b69c2d", "price_changes": [{"asset_id": "54751566429462665278170072010645394639941870691445000550071555111998490502168", "price": "0.34", "size": "0", "side": "SELL", "hash": "070cb9dceacde3231bc04804e0dd040458dab793", "best_bid": "0.13", "best_ask": "0.16"}, {"asset_id": "92534996990950071404295529276884565838491605025173691546609408221092813068988", "price": "0.66", "size": "0", "side": "BUY", "hash": "3ae6bf31a51b19669e4f8d5868aa4ec16b23dcc1", "best_bid": "0.84", "best_ask": "0.87"}], "timestamp": "1769384718318", "event_type": "price_change"}}
{"_local_timestamp": "2026-01-25T23:45:18.417159+00:00", "data": {"market": "0xabdfaae7b3d15f709e840c9911d63c5c745bed1100a642ffbbdd3784b9b69c2d", "price_changes": [{"asset_id": "54751566429462665278170072010645394639941870691445000550071555111998490502168", "price": "0.37", "size": "438", "side": "SELL", "hash": "ee90fefdced342838dbea06683f5b79d762a99f9", "best_bid": "0.13", "best_ask": "0.16"}, {"asset_id": "92534996990950071404295529276884565838491605025173691546609408221092813068988", "price": "0.63", "size": "438", "side": "BUY", "hash": "0a47b5101a10cfb2d3d3cf2ebdf7ce61eca9fee8", "best_bid": "0.84", "best_ask": "0.87"}], "timestamp": "1769384718348", "event_type": "price_change"}}
{"_local_timestamp": "2026-01-25T23:45:18.815857+00:00", "data": {"market": "0xabdfaae7b3d15f709e840c9911d63c5c745bed1100a642ffbbdd3784b9b69c2d", "price_changes": [{"asset_id": "54751566429462665278170072010645394639941870691445000550071555111998490502168", "price": "0.41", "size": "116.8", "side": "SELL", "hash": "52ee6e8f11223600e2bfd3a796ecb5d8fed39674", "best_bid": "0.13", "best_ask": "0.16"}, {"asset_id": "92534996990950071404295529276884565838491605025173691546609408221092813068988", "price": "0.59", "size": "116.8", "side": "BUY", "hash": "c7cd9182ca2cf67118fbc242c52b4d6e0966a6e5", "best_bid": "0.84", "best_ask": "0.87"}], "timestamp": "1769384718742", "event_type": "price_change"}}
{"_local_timestamp": "2026-01-25T23:45:22.818154+00:00", "data": {"market": "0xabdfaae7b3d15f709e840c9911d63c5c745bed1100a642ffbbdd3784b9b69c2d", "price_changes": [{"asset_id": "54751566429462665278170072010645394639941870691445000550071555111998490502168", "price": "0.41", "size": "0", "side": "SELL", "hash": "b9cb135fc2b659afa66725268c0496500185eea9", "best_bid": "0.13", "best_ask": "0.16"}, {"asset_id": "92534996990950071404295529276884565838491605025173691546609408221092813068988", "price": "0.59", "size": "0", "side": "BUY", "hash": "10b391ab56a7118ad353e99ba4b5fb025cae753e", "best_bid": "0.84", "best_ask": "0.87"}], "timestamp": "1769384722742", "event_type": "price_change"}}
{"_local_timestamp": "2026-01-25T23:45:23.169592+00:00", "data": {"market": "0xabdfaae7b3d15f709e840c9911d63c5c745bed1100a642ffbbdd3784b9b69c2d", "price_changes": [{"asset_id": "54751566429462665278170072010645394639941870691445000550071555111998490502168", "price": "0.36", "size": "116.8", "side": "SELL", "hash": "d2bb533b484c2b08afaf1c7f91ea6b278815229d", "best_bid": "0.13", "best_ask": "0.16"}, {"asset_id": "92534996990950071404295529276884565838491605025173691546609408221092813068988", "price": "0.64", "size": "116.8", "side": "BUY", "hash": "e8036dec2ef3255ba4f08087dd2f0e9d6feca636", "best_bid": "0.84", "best_ask": "0.87"}], "timestamp": "1769384723087", "event_type": "price_change"}}
{"_local_timestamp": "2026-01-25T23:45:23.196280+00:00", "data": {"market": "0xabdfaae7b3d15f709e840c9911d63c5c745bed1100a642ffbbdd3784b9b69c2d", "price_changes": [{"asset_id": "54751566429462665278170072010645394639941870691445000550071555111998490502168", "price": "0.37", "size": "0", "side": "SELL", "hash": "aa2a33fb70920ce7c0e3356c1076e234a663844f", "best_bid": "0.13", "best_ask": "0.16"}, {"asset_id": "92534996990950071404295529276884565838491605025173691546609408221092813068988", "price": "0.63", "size": "0", "side": "BUY", "hash": "7244e11b7e6b901fc44b8233df62c025fb7cda8f", "best_bid": "0.84", "best_ask": "0.87"}], "timestamp": "1769384723130", "event_type": "price_change"}}
{"_local_timestamp": "2026-01-25T23:45:23.230991+00:00", "data": {"market": "0xabdfaae7b3d15f709e840c9911d63c5c745bed1100a642ffbbdd3784b9b69c2d", "price_changes": [{"asset_id": "54751566429462665278170072010645394639941870691445000550071555111998490502168", "price": "0.35", "size": "385", "side": "SELL", "hash": "3cb5e531bb18a9ed37124e16abcbdd5f80199180", "best_bid": "0.13", "best_ask": "0.16"}, {"asset_id": "92534996990950071404295529276884565838491605025173691546609408221092813068988", "price": "0.65", "size": "385", "side": "BUY", "hash": "c8b568753d02832889b525abeff491a27954f7f8", "best_bid": "0.84", "best_ask": "0.87"}], "timestamp": "1769384723157", "event_type": "price_change"}}
{"_local_timestamp": "2026-01-25T23:45:27.222972+00:00", "data": {"market": "0xabdfaae7b3d15f709e840c9911d63c5c745bed1100a642ffbbdd3784b9b69c2d", "price_changes": [{"asset_id": "54751566429462665278170072010645394639941870691445000550071555111998490502168", "price": "0.36", "size": "0", "side": "SELL", "hash": "f8bb2ebc825bbc883cd4b415675e5fcf68fcb3f1", "best_bid": "0.13", "best_ask": "0.16"}, {"asset_id": "92534996990950071404295529276884565838491605025173691546609408221092813068988", "price": "0.64", "size": "0", "side": "BUY", "hash": "9f6e397be3f72f50b96d59cae9d81b23626783b6", "best_bid": "0.84", "best_ask": "0.87"}], "timestamp": "1769384727154", "event_type": "price_change"}}
{"_local_timestamp": "2026-01-25T23:45:27.558428+00:00", "data": {"market": "0xabdfaae7b3d15f709e840c9911d63c5c745bed1100a642ffbbdd3784b9b69c2d", "price_changes": [{"asset_id": "54751566429462665278170072010645394639941870691445000550071555111998490502168", "price": "0.34", "size": "116.8", "side": "SELL", "hash": "302355d21f2d5dbaf8e55911f96b38e52b114404", "best_bid": "0.13", "best_ask": "0.16"}, {"asset_id": "92534996990950071404295529276884565838491605025173691546609408221092813068988", "price": "0.66", "size": "116.8", "side": "BUY", "hash": "49da37867612afadab07300594c952d59d78312c", "best_bid": "0.84", "best_ask": "0.87"}], "timestamp": "1769384727494", "event_type": "price_change"}}
{"_local_timestamp": "2026-01-25T23:45:27.581452+00:00", "data": {"market": "0xabdfaae7b3d15f709e840c9911d63c5c745bed1100a642ffbbdd3784b9b69c2d", "price_changes": [{"asset_id": "54751566429462665278170072010645394639941870691445000550071555111998490502168", "price": "0.35", "size": "0", "side": "SELL", "hash": "7daba3d78493db01383c31875568cd6f81b13914", "best_bid": "0.13", "best_ask": "0.16"}, {"asset_id": "92534996990950071404295529276884565838491605025173691546609408221092813068988", "price": "0.65", "size": "0", "side": "BUY", "hash": "612e127e0de46e57ec302852132bc977611ea823", "best_bid": "0.84", "best_ask": "0.87"}], "timestamp": "1769384727520", "event_type": "price_change"}}
{"_local_timestamp": "2026-01-25T23:45:31.658441+00:00", "data": {"market": "0xabdfaae7b3d15f709e840c9911d63c5c745bed1100a642ffbbdd3784b9b69c2d", "price_changes": [{"asset_id": "54751566429462665278170072010645394639941870691445000550071555111998490502168", "price": "0.34", "size": "0", "side": "SELL", "hash": "0d29e940a2b28f3e9a83b958f29549e3ccdbc0e7", "best_bid": "0.13", "best_ask": "0.16"}, {"asset_id": "92534996990950071404295529276884565838491605025173691546609408221092813068988", "price": "0.66", "size": "0", "side": "BUY", "hash": "bc41a319ae21adf9ee6c3ecbd0fc228eea37114d", "best_bid": "0.84", "best_ask": "0.87"}], "timestamp": "1769384731585", "event_type": "price_change"}}
{"_local_timestamp": "2026-01-25T23:45:31.679661+00:00", "data": {"market": "0xabdfaae7b3d15f709e840c9911d63c5c745bed1100a642ffbbdd3784b9b69c2d", "price_changes": [{"asset_id": "54751566429462665278170072010645394639941870691445000550071555111998490502168", "price": "0.37", "size": "438", "side": "SELL", "hash": "0fe1a585920b8ea38cdd61516571e1aeac4fc4fe", "best_bid": "0.13", "best_ask": "0.16"}, {"asset_id": "92534996990950071404295529276884565838491605025173691546609408221092813068988", "price": "0.63", "size": "438", "side": "BUY", "hash": "00dd6fb01e32727fdfbae412d074cbbe027e1470", "best_bid": "0.84", "best_ask": "0.87"}], "timestamp": "1769384731613", "event_type": "price_change"}}
{"_local_timestamp": "2026-01-25T23:45:32.062277+00:00", "data": {"market": "0xabdfaae7b3d15f709e840c9911d63c5c745bed1100a642ffbbdd3784b9b69c2d", "price_changes": [{"asset_id": "54751566429462665278170072010645394639941870691445000550071555111998490502168", "price": "0.41", "size": "116.8", "side": "SELL", "hash": "7739f9a9798dae82b67f8b34336fb5de94db1d54", "best_bid": "0.13", "best_ask": "0.16"}, {"asset_id": "92534996990950071404295529276884565838491605025173691546609408221092813068988", "price": "0.59", "size": "116.8", "side": "BUY", "hash": "0805180a76c70936491864f8f383fdb8cbbfff9d", "best_bid": "0.84", "best_ask": "0.87"}], "timestamp": "1769384731996", "event_type": "price_change"}}
{"_local_timestamp": "2026-01-25T23:45:35.917336+00:00", "data": {"market": "0xabdfaae7b3d15f709e840c9911d63c5c745bed1100a642ffbbdd3784b9b69c2d", "price_changes": [{"asset_id": "54751566429462665278170072010645394639941870691445000550071555111998490502168", "price": "0.41", "size": "0", "side": "SELL", "hash": "176ead23bc72cd44bd7377f6f97b51f3fcd5eae6", "best_bid": "0.13", "best_ask": "0.16"}, {"asset_id": "92534996990950071404295529276884565838491605025173691546609408221092813068988", "price": "0.59", "size": "0", "side": "BUY", "hash": "06f36286a6ba4bd65efe3d57e8c063caba498554", "best_bid": "0.84", "best_ask": "0.87"}], "timestamp": "1769384735844", "event_type": "price_change"}}
{"_local_timestamp": "2026-01-25T23:45:36.309013+00:00", "data": {"market": "0xabdfaae7b3d15f709e840c9911d63c5c745bed1100a642ffbbdd3784b9b69c2d", "price_changes": [{"asset_id": "54751566429462665278170072010645394639941870691445000550071555111998490502168", "price": "0.36", "size": "116.8", "side": "SELL", "hash": "06b4612b6021cd31cf4af727fea79d17da25c487", "best_bid": "0.13", "best_ask": "0.16"}, {"asset_id": "92534996990950071404295529276884565838491605025173691546609408221092813068988", "price": "0.64", "size": "116.8", "side": "BUY", "hash": "bf5b429e45eadc9238d58208acdf156b5f88b92d", "best_bid": "0.84", "best_ask": "0.87"}], "timestamp": "1769384736238", "event_type": "price_change"}}
{"_local_timestamp": "2026-01-25T23:45:36.330591+00:00", "data": {"market": "0xabdfaae7b3d15f709e840c9911d63c5c745bed1100a642ffbbdd3784b9b69c2d", "price_changes": [{"asset_id": "54751566429462665278170072010645394639941870691445000550071555111998490502168", "price": "0.37", "size": "0", "side": "SELL", "hash": "42b3cf55f49291273311083ce2ded1b4a5bddf6f", "best_bid": "0.13", "best_ask": "0.16"}, {"asset_id": "92534996990950071404295529276884565838491605025173691546609408221092813068988", "price": "0.63", "size": "0", "side": "BUY", "hash": "41ee34fb71cb3eea792df5eedc49d4902cfef28e", "best_bid": "0.84", "best_ask": "0.87"}], "timestamp": "1769384736262", "event_type": "price_change"}}
{"_local_timestamp": "2026-01-25T23:45:36.349264+00:00", "data": {"market": "0xabdfaae7b3d15f709e840c9911d63c5c745bed1100a642ffbbdd3784b9b69c2d", "price_changes": [{"asset_id": "54751566429462665278170072010645394639941870691445000550071555111998490502168", "price": "0.35", "size": "385", "side": "SELL", "hash": "b5e4a4aaec62d674e87684aaf2228c3eb635a27c", "best_bid": "0.13", "best_ask": "0.16"}, {"asset_id": "92534996990950071404295529276884565838491605025173691546609408221092813068988", "price": "0.65", "size": "385", "side": "BUY", "hash": "0e8394dee7fea6144a973bbb030d0813a399a0a7", "best_bid": "0.84", "best_ask": "0.87"}], "timestamp": "1769384736287", "event_type": "price_change"}}
{"_local_timestamp": "2026-01-25T23:45:40.059412+00:00", "data": {"market": "0xabdfaae7b3d15f709e840c9911d63c5c745bed1100a642ffbbdd3784b9b69c2d", "price_changes": [{"asset_id": "54751566429462665278170072010645394639941870691445000550071555111998490502168", "price": "0.36", "size": "0", "side": "SELL", "hash": "09351a2dabf0b22bdf495cb68894d408c8630c75", "best_bid": "0.13", "best_ask": "0.16"}, {"asset_id": "92534996990950071404295529276884565838491605025173691546609408221092813068988", "price": "0.64", "size": "0", "side": "BUY", "hash": "ed3df9721d6b99638fe362aca3cc66cdcd06aa74", "best_bid": "0.84", "best_ask": "0.87"}], "timestamp": "1769384739989", "event_type": "price_change"}}
{"_local_timestamp": "2026-01-25T23:45:40.447145+00:00", "data": {"market": "0xabdfaae7b3d15f709e840c9911d63c5c745bed1100a642ffbbdd3784b9b69c2d", "price_changes": [{"asset_id": "54751566429462665278170072010645394639941870691445000550071555111998490502168", "price": "0.34", "size": "116.8", "side": "SELL", "hash": "b86ee7d5e1c5d8d4a6593051160e3f03f749e73d", "best_bid": "0.13", "best_ask": "0.16"}, {"asset_id": "92534996990950071404295529276884565838491605025173691546609408221092813068988", "price": "0.66", "size": "116.8", "side": "BUY", "hash": "07c408d06e5e50a33285839ab68849facb6afd16", "best_bid": "0.84", "best_ask": "0.87"}], "timestamp": "1769384740378", "event_type": "price_change"}}
{"_local_timestamp": "2026-01-25T23:45:40.486485+00:00", "data": {"market": "0xabdfaae7b3d15f709e840c9911d63c5c745bed1100a642ffbbdd3784b9b69c2d", "price_changes": [{"asset_id": "54751566429462665278170072010645394639941870691445000550071555111998490502168", "price": "0.35", "size": "0", "side": "SELL", "hash": "2d7d2db5cb5c2c3af9d79f620fb02fc934792c39", "best_bid": "0.13", "best_ask": "0.16"}, {"asset_id": "92534996990950071404295529276884565838491605025173691546609408221092813068988", "price": "0.65", "size": "0", "side": "BUY", "hash": "82712886877b023e5cef106056e47c8d7c7991ef", "best_bid": "0.84", "best_ask": "0.87"}], "timestamp": "1769384740404", "event_type": "price_change"}}
{"_local_timestamp": "2026-01-25T23:45:41.287149+00:00", "data": {"market": "0x30054813e3042a136c7425521dcff77de0f373eb90115a18a1572385600789cb", "price_changes": [{"asset_id": "40254106575472061941375290040006576761421521228516905144674261800051321707482", "price": "0.1", "size": "1094.44", "side": "BUY", "hash": "31c578454aa3948f8218c5cfc4e8402b4b4d0726", "best_bid": "0.12", "best_ask": "0.13"}, {"asset_id": "44440935186939022539404219493934689092553157650407042871781503732943077460933", "price": "0.9", "size": "1094.44", "side": "SELL", "hash": "721b04b8912ad94f5dd9b19c89ca90af9fec4dc5", "best_bid": "0.87", "best_ask": "0.88"}], "timestamp": "1769384741190", "event_type": "price_change"}}
{"_local_timestamp": "2026-01-25T23:45:41.295262+00:00", "data": {"market": "0x30054813e3042a136c7425521dcff77de0f373eb90115a18a1572385600789cb", "price_changes": [{"asset_id": "44440935186939022539404219493934689092553157650407042871781503732943077460933", "price": "0.84", "size": "182.42", "side": "BUY", "hash": "2033a8ed914883d3f9fb3398a37f3c69fd29f543", "best_bid": "0.87", "best_ask": "0.88"}, {"asset_id": "40254106575472061941375290040006576761421521228516905144674261800051321707482", "price": "0.16", "size": "182.42", "side": "SELL", "hash": "5ca8a5be2ba626e3bf00e6bce9e7dbb1160887d6", "best_bid": "0.12", "best_ask": "0.13"}], "timestamp": "1769384741193", "event_type": "price_change"}}
{"_local_timestamp": "2026-01-25T23:45:41.302723+00:00", "data": {"market": "0xabdfaae7b3d15f709e840c9911d63c5c745bed1100a642ffbbdd3784b9b69c2d", "price_changes": [{"asset_id": "54751566429462665278170072010645394639941870691445000550071555111998490502168", "price": "0.11", "size": "10741.47", "side": "BUY", "hash": "0334ac2d65e58448b70faca34a794573cae7c2da", "best_bid": "0.13", "best_ask": "0.16"}, {"asset_id": "92534996990950071404295529276884565838491605025173691546609408221092813068988", "price": "0.89", "size": "10741.47", "side": "SELL", "hash": "9e2ec71d6e51d0ef05be783678a13a0996129121", "best_bid": "0.84", "best_ask": "0.87"}], "timestamp": "1769384741190", "event_type": "price_change"}}
{"_local_timestamp": "2026-01-25T23:45:44.325648+00:00", "data": {"market": "0xabdfaae7b3d15f709e840c9911d63c5c745bed1100a642ffbbdd3784b9b69c2d", "price_changes": [{"asset_id": "54751566429462665278170072010645394639941870691445000550071555111998490502168", "price": "0.34", "size": "0", "side": "SELL", "hash": "679349743932a9542e5751154d001dfb33c2b98f", "best_bid": "0.13", "best_ask": "0.16"}, {"asset_id": "92534996990950071404295529276884565838491605025173691546609408221092813068988", "price": "0.66", "size": "0", "side": "BUY", "hash": "c3e870e3085c15767febb76d6ea15072c6865117", "best_bid": "0.84", "best_ask": "0.87"}], "timestamp": "1769384744263", "event_type": "price_change"}}
{"_local_timestamp": "2026-01-25T23:45:44.352679+00:00", "data": {"market": "0xabdfaae7b3d15f709e840c9911d63c5c745bed1100a642ffbbdd3784b9b69c2d", "price_changes": [{"asset_id": "54751566429462665278170072010645394639941870691445000550071555111998490502168", "price": "0.37", "size": "438", "side": "SELL", "hash": "692984039702f131ab16888ae78915b1bf358f07", "best_bid": "0.13", "best_ask": "0.16"}, {"asset_id": "92534996990950071404295529276884565838491605025173691546609408221092813068988", "price": "0.63", "size": "438", "side": "BUY", "hash": "bcb3862e0797b9a5438f63cebb49a342cd69ba39", "best_bid": "0.84", "best_ask": "0.87"}], "timestamp": "1769384744290", "event_type": "price_change"}}
{"_local_timestamp": "2026-01-25T23:45:44.725317+00:00", "data": {"market": "0xabdfaae7b3d15f709e840c9911d63c5c745bed1100a642ffbbdd3784b9b69c2d", "price_changes": [{"asset_id": "54751566429462665278170072010645394639941870691445000550071555111998490502168", "price": "0.41", "size": "116.8", "side": "SELL", "hash": "bebfbfd07b6db17f77f875628a5ec349e4b57daf", "best_bid": "0.13", "best_ask": "0.16"}, {"asset_id": "92534996990950071404295529276884565838491605025173691546609408221092813068988", "price": "0.59", "size": "116.8", "side": "BUY", "hash": "2e24436843b3cb83a4968080f7f27f9220fa0fff", "best_bid": "0.84", "best_ask": "0.87"}], "timestamp": "1769384744657", "event_type": "price_change"}}
{"_local_timestamp": "2026-01-25T23:45:48.614865+00:00", "data": {"market": "0xabdfaae7b3d15f709e840c9911d63c5c745bed1100a642ffbbdd3784b9b69c2d", "price_changes": [{"asset_id": "54751566429462665278170072010645394639941870691445000550071555111998490502168", "price": "0.41", "size": "0", "side": "SELL", "hash": "17528016dafcd71cc274f97d3847bfcf0330ba5e", "best_bid": "0.13", "best_ask": "0.16"}, {"asset_id": "92534996990950071404295529276884565838491605025173691546609408221092813068988", "price": "0.59", "size": "0", "side": "BUY", "hash": "edacfe0c61550c36e40814783b305bc2d939c87c", "best_bid": "0.84", "best_ask": "0.87"}], "timestamp": "1769384748544", "event_type": "price_change"}}
{"_local_timestamp": "2026-01-25T23:45:48.953503+00:00", "data": {"market": "0xabdfaae7b3d15f709e840c9911d63c5c745bed1100a642ffbbdd3784b9b69c2d", "price_changes": [{"asset_id": "54751566429462665278170072010645394639941870691445000550071555111998490502168", "price": "0.36", "size": "116.8", "side": "SELL", "hash": "5865feb2527ded4dcad2e67b54793ca226957512", "best_bid": "0.13", "best_ask": "0.16"}, {"asset_id": "92534996990950071404295529276884565838491605025173691546609408221092813068988", "price": "0.64", "size": "116.8", "side": "BUY", "hash": "4e7947b6ac5949d99fa32ab90b3c8e32bde03ca9", "best_bid": "0.84", "best_ask": "0.87"}], "timestamp": "1769384748883", "event_type": "price_change"}}
{"_local_timestamp": "2026-01-25T23:45:48.994060+00:00", "data": {"market": "0xabdfaae7b3d15f709e840c9911d63c5c745bed1100a642ffbbdd3784b9b69c2d", "price_changes": [{"asset_id": "54751566429462665278170072010645394639941870691445000550071555111998490502168", "price": "0.37", "size": "0", "side": "SELL", "hash": "764b7492035666c4fd8958bae1f1942dfa4aafab", "best_bid": "0.13", "best_ask": "0.16"}, {"asset_id": "92534996990950071404295529276884565838491605025173691546609408221092813068988", "price": "0.63", "size": "0", "side": "BUY", "hash": "9d77493257b0282d6b3f2635988ce3fc31d639b7", "best_bid": "0.84", "best_ask": "0.87"}], "timestamp": "1769384748931", "event_type": "price_change"}}
{"_local_timestamp": "2026-01-25T23:45:49.023377+00:00", "data": {"market": "0xabdfaae7b3d15f709e840c9911d63c5c745bed1100a642ffbbdd3784b9b69c2d", "price_changes": [{"asset_id": "54751566429462665278170072010645394639941870691445000550071555111998490502168", "price": "0.35", "size": "385", "side": "SELL", "hash": "34ee70f0cdf90c738c73988a129d3c95ab1d7fb8", "best_bid": "0.13", "best_ask": "0.16"}, {"asset_id": "92534996990950071404295529276884565838491605025173691546609408221092813068988", "price": "0.65", "size": "385", "side": "BUY", "hash": "116d8daa02dbbc0f6315abb72f53d3d47a7b2970", "best_bid": "0.84", "best_ask": "0.87"}], "timestamp": "1769384748956", "event_type": "price_change"}}
{"_local_timestamp": "2026-01-25T23:45:52.665849+00:00", "data": {"market": "0xabdfaae7b3d15f709e840c9911d63c5c745bed1100a642ffbbdd3784b9b69c2d", "price_changes": [{"asset_id": "54751566429462665278170072010645394639941870691445000550071555111998490502168", "price": "0.36", "size": "0", "side": "SELL", "hash": "27b4f7e57666ca145629020717e1486fceb9f930", "best_bid": "0.13", "best_ask": "0.16"}, {"asset_id": "92534996990950071404295529276884565838491605025173691546609408221092813068988", "price": "0.64", "size": "0", "side": "BUY", "hash": "756e0d6ef485cc0f6f5982bc12843141a319af81", "best_bid": "0.84", "best_ask": "0.87"}], "timestamp": "1769384752596", "event_type": "price_change"}}
{"_local_timestamp": "2026-01-25T23:45:52.982391+00:00", "data": {"market": "0xabdfaae7b3d15f709e840c9911d63c5c745bed1100a642ffbbdd3784b9b69c2d", "price_changes": [{"asset_id": "54751566429462665278170072010645394639941870691445000550071555111998490502168", "price": "0.34", "size": "116.8", "side": "SELL", "hash": "3f568f3a10800f53f7ace931a1964a9e97563f6a", "best_bid": "0.13", "best_ask": "0.16"}, {"asset_id": "92534996990950071404295529276884565838491605025173691546609408221092813068988", "price": "0.66", "size": "116.8", "side": "BUY", "hash": "3cf54a02f179debfc1411999be4444167480e1ba", "best_bid": "0.84", "best_ask": "0.87"}], "timestamp": "1769384752917", "event_type": "price_change"}}
{"_local_timestamp": "2026-01-25T23:45:53.009296+00:00", "data": {"market": "0xabdfaae7b3d15f709e840c9911d63c5c745bed1100a642ffbbdd3784b9b69c2d", "price_changes": [{"asset_id": "54751566429462665278170072010645394639941870691445000550071555111998490502168", "price": "0.35", "size": "0", "side": "SELL", "hash": "5ee7a9244dbc93591a3364c21abf52161ca12cde", "best_bid": "0.13", "best_ask": "0.16"}, {"asset_id": "92534996990950071404295529276884565838491605025173691546609408221092813068988", "price": "0.65", "size": "0", "side": "BUY", "hash": "0fcae913dbdff7e0b3df0903c6b8edbe9196cc9f", "best_bid": "0.84", "best_ask": "0.87"}], "timestamp": "1769384752945", "event_type": "price_change"}}
{"_local_timestamp": "2026-01-25T23:45:57.135901+00:00", "data": {"market": "0xabdfaae7b3d15f709e840c9911d63c5c745bed1100a642ffbbdd3784b9b69c2d", "price_changes": [{"asset_id": "54751566429462665278170072010645394639941870691445000550071555111998490502168", "price": "0.34", "size": "0", "side": "SELL", "hash": "011f88cb23e677a1adeb300bcd6f8fdffaa3b494", "best_bid": "0.13", "best_ask": "0.16"}, {"asset_id": "92534996990950071404295529276884565838491605025173691546609408221092813068988", "price": "0.66", "size": "0", "side": "BUY", "hash": "3f920342d1d141188d206c1c05121627c24d9661", "best_bid": "0.84", "best_ask": "0.87"}], "timestamp": "1769384756622", "event_type": "price_change"}}
{"_local_timestamp": "2026-01-25T23:45:57.334579+00:00", "data": {"market": "0xabdfaae7b3d15f709e840c9911d63c5c745bed1100a642ffbbdd3784b9b69c2d", "price_changes": [{"asset_id": "54751566429462665278170072010645394639941870691445000550071555111998490502168", "price": "0.37", "size": "438", "side": "SELL", "hash": "fe1d56ab6d99a5fa6fbf2294dcf492b672b1e57f", "best_bid": "0.13", "best_ask": "0.16"}, {"asset_id": "92534996990950071404295529276884565838491605025173691546609408221092813068988", "price": "0.63", "size": "438", "side": "BUY", "hash": "eee0b6f64f96c37ef86d3ef951fbf9b4af2e371b", "best_bid": "0.84", "best_ask": "0.87"}], "timestamp": "1769384757094", "event_type": "price_change"}}
{"_local_timestamp": "2026-01-25T23:45:57.334901+00:00", "data": {"market": "0xabdfaae7b3d15f709e840c9911d63c5c745bed1100a642ffbbdd3784b9b69c2d", "price_changes": [{"asset_id": "54751566429462665278170072010645394639941870691445000550071555111998490502168", "price": "0.41", "size": "116.8", "side": "SELL", "hash": "de1917cee2cf0c34592b8d08ca3fe680af282550", "best_bid": "0.13", "best_ask": "0.16"}, {"asset_id": "92534996990950071404295529276884565838491605025173691546609408221092813068988", "price": "0.59", "size": "116.8", "side": "BUY", "hash": "2102ac71c297a3f29693f0199a77e5b5251642b6", "best_bid": "0.84", "best_ask": "0.87"}], "timestamp": "1769384757099", "event_type": "price_change"}}
{"_local_timestamp": "2026-01-25T23:45:57.817251+00:00", "data": {"market": "0x30054813e3042a136c7425521dcff77de0f373eb90115a18a1572385600789cb", "price_changes": [{"asset_id": "40254106575472061941375290040006576761421521228516905144674261800051321707482", "price": "0.1", "size": "1144.44", "side": "BUY", "hash": "1d3f80a850dbe3a19b2458af759950240b39e53c", "best_bid": "0.12", "best_ask": "0.13"}, {"asset_id": "44440935186939022539404219493934689092553157650407042871781503732943077460933", "price": "0.9", "size": "1144.44", "side": "SELL", "hash": "be79f4594b8e3c0e88ae6eb4c773c3b60cee22ae", "best_bid": "0.87", "best_ask": "0.88"}], "timestamp": "1769384757746", "event_type": "price_change"}}
{"_local_timestamp": "2026-01-25T23:45:57.817719+00:00", "data": {"market": "0x30054813e3042a136c7425521dcff77de0f373eb90115a18a1572385600789cb", "price_changes": [{"asset_id": "44440935186939022539404219493934689092553157650407042871781503732943077460933", "price": "0.84", "size": "232.42", "side": "BUY", "hash": "d36a12124f12ff868cb17e7b2987b9980ae87c85", "best_bid": "0.87", "best_ask": "0.88"}, {"asset_id": "40254106575472061941375290040006576761421521228516905144674261800051321707482", "price": "0.16", "size": "232.42", "side": "SELL", "hash": "669d618284c24303d9b9b7464a286647cf8334c1", "best_bid": "0.12", "best_ask": "0.13"}], "timestamp": "1769384757747", "event_type": "price_change"}}
{"_local_timestamp": "2026-01-25T23:46:01.125927+00:00", "data": {"market": "0xabdfaae7b3d15f709e840c9911d63c5c745bed1100a642ffbbdd3784b9b69c2d", "price_changes": [{"asset_id": "54751566429462665278170072010645394639941870691445000550071555111998490502168", "price": "0.41", "size": "0", "side": "SELL", "hash": "a8b4893ad90efb5a1846a7fa8cd058c2d61a4548", "best_bid": "0.13", "best_ask": "0.16"}, {"asset_id": "92534996990950071404295529276884565838491605025173691546609408221092813068988", "price": "0.59", "size": "0", "side": "BUY", "hash": "0b8a4236009be7c07aaca82a288cc3398256a163", "best_bid": "0.84", "best_ask": "0.87"}], "timestamp": "1769384761058", "event_type": "price_change"}}
{"_local_timestamp": "2026-01-25T23:46:01.304544+00:00", "data": {"market": "0xabdfaae7b3d15f709e840c9911d63c5c745bed1100a642ffbbdd3784b9b69c2d", "price_changes": [{"asset_id": "54751566429462665278170072010645394639941870691445000550071555111998490502168", "price": "0.11", "size": "10791.47", "side": "BUY", "hash": "0778bb05378dca2208c120a6a68f310423499a83", "best_bid": "0.13", "best_ask": "0.16"}, {"asset_id": "92534996990950071404295529276884565838491605025173691546609408221092813068988", "price": "0.89", "size": "10791.47", "side": "SELL", "hash": "caafa9da074567141ed296c30ce3870d96d68140", "best_bid": "0.84", "best_ask": "0.87"}], "timestamp": "1769384761235", "event_type": "price_change"}}
{"_local_timestamp": "2026-01-25T23:46:01.590860+00:00", "data": {"market": "0xabdfaae7b3d15f709e840c9911d63c5c745bed1100a642ffbbdd3784b9b69c2d", "price_changes": [{"asset_id": "54751566429462665278170072010645394639941870691445000550071555111998490502168", "price": "0.36", "size": "116.8", "side": "SELL", "hash": "70ec7e0e34e4fa4cc028ab7996740966f525fe9e", "best_bid": "0.13", "best_ask": "0.16"}, {"asset_id": "92534996990950071404295529276884565838491605025173691546609408221092813068988", "price": "0.64", "size": "116.8", "side": "BUY", "hash": "8e455eb76c76af44f0100fbdbe4a07120325d455", "best_bid": "0.84", "best_ask": "0.87"}], "timestamp": "1769384761524", "event_type": "price_change"}}
{"_local_timestamp": "2026-01-25T23:46:01.618571+00:00", "data": {"market": "0xabdfaae7b3d15f709e840c9911d63c5c745bed1100a642ffbbdd3784b9b69c2d", "price_changes": [{"asset_id": "54751566429462665278170072010645394639941870691445000550071555111998490502168", "price": "0.37", "size": "0", "side": "SELL", "hash": "61f2043cdd78a3f43fdc79993a3435125fdd160f", "best_bid": "0.13", "best_ask": "0.16"}, {"asset_id": "92534996990950071404295529276884565838491605025173691546609408221092813068988", "price": "0.63", "size": "0", "side": "BUY", "hash": "39a46bba929cb22a2b24b7e9b4e56bc1e5a9d929", "best_bid": "0.84", "best_ask": "0.87"}], "timestamp": "1769384761546", "event_type": "price_change"}}
{"_local_timestamp": "2026-01-25T23:46:01.642277+00:00", "data": {"market": "0xabdfaae7b3d15f709e840c9911d63c5c745bed1100a642ffbbdd3784b9b69c2d", "price_changes": [{"asset_id": "54751566429462665278170072010645394639941870691445000550071555111998490502168", "price": "0.35", "size": "385", "side": "SELL", "hash": "d94e868e031c1afbb0789984e09f22711145cf1d", "best_bid": "0.13", "best_ask": "0.16"}, {"asset_id": "92534996990950071404295529276884565838491605025173691546609408221092813068988", "price": "0.65", "size": "385", "side": "BUY", "hash": "8943c9809161a260c85f48572a8983d4e763e0d8", "best_bid": "0.84", "best_ask": "0.87"}], "timestamp": "1769384761576", "event_type": "price_change"}}
{"_local_timestamp": "2026-01-25T23:46:05.754184+00:00", "data": {"market": "0xabdfaae7b3d15f709e840c9911d63c5c745bed1100a642ffbbdd3784b9b69c2d", "price_changes": [{"asset_id": "54751566429462665278170072010645394639941870691445000550071555111998490502168", "price": "0.36", "size": "0", "side": "SELL", "hash": "d5f39d5a6a145907511c9c46fec81f3665a69e75", "best_bid": "0.13", "best_ask": "0.16"}, {"asset_id": "92534996990950071404295529276884565838491605025173691546609408221092813068988", "price": "0.64", "size": "0", "side": "BUY", "hash": "c1802c0a63bd829612a6d533eae679b6330f4920", "best_bid": "0.84", "best_ask": "0.87"}], "timestamp": "1769384765667", "event_type": "price_change"}}
{"_local_timestamp": "2026-01-25T23:46:06.008280+00:00", "data": {"market": "0xabdfaae7b3d15f709e840c9911d63c5c745bed1100a642ffbbdd3784b9b69c2d", "price_changes": [{"asset_id": "54751566429462665278170072010645394639941870691445000550071555111998490502168", "price": "0.34", "size": "116.8", "side": "SELL", "hash": "d8c86a7f992498707e41ba15d87fe70d7da9bfe2", "best_bid": "0.13", "best_ask": "0.16"}, {"asset_id": "92534996990950071404295529276884565838491605025173691546609408221092813068988", "price": "0.66", "size": "116.8", "side": "BUY", "hash": "2e6fd377e63e62d94057dd05fad375072761f957", "best_bid": "0.84", "best_ask": "0.87"}], "timestamp": "1769384765942", "event_type": "price_change"}}
{"_local_timestamp": "2026-01-25T23:46:06.042338+00:00", "data": {"market": "0xabdfaae7b3d15f709e840c9911d63c5c745bed1100a642ffbbdd3784b9b69c2d", "price_changes": [{"asset_id": "54751566429462665278170072010645394639941870691445000550071555111998490502168", "price": "0.35", "size": "0", "side": "SELL", "hash": "a060a289631255006eb7a905f19fc57c03ed0a8f", "best_bid": "0.13", "best_ask": "0.16"}, {"asset_id": "92534996990950071404295529276884565838491605025173691546609408221092813068988", "price": "0.65", "size": "0", "side": "BUY", "hash": "8e16c0007b59f9338a0bb3f349e47eea4c349a0a", "best_bid": "0.84", "best_ask": "0.87"}], "timestamp": "1769384765973", "event_type": "price_change"}}
{"_local_timestamp": "2026-01-25T23:46:09.972254+00:00", "data": {"market": "0xabdfaae7b3d15f709e840c9911d63c5c745bed1100a642ffbbdd3784b9b69c2d", "price_changes": [{"asset_id": "54751566429462665278170072010645394639941870691445000550071555111998490502168", "price": "0.34", "size": "0", "side": "SELL", "hash": "34dafd04ac73ef331488159e4e0ce4658618b8a7", "best_bid": "0.13", "best_ask": "0.16"}, {"asset_id": "92534996990950071404295529276884565838491605025173691546609408221092813068988", "price": "0.66", "size": "0", "side": "BUY", "hash": "a80901df6aa759b199fb424bb9ec8bc56e077201", "best_bid": "0.84", "best_ask": "0.87"}], "timestamp": "1769384769902", "event_type": "price_change"}}
{"_local_timestamp": "2026-01-25T23:46:10.000253+00:00", "data": {"market": "0xabdfaae7b3d15f709e840c9911d63c5c745bed1100a642ffbbdd3784b9b69c2d", "price_changes": [{"asset_id": "54751566429462665278170072010645394639941870691445000550071555111998490502168", "price": "0.37", "size": "438", "side": "SELL", "hash": "94daa5971c35f2b0cf608fe495956bf859dc190f", "best_bid": "0.13", "best_ask": "0.16"}, {"asset_id": "92534996990950071404295529276884565838491605025173691546609408221092813068988", "price": "0.63", "size": "438", "side": "BUY", "hash": "b158436fa965eac6655219a56015392551b7ff63", "best_bid": "0.84", "best_ask": "0.87"}], "timestamp": "1769384769929", "event_type": "price_change"}}
{"_local_timestamp": "2026-01-25T23:46:10.331225+00:00", "data": {"market": "0xabdfaae7b3d15f709e840c9911d63c5c745bed1100a642ffbbdd3784b9b69c2d", "price_changes": [{"asset_id": "54751566429462665278170072010645394639941870691445000550071555111998490502168", "price": "0.41", "size": "116.8", "side": "SELL", "hash": "a4d6f390ffd37fed57d9111c65d5e36cbcf3bc0d", "best_bid": "0.13", "best_ask": "0.16"}, {"asset_id": "92534996990950071404295529276884565838491605025173691546609408221092813068988", "price": "0.59", "size": "116.8", "side": "BUY", "hash": "c6dfb6b092726e38b872308fcc2aaed5ae2d48c4", "best_bid": "0.84", "best_ask": "0.87"}], "timestamp": "1769384770262", "event_type": "price_change"}}
{"_local_timestamp": "2026-01-25T23:46:10.679952+00:00", "data": {"market": "0x30054813e3042a136c7425521dcff77de0f373eb90115a18a1572385600789cb", "price_changes": [{"asset_id": "44440935186939022539404219493934689092553157650407042871781503732943077460933", "price": "0.24", "size": "0", "side": "BUY", "hash": "b73de18d11d3cfda7b49b8df828589fe2bdbc897", "best_bid": "0.87", "best_ask": "0.88"}, {"asset_id": "40254106575472061941375290040006576761421521228516905144674261800051321707482", "price": "0.76", "size": "0", "side": "SELL", "hash": "f6b9094c6f4ac81e32fb8508f9dbf91ee5e6156f", "best_bid": "0.12", "best_ask": "0.13"}], "timestamp": "1769384770468", "event_type": "price_change"}}
{"_local_timestamp": "2026-01-25T23:46:12.971903+00:00", "data": {"market": "0x30054813e3042a136c7425521dcff77de0f373eb90115a18a1572385600789cb", "price_changes": [{"asset_id": "44440935186939022539404219493934689092553157650407042871781503732943077460933", "price": "0.25", "size": "1680", "side": "BUY", "hash": "1a75a4d16d10e26b4f0321d2936bd874b951bc1e", "best_bid": "0.87", "best_ask": "0.88"}, {"asset_id": "40254106575472061941375290040006576761421521228516905144674261800051321707482", "price": "0.75", "size": "1680", "side": "SELL", "hash": "3ba645b5b41bb086d2f9dfb79eb7e7350eac6c6b", "best_bid": "0.12", "best_ask": "0.13"}], "timestamp": "1769384772888", "event_type": "price_change"}}
{"_local_timestamp": "2026-01-25T23:46:14.111216+00:00", "data": {"market": "0xabdfaae7b3d15f709e840c9911d63c5c745bed1100a642ffbbdd3784b9b69c2d", "price_changes": [{"asset_id": "54751566429462665278170072010645394639941870691445000550071555111998490502168", "price": "0.41", "size": "0", "side": "SELL", "hash": "a9ee72e8198d1191a33cfab48f0f042794cef953", "best_bid": "0.13", "best_ask": "0.16"}, {"asset_id": "92534996990950071404295529276884565838491605025173691546609408221092813068988", "price": "0.59", "size": "0", "side": "BUY", "hash": "1000651cff8697c3fbe14f2e2ff44b96b75c896d", "best_bid": "0.84", "best_ask": "0.87"}], "timestamp": "1769384773950", "event_type": "price_change"}}
{"_local_timestamp": "2026-01-25T23:46:14.277973+00:00", "data": {"market": "0xabdfaae7b3d15f709e840c9911d63c5c745bed1100a642ffbbdd3784b9b69c2d", "price_changes": [{"asset_id": "54751566429462665278170072010645394639941870691445000550071555111998490502168", "price": "0.36", "size": "116.8", "side": "SELL", "hash": "aa0f9b37751b60efee57a5e17c898f44a8a48db9", "best_bid": "0.13", "best_ask": "0.16"}, {"asset_id": "92534996990950071404295529276884565838491605025173691546609408221092813068988", "price": "0.64", "size": "116.8", "side": "BUY", "hash": "f963a277f7b1b859cb440accedc30e9809a5263d", "best_bid": "0.84", "best_ask": "0.87"}], "timestamp": "1769384774201", "event_type": "price_change"}}
{"_local_timestamp": "2026-01-25T23:46:14.300676+00:00", "data": {"market": "0xabdfaae7b3d15f709e840c9911d63c5c745bed1100a642ffbbdd3784b9b69c2d", "price_changes": [{"asset_id": "54751566429462665278170072010645394639941870691445000550071555111998490502168", "price": "0.37", "size": "0", "side": "SELL", "hash": "4f83b92d10cebc132236d07f9adbe1a2dc733c2a", "best_bid": "0.13", "best_ask": "0.16"}, {"asset_id": "92534996990950071404295529276884565838491605025173691546609408221092813068988", "price": "0.63", "size": "0", "side": "BUY", "hash": "a4caab1e335693a6f7a055632fd27677b05162ea", "best_bid": "0.84", "best_ask": "0.87"}], "timestamp": "1769384774230", "event_type": "price_change"}}
{"_local_timestamp": "2026-01-25T23:46:14.325479+00:00", "data": {"market": "0xabdfaae7b3d15f709e840c9911d63c5c745bed1100a642ffbbdd3784b9b69c2d", "price_changes": [{"asset_id": "54751566429462665278170072010645394639941870691445000550071555111998490502168", "price": "0.35", "size": "385", "side": "SELL", "hash": "07020a65d419574bc573fe8073706e29145ac89e", "best_bid": "0.13", "best_ask": "0.16"}, {"asset_id": "92534996990950071404295529276884565838491605025173691546609408221092813068988", "price": "0.65", "size": "385", "side": "BUY", "hash": "e83fb27c9e99dc13b7f7cf5ac8a4d4cbda353403", "best_bid": "0.84", "best_ask": "0.87"}], "timestamp": "1769384774258", "event_type": "price_change"}}
{"_local_timestamp": "2026-01-25T23:46:18.305701+00:00", "data": {"market": "0xabdfaae7b3d15f709e840c9911d63c5c745bed1100a642ffbbdd3784b9b69c2d", "price_changes": [{"asset_id": "54751566429462665278170072010645394639941870691445000550071555111998490502168", "price": "0.36", "size": "0", "side": "SELL", "hash": "eb447186554ac74267bfb79c73c49798932f9272", "best_bid": "0.13", "best_ask": "0.16"}, {"asset_id": "92534996990950071404295529276884565838491605025173691546609408221092813068988", "price": "0.64", "size": "0", "side": "BUY", "hash": "b466791e68d8930ca06b06874411e2127024a3b6", "best_bid": "0.84", "best_ask": "0.87"}], "timestamp": "1769384778238", "event_type": "price_change"}}
{"_local_timestamp": "2026-01-25T23:46:18.779906+00:00", "data": {"market": "0xabdfaae7b3d15f709e840c9911d63c5c745bed1100a642ffbbdd3784b9b69c2d", "price_changes": [{"asset_id": "54751566429462665278170072010645394639941870691445000550071555111998490502168", "price": "0.34", "size": "116.8", "side": "SELL", "hash": "1cbdcb02c189b565c45606e2a2a39a7ebb4738f2", "best_bid": "0.13", "best_ask": "0.16"}, {"asset_id": "92534996990950071404295529276884565838491605025173691546609408221092813068988", "price": "0.66", "size": "116.8", "side": "BUY", "hash": "10f2ec016e242ac34b70780df4d578e1112cc590", "best_bid": "0.84", "best_ask": "0.87"}], "timestamp": "1769384778713", "event_type": "price_change"}}
{"_local_timestamp": "2026-01-25T23:46:18.819220+00:00", "data": {"market": "0xabdfaae7b3d15f709e840c9911d63c5c745bed1100a642ffbbdd3784b9b69c2d", "price_changes": [{"asset_id": "54751566429462665278170072010645394639941870691445000550071555111998490502168", "price": "0.35", "size": "0", "side": "SELL", "hash": "784041373fd2fd1c23c6e5e3cf3785a34ca871b1", "best_bid": "0.13", "best_ask": "0.16"}, {"asset_id": "92534996990950071404295529276884565838491605025173691546609408221092813068988", "price": "0.65", "size": "0", "side": "BUY", "hash": "911ad73950652ded10a5fe8a2d544665189b171d", "best_bid": "0.84", "best_ask": "0.87"}], "timestamp": "1769384778737", "event_type": "price_change"}}
{"_local_timestamp": "2026-01-25T23:46:22.812210+00:00", "data": {"market": "0xabdfaae7b3d15f709e840c9911d63c5c745bed1100a642ffbbdd3784b9b69c2d", "price_changes": [{"asset_id": "54751566429462665278170072010645394639941870691445000550071555111998490502168", "price": "0.34", "size": "0", "side": "SELL", "hash": "aa29045bf4a804daa0a85043cc360a42c48f629b", "best_bid": "0.13", "best_ask": "0.16"}, {"asset_id": "92534996990950071404295529276884565838491605025173691546609408221092813068988", "price": "0.66", "size": "0", "side": "BUY", "hash": "bb78f5acb903ea2826983a9acd7e784b542ef7ce", "best_bid": "0.84", "best_ask": "0.87"}], "timestamp": "1769384782748", "event_type": "price_change"}}
{"_local_timestamp": "2026-01-25T23:46:22.843509+00:00", "data": {"market": "0xabdfaae7b3d15f709e840c9911d63c5c745bed1100a642ffbbdd3784b9b69c2d", "price_changes": [{"asset_id": "54751566429462665278170072010645394639941870691445000550071555111998490502168", "price": "0.37", "size": "438", "side": "SELL", "hash": "547f7719e242537be72df5c4087c2b86c2cf801e", "best_bid": "0.13", "best_ask": "0.16"}, {"asset_id": "92534996990950071404295529276884565838491605025173691546609408221092813068988", "price": "0.63", "size": "438", "side": "BUY", "hash": "63774f0ac4016a5f6bb4db695e0374603a3872a2", "best_bid": "0.84", "best_ask": "0.87"}], "timestamp": "1769384782776", "event_type": "price_change"}}
{"_local_timestamp": "2026-01-25T23:46:23.211129+00:00", "data": {"market": "0xabdfaae7b3d15f709e840c9911d63c5c745bed1100a642ffbbdd3784b9b69c2d", "price_changes": [{"asset_id": "54751566429462665278170072010645394639941870691445000550071555111998490502168", "price": "0.41", "size": "116.8", "side": "SELL", "hash": "38cb28e681a214e6b9caafb0fe16057cc556acea", "best_bid": "0.13", "best_ask": "0.16"}, {"asset_id": "92534996990950071404295529276884565838491605025173691546609408221092813068988", "price": "0.59", "size": "116.8", "side": "BUY", "hash": "eff4a36438dd33dc955bde339e3e64e744676b8a", "best_bid": "0.84", "best_ask": "0.87"}], "timestamp": "1769384783148", "event_type": "price_change"}}
{"_local_timestamp": "2026-01-25T23:46:26.816903+00:00", "data": {"market": "0xabdfaae7b3d15f709e840c9911d63c5c745bed1100a642ffbbdd3784b9b69c2d", "price_changes": [{"asset_id": "54751566429462665278170072010645394639941870691445000550071555111998490502168", "price": "0.41", "size": "0", "side": "SELL", "hash": "2838bbe8eb1b933930b9f126947b4f95ef367131", "best_bid": "0.13", "best_ask": "0.16"}, {"asset_id": "92534996990950071404295529276884565838491605025173691546609408221092813068988", "price": "0.59", "size": "0", "side": "BUY", "hash": "3d9598ef6204ad1fbbec9811acc25e0fbd3814f2", "best_bid": "0.84", "best_ask": "0.87"}], "timestamp": "1769384786753", "event_type": "price_change"}}
{"_local_timestamp": "2026-01-25T23:46:27.284803+00:00", "data": {"market": "0xabdfaae7b3d15f709e840c9911d63c5c745bed1100a642ffbbdd3784b9b69c2d", "price_changes": [{"asset_id": "54751566429462665278170072010645394639941870691445000550071555111998490502168", "price": "0.36", "size": "116.8", "side": "SELL", "hash": "43f9beb2d4e0917645d84de1900be53ea4486353", "best_bid": "0.13", "best_ask": "0.16"}, {"asset_id": "92534996990950071404295529276884565838491605025173691546609408221092813068988", "price": "0.64", "size": "116.8", "side": "BUY", "hash": "2a7c529f5cf9b9328a03d95fd965b06869249c0b", "best_bid": "0.84", "best_ask": "0.87"}], "timestamp": "1769384787205", "event_type": "price_change"}}
{"_local_timestamp": "2026-01-25T23:46:27.307432+00:00", "data": {"market": "0xabdfaae7b3d15f709e840c9911d63c5c745bed1100a642ffbbdd3784b9b69c2d", "price_changes": [{"asset_id": "54751566429462665278170072010645394639941870691445000550071555111998490502168", "price": "0.37", "size": "0", "side": "SELL", "hash": "e089755b82638898635c1d37227378384da4f15a", "best_bid": "0.13", "best_ask": "0.16"}, {"asset_id": "92534996990950071404295529276884565838491605025173691546609408221092813068988", "price": "0.63", "size": "0", "side": "BUY", "hash": "74865acdb6c9206e5004c97d0d2d2b6ec6dae81f", "best_bid": "0.84", "best_ask": "0.87"}], "timestamp": "1769384787233", "event_type": "price_change"}}
{"_local_timestamp": "2026-01-25T23:46:27.336499+00:00", "data": {"market": "0xabdfaae7b3d15f709e840c9911d63c5c745bed1100a642ffbbdd3784b9b69c2d", "price_changes": [{"asset_id": "54751566429462665278170072010645394639941870691445000550071555111998490502168", "price": "0.35", "size": "385", "side": "SELL", "hash": "7f36205baa962c0ebb1d0becb2655cf879198909", "best_bid": "0.13", "best_ask": "0.16"}, {"asset_id": "92534996990950071404295529276884565838491605025173691546609408221092813068988", "price": "0.65", "size": "385", "side": "BUY", "hash": "9d01043209749db2c10c4a9f1e262aa82f371714", "best_bid": "0.84", "best_ask": "0.87"}], "timestamp": "1769384787262", "event_type": "price_change"}}
{"_local_timestamp": "2026-01-25T23:46:31.140574+00:00", "data": {"market": "0xabdfaae7b3d15f709e840c9911d63c5c745bed1100a642ffbbdd3784b9b69c2d", "price_changes": [{"asset_id": "54751566429462665278170072010645394639941870691445000550071555111998490502168", "price": "0.36", "size": "0", "side": "SELL", "hash": "9bf1c072a465002920f248a6047c8a8e6c01ab7c", "best_bid": "0.13", "best_ask": "0.16"}, {"asset_id": "92534996990950071404295529276884565838491605025173691546609408221092813068988", "price": "0.64", "size": "0", "side": "BUY", "hash": "a779f9eb98709b26673b19c4c9b903c964838c44", "best_bid": "0.84", "best_ask": "0.87"}], "timestamp": "1769384791054", "event_type": "price_change"}}
{"_local_timestamp": "2026-01-25T23:46:31.631302+00:00", "data": {"market": "0xabdfaae7b3d15f709e840c9911d63c5c745bed1100a642ffbbdd3784b9b69c2d", "price_changes": [{"asset_id": "54751566429462665278170072010645394639941870691445000550071555111998490502168", "price": "0.34", "size": "116.8", "side": "SELL", "hash": "355764cc35db885d095915be58845b28a14222cc", "best_bid": "0.13", "best_ask": "0.16"}, {"asset_id": "92534996990950071404295529276884565838491605025173691546609408221092813068988", "price": "0.66", "size": "116.8", "side": "BUY", "hash": "56a961bccc87f8f130c8ffc0838d13b3c753b31d", "best_bid": "0.84", "best_ask": "0.87"}], "timestamp": "1769384791561", "event_type": "price_change"}}
{"_local_timestamp": "2026-01-25T23:46:31.663823+00:00", "data": {"market": "0xabdfaae7b3d15f709e840c9911d63c5c745bed1100a642ffbbdd3784b9b69c2d", "price_changes": [{"asset_id": "54751566429462665278170072010645394639941870691445000550071555111998490502168", "price": "0.35", "size": "0", "side": "SELL", "hash": "c92668a9da477e2eca39b3778639fa6592e5b1dc", "best_bid": "0.13", "best_ask": "0.16"}, {"asset_id": "92534996990950071404295529276884565838491605025173691546609408221092813068988", "price": "0.65", "size": "0", "side": "BUY", "hash": "f1f5e300235edce05d73f88a9b1cf78800dac492", "best_bid": "0.84", "best_ask": "0.87"}], "timestamp": "1769384791587", "event_type": "price_change"}}
{"_local_timestamp": "2026-01-25T23:46:35.668331+00:00", "data": {"market": "0xabdfaae7b3d15f709e840c9911d63c5c745bed1100a642ffbbdd3784b9b69c2d", "price_changes": [{"asset_id": "54751566429462665278170072010645394639941870691445000550071555111998490502168", "price": "0.34", "size": "0", "side": "SELL", "hash": "116b4cb79f1cc328a27cd79198e33a2ede0a45a1", "best_bid": "0.13", "best_ask": "0.16"}, {"asset_id": "92534996990950071404295529276884565838491605025173691546609408221092813068988", "price": "0.66", "size": "0", "side": "BUY", "hash": "2328c0bf1ef809509f76604d798aef6fd98b6ed5", "best_bid": "0.84", "best_ask": "0.87"}], "timestamp": "1769384795593", "event_type": "price_change"}}
{"_local_timestamp": "2026-01-25T23:46:35.691311+00:00", "data": {"market": "0xabdfaae7b3d15f709e840c9911d63c5c745bed1100a642ffbbdd3784b9b69c2d", "price_changes": [{"asset_id": "54751566429462665278170072010645394639941870691445000550071555111998490502168", "price": "0.37", "size": "438", "side": "SELL", "hash": "dfe9313addf8265c4dfc405e058c9d6e7a176f62", "best_bid": "0.13", "best_ask": "0.16"}, {"asset_id": "92534996990950071404295529276884565838491605025173691546609408221092813068988", "price": "0.63", "size": "438", "side": "BUY", "hash": "87a0f4a98c61e70b7f375f988ed1e04c32124a70", "best_bid": "0.84", "best_ask": "0.87"}], "timestamp": "1769384795621", "event_type": "price_change"}}
{"_local_timestamp": "2026-01-25T23:46:36.129235+00:00", "data": {"market": "0xabdfaae7b3d15f709e840c9911d63c5c745bed1100a642ffbbdd3784b9b69c2d", "price_changes": [{"asset_id": "54751566429462665278170072010645394639941870691445000550071555111998490502168", "price": "0.41", "size": "116.8", "side": "SELL", "hash": "c834c4cfc4ad6ca2d101d19af567daee3b587945", "best_bid": "0.13", "best_ask": "0.16"}, {"asset_id": "92534996990950071404295529276884565838491605025173691546609408221092813068988", "price": "0.59", "size": "116.8", "side": "BUY", "hash": "e7fcd6bf144989cba38d4a54a31a73d4a7a11ac6", "best_bid": "0.84", "best_ask": "0.87"}], "timestamp": "1769384796005", "event_type": "price_change"}}
{"_local_timestamp": "2026-01-25T23:46:39.900421+00:00", "data": {"market": "0xabdfaae7b3d15f709e840c9911d63c5c745bed1100a642ffbbdd3784b9b69c2d", "price_changes": [{"asset_id": "54751566429462665278170072010645394639941870691445000550071555111998490502168", "price": "0.41", "size": "0", "side": "SELL", "hash": "79f3d1ec3cd881dbe2d944e4371576a393f06387", "best_bid": "0.13", "best_ask": "0.16"}, {"asset_id": "92534996990950071404295529276884565838491605025173691546609408221092813068988", "price": "0.59", "size": "0", "side": "BUY", "hash": "d9e99faacab224481d1ea824d0d227476f9704e0", "best_bid": "0.84", "best_ask": "0.87"}], "timestamp": "1769384799812", "event_type": "price_change"}}
{"_local_timestamp": "2026-01-25T23:46:40.282174+00:00", "data": {"market": "0xabdfaae7b3d15f709e840c9911d63c5c745bed1100a642ffbbdd3784b9b69c2d", "price_changes": [{"asset_id": "54751566429462665278170072010645394639941870691445000550071555111998490502168", "price": "0.36", "size": "116.8", "side": "SELL", "hash": "4d2cb6fcf1cbfe6507fc955de2f16a3ebfe13892", "best_bid": "0.13", "best_ask": "0.16"}, {"asset_id": "92534996990950071404295529276884565838491605025173691546609408221092813068988", "price": "0.64", "size": "116.8", "side": "BUY", "hash": "dd450d32200b45b9ebfaca0d0be95c4792cceade", "best_bid": "0.84", "best_ask": "0.87"}], "timestamp": "1769384800204", "event_type": "price_change"}}
{"_local_timestamp": "2026-01-25T23:46:40.303981+00:00", "data": {"market": "0xabdfaae7b3d15f709e840c9911d63c5c745bed1100a642ffbbdd3784b9b69c2d", "price_changes": [{"asset_id": "54751566429462665278170072010645394639941870691445000550071555111998490502168", "price": "0.37", "size": "0", "side": "SELL", "hash": "b332f233dc2012b9b0f1061a848a079a68fae1e9", "best_bid": "0.13", "best_ask": "0.16"}, {"asset_id": "92534996990950071404295529276884565838491605025173691546609408221092813068988", "price": "0.63", "size": "0", "side": "BUY", "hash": "843838101eb29af2935b64d6bc92029dc4e0ebb0", "best_bid": "0.84", "best_ask": "0.87"}], "timestamp": "1769384800229", "event_type": "price_change"}}
{"_local_timestamp": "2026-01-25T23:46:40.328367+00:00", "data": {"market": "0xabdfaae7b3d15f709e840c9911d63c5c745bed1100a642ffbbdd3784b9b69c2d", "price_changes": [{"asset_id": "54751566429462665278170072010645394639941870691445000550071555111998490502168", "price": "0.35", "size": "432", "side": "SELL", "hash": "9e4bbb39325cd3823badc0d353f284be2855ac33", "best_bid": "0.13", "best_ask": "0.16"}, {"asset_id": "92534996990950071404295529276884565838491605025173691546609408221092813068988", "price": "0.65", "size": "432", "side": "BUY", "hash": "fc3286d2c8e87ffbfb526edc38fe742f94baac1c", "best_bid": "0.84", "best_ask": "0.87"}], "timestamp": "1769384800257", "event_type": "price_change"}}
{"_local_timestamp": "2026-01-25T23:46:44.061426+00:00", "data": {"market": "0xabdfaae7b3d15f709e840c9911d63c5c745bed1100a642ffbbdd3784b9b69c2d", "price_changes": [{"asset_id": "54751566429462665278170072010645394639941870691445000550071555111998490502168", "price": "0.36", "size": "0", "side": "SELL", "hash": "581c532ff96551a9f55178e36738d07e0cb745b7", "best_bid": "0.13", "best_ask": "0.16"}, {"asset_id": "92534996990950071404295529276884565838491605025173691546609408221092813068988", "price": "0.64", "size": "0", "side": "BUY", "hash": "285589552d911f587a2e68bc694be68f1a7cb49d", "best_bid": "0.84", "best_ask": "0.87"}], "timestamp": "1769384803985", "event_type": "price_change"}}
{"_local_timestamp": "2026-01-25T23:46:44.460580+00:00", "data": {"market": "0xabdfaae7b3d15f709e840c9911d63c5c745bed1100a642ffbbdd3784b9b69c2d", "price_changes": [{"asset_id": "54751566429462665278170072010645394639941870691445000550071555111998490502168", "price": "0.34", "size": "116.8", "side": "SELL", "hash": "91d034f363383bd291cd64cda0375cfc35b95e85", "best_bid": "0.13", "best_ask": "0.16"}, {"asset_id": "92534996990950071404295529276884565838491605025173691546609408221092813068988", "price": "0.66", "size": "116.8", "side": "BUY", "hash": "d53a202a147f8d7fa63aa2b4ac980ab464d4f43c", "best_bid": "0.84", "best_ask": "0.87"}], "timestamp": "1769384804390", "event_type": "price_change"}}
{"_local_timestamp": "2026-01-25T23:46:44.479204+00:00", "data": {"market": "0xabdfaae7b3d15f709e840c9911d63c5c745bed1100a642ffbbdd3784b9b69c2d", "price_changes": [{"asset_id": "54751566429462665278170072010645394639941870691445000550071555111998490502168", "price": "0.35", "size": "0", "side": "SELL", "hash": "ab906d795d6baf6035d5ce687dae5ad2c77b850b", "best_bid": "0.13", "best_ask": "0.16"}, {"asset_id": "92534996990950071404295529276884565838491605025173691546609408221092813068988", "price": "0.65", "size": "0", "side": "BUY", "hash": "24ddbc07063d0348657779ebf5e90b037d3971ab", "best_bid": "0.84", "best_ask": "0.87"}], "timestamp": "1769384804417", "event_type": "price_change"}}
{"_local_timestamp": "2026-01-25T23:46:48.439437+00:00", "data": {"market": "0xabdfaae7b3d15f709e840c9911d63c5c745bed1100a642ffbbdd3784b9b69c2d", "price_changes": [{"asset_id": "54751566429462665278170072010645394639941870691445000550071555111998490502168", "price": "0.34", "size": "0", "side": "SELL", "hash": "8729445ea34b4d873ce2dcaa940c37c06508f751", "best_bid": "0.13", "best_ask": "0.16"}, {"asset_id": "92534996990950071404295529276884565838491605025173691546609408221092813068988", "price": "0.66", "size": "0", "side": "BUY", "hash": "c0f5806d92df5a681b78c835c2b8754909c76739", "best_bid": "0.84", "best_ask": "0.87"}], "timestamp": "1769384808372", "event_type": "price_change"}}
{"_local_timestamp": "2026-01-25T23:46:48.469278+00:00", "data": {"market": "0xabdfaae7b3d15f709e840c9911d63c5c745bed1100a642ffbbdd3784b9b69c2d", "price_changes": [{"asset_id": "54751566429462665278170072010645394639941870691445000550071555111998490502168", "price": "0.37", "size": "438", "side": "SELL", "hash": "5073b5ffd4e289fa439906e1141c5af061ca53f3", "best_bid": "0.13", "best_ask": "0.16"}, {"asset_id": "92534996990950071404295529276884565838491605025173691546609408221092813068988", "price": "0.63", "size": "438", "side": "BUY", "hash": "4bbab025f70833c8bde435a4c4048eadbbae13f8", "best_bid": "0.84", "best_ask": "0.87"}], "timestamp": "1769384808402", "event_type": "price_change"}}
{"_local_timestamp": "2026-01-25T23:46:48.819589+00:00", "data": {"market": "0xabdfaae7b3d15f709e840c9911d63c5c745bed1100a642ffbbdd3784b9b69c2d", "price_changes": [{"asset_id": "54751566429462665278170072010645394639941870691445000550071555111998490502168", "price": "0.41", "size": "116.8", "side": "SELL", "hash": "ba81bda3d4399c2865e8fc847b3acbeafc2cd3a3", "best_bid": "0.13", "best_ask": "0.16"}, {"asset_id": "92534996990950071404295529276884565838491605025173691546609408221092813068988", "price": "0.59", "size": "116.8", "side": "BUY", "hash": "9c3424687cfd4875c6bb2ceb171f624fc57f8a56", "best_bid": "0.84", "best_ask": "0.87"}], "timestamp": "1769384808746", "event_type": "price_change"}}
{"_local_timestamp": "2026-01-25T23:46:52.634315+00:00", "data": {"market": "0xabdfaae7b3d15f709e840c9911d63c5c745bed1100a642ffbbdd3784b9b69c2d", "price_changes": [{"asset_id": "54751566429462665278170072010645394639941870691445000550071555111998490502168", "price": "0.41", "size": "0", "side": "SELL", "hash": "48e411dcc4e000686c4e4c98cbe3a875d38980bf", "best_bid": "0.13", "best_ask": "0.16"}, {"asset_id": "92534996990950071404295529276884565838491605025173691546609408221092813068988", "price": "0.59", "size": "0", "side": "BUY", "hash": "ea4025432b51516c3ce22d38e5d457d9bd3c7ba3", "best_bid": "0.84", "best_ask": "0.87"}], "timestamp": "1769384812565", "event_type": "price_change"}}
{"_local_timestamp": "2026-01-25T23:46:53.078705+00:00", "data": {"market": "0xabdfaae7b3d15f709e840c9911d63c5c745bed1100a642ffbbdd3784b9b69c2d", "price_changes": [{"asset_id": "54751566429462665278170072010645394639941870691445000550071555111998490502168", "price": "0.36", "size": "116.8", "side": "SELL", "hash": "3e7f8a8d7e1f51cd51d2791cdd12fd6aa5edc1df", "best_bid": "0.13", "best_ask": "0.16"}, {"asset_id": "92534996990950071404295529276884565838491605025173691546609408221092813068988", "price": "0.64", "size": "116.8", "side": "BUY", "hash": "bd840c536f681039e2ed11fd3d2f926376f910ea", "best_bid": "0.84", "best_ask": "0.87"}], "timestamp": "1769384813011", "event_type": "price_change"}}
{"_local_timestamp": "2026-01-25T23:46:53.103127+00:00", "data": {"market": "0xabdfaae7b3d15f709e840c9911d63c5c745bed1100a642ffbbdd3784b9b69c2d", "price_changes": [{"asset_id": "54751566429462665278170072010645394639941870691445000550071555111998490502168", "price": "0.37", "size": "0", "side": "SELL", "hash": "f95bb2fd72803db4f61126f786658f85af36a4e1", "best_bid": "0.13", "best_ask": "0.16"}, {"asset_id": "92534996990950071404295529276884565838491605025173691546609408221092813068988", "price": "0.63", "size": "0", "side": "BUY", "hash": "1bf57a84ca3612c2c438d07e2d20a2d770ebf68d", "best_bid": "0.84", "best_ask": "0.87"}], "timestamp": "1769384813039", "event_type": "price_change"}}
{"_local_timestamp": "2026-01-25T23:46:53.137399+00:00", "data": {"market": "0xabdfaae7b3d15f709e840c9911d63c5c745bed1100a642ffbbdd3784b9b69c2d", "price_changes": [{"asset_id": "54751566429462665278170072010645394639941870691445000550071555111998490502168", "price": "0.35", "size": "385", "side": "SELL", "hash": "1c2c5ffd18e79992705ae459bb30bc4c80a488a0", "best_bid": "0.13", "best_ask": "0.16"}, {"asset_id": "92534996990950071404295529276884565838491605025173691546609408221092813068988", "price": "0.65", "size": "385", "side": "BUY", "hash": "76cdcc0c4925ad1868fe9eed7a14391185cdb85b", "best_bid": "0.84", "best_ask": "0.87"}], "timestamp": "1769384813065", "event_type": "price_change"}}
{"_local_timestamp": "2026-01-25T23:46:55.078863+00:00", "data": {"market": "0xabdfaae7b3d15f709e840c9911d63c5c745bed1100a642ffbbdd3784b9b69c2d", "price_changes": [{"asset_id": "54751566429462665278170072010645394639941870691445000550071555111998490502168", "price": "0.01", "size": "6024", "side": "BUY", "hash": "4b14178b84c6b83b6d3ca5519a6298d548241902", "best_bid": "0.13", "best_ask": "0.16"}, {"asset_id": "92534996990950071404295529276884565838491605025173691546609408221092813068988", "price": "0.99", "size": "6024", "side": "SELL", "hash": "a80fd9fba0cd7e32a566b77e617612ffc994f563", "best_bid": "0.84", "best_ask": "0.87"}], "timestamp": "1769384815003", "event_type": "price_change"}}
{"_local_timestamp": "2026-01-25T23:46:57.053567+00:00", "data": {"market": "0xabdfaae7b3d15f709e840c9911d63c5c745bed1100a642ffbbdd3784b9b69c2d", "price_changes": [{"asset_id": "54751566429462665278170072010645394639941870691445000550071555111998490502168", "price": "0.36", "size": "0", "side": "SELL", "hash": "40450346b42d35baeb9c047ffae9c7725b8b1c39", "best_bid": "0.13", "best_ask": "0.16"}, {"asset_id": "92534996990950071404295529276884565838491605025173691546609408221092813068988", "price": "0.64", "size": "0", "side": "BUY", "hash": "fdd42864ce4a8ae0646f7685ff6035fccbb93a04", "best_bid": "0.84", "best_ask": "0.87"}], "timestamp": "1769384816939", "event_type": "price_change"}}
{"_local_timestamp": "2026-01-25T23:46:57.224226+00:00", "data": {"market": "0xabdfaae7b3d15f709e840c9911d63c5c745bed1100a642ffbbdd3784b9b69c2d", "price_changes": [{"asset_id": "54751566429462665278170072010645394639941870691445000550071555111998490502168", "price": "0.34", "size": "116.8", "side": "SELL", "hash": "d62253e01fd2e9422695c81ea41de2fbafdd467b", "best_bid": "0.13", "best_ask": "0.16"}, {"asset_id": "92534996990950071404295529276884565838491605025173691546609408221092813068988", "price": "0.66", "size": "116.8", "side": "BUY", "hash": "06277bbe91ee911b99fd71a1c9a18ffb4291aad7", "best_bid": "0.84", "best_ask": "0.87"}], "timestamp": "1769384817144", "event_type": "price_change"}}
{"_local_timestamp": "2026-01-25T23:46:57.247211+00:00", "data": {"market": "0xabdfaae7b3d15f709e840c9911d63c5c745bed1100a642ffbbdd3784b9b69c2d", "price_changes": [{"asset_id": "54751566429462665278170072010645394639941870691445000550071555111998490502168", "price": "0.35", "size": "0", "side": "SELL", "hash": "1c54aba6e5cf65ed3caa65d761d4e247c55656d5", "best_bid": "0.13", "best_ask": "0.16"}, {"asset_id": "92534996990950071404295529276884565838491605025173691546609408221092813068988", "price": "0.65", "size": "0", "side": "BUY", "hash": "5c977f7c14cde831f7f11dd2bbf1e8c5a1a4a20a", "best_bid": "0.84", "best_ask": "0.87"}], "timestamp": "1769384817170", "event_type": "price_change"}}
{"_local_timestamp": "2026-01-25T23:47:01.167728+00:00", "data": {"market": "0xabdfaae7b3d15f709e840c9911d63c5c745bed1100a642ffbbdd3784b9b69c2d", "price_changes": [{"asset_id": "54751566429462665278170072010645394639941870691445000550071555111998490502168", "price": "0.34", "size": "0", "side": "SELL", "hash": "f832566a653da6c761adff3e5b082ec20fe7e4b3", "best_bid": "0.13", "best_ask": "0.16"}, {"asset_id": "92534996990950071404295529276884565838491605025173691546609408221092813068988", "price": "0.66", "size": "0", "side": "BUY", "hash": "c28333d7ac8384e8839dc95c30e4d985096f21a9", "best_bid": "0.84", "best_ask": "0.87"}], "timestamp": "1769384821090", "event_type": "price_change"}}
{"_local_timestamp": "2026-01-25T23:47:01.265853+00:00", "data": {"market": "0xabdfaae7b3d15f709e840c9911d63c5c745bed1100a642ffbbdd3784b9b69c2d", "price_changes": [{"asset_id": "54751566429462665278170072010645394639941870691445000550071555111998490502168", "price": "0.37", "size": "438", "side": "SELL", "hash": "d4df13ab02bd097bd67867acb8ecffcf8309f07b", "best_bid": "0.13", "best_ask": "0.16"}, {"asset_id": "92534996990950071404295529276884565838491605025173691546609408221092813068988", "price": "0.63", "size": "438", "side": "BUY", "hash": "c987ac5e9bbce95f06433c69aed8088ac89e0aea", "best_bid": "0.84", "best_ask": "0.87"}], "timestamp": "1769384821194", "event_type": "price_change"}}
{"_local_timestamp": "2026-01-25T23:47:01.524098+00:00", "data": {"market": "0xabdfaae7b3d15f709e840c9911d63c5c745bed1100a642ffbbdd3784b9b69c2d", "price_changes": [{"asset_id": "54751566429462665278170072010645394639941870691445000550071555111998490502168", "price": "0.41", "size": "116.8", "side": "SELL", "hash": "890834a20bf13358c409352ca77085dcccf08597", "best_bid": "0.13", "best_ask": "0.16"}, {"asset_id": "92534996990950071404295529276884565838491605025173691546609408221092813068988", "price": "0.59", "size": "116.8", "side": "BUY", "hash": "e9277b7b85d415316ac85189e31e7ec6fb27fd60", "best_bid": "0.84", "best_ask": "0.87"}], "timestamp": "1769384821442", "event_type": "price_change"}}
{"_local_timestamp": "2026-01-25T23:47:05.376247+00:00", "data": {"market": "0xabdfaae7b3d15f709e840c9911d63c5c745bed1100a642ffbbdd3784b9b69c2d", "price_changes": [{"asset_id": "54751566429462665278170072010645394639941870691445000550071555111998490502168", "price": "0.41", "size": "0", "side": "SELL", "hash": "ce03eb3c3de0bc003808f30c600a0b75679b9d28", "best_bid": "0.13", "best_ask": "0.16"}, {"asset_id": "92534996990950071404295529276884565838491605025173691546609408221092813068988", "price": "0.59", "size": "0", "side": "BUY", "hash": "0af9f324cecaf7405859ee6c484e89c5e5fe82e7", "best_bid": "0.84", "best_ask": "0.87"}], "timestamp": "1769384825305", "event_type": "price_change"}}
{"_local_timestamp": "2026-01-25T23:47:05.730395+00:00", "data": {"market": "0xabdfaae7b3d15f709e840c9911d63c5c745bed1100a642ffbbdd3784b9b69c2d", "price_changes": [{"asset_id": "54751566429462665278170072010645394639941870691445000550071555111998490502168", "price": "0.36", "size": "116.8", "side": "SELL", "hash": "3bf64adfafe063d73abb2a954fdd1599a3a0c325", "best_bid": "0.13", "best_ask": "0.16"}, {"asset_id": "92534996990950071404295529276884565838491605025173691546609408221092813068988", "price": "0.64", "size": "116.8", "side": "BUY", "hash": "c3a31914a0601206a73a5edbbce7b82d132e446c", "best_bid": "0.84", "best_ask": "0.87"}], "timestamp": "1769384825667", "event_type": "price_change"}}
{"_local_timestamp": "2026-01-25T23:47:05.757197+00:00", "data": {"market": "0xabdfaae7b3d15f709e840c9911d63c5c745bed1100a642ffbbdd3784b9b69c2d", "price_changes": [{"asset_id": "54751566429462665278170072010645394639941870691445000550071555111998490502168", "price": "0.37", "size": "0", "side": "SELL", "hash": "1e299f4eb63661f23dccaad2268ade7349b1e955", "best_bid": "0.13", "best_ask": "0.16"}, {"asset_id": "92534996990950071404295529276884565838491605025173691546609408221092813068988", "price": "0.63", "size": "0", "side": "BUY", "hash": "9ef5763995338412a22b9c1ba0a5a84a79cdb1ba", "best_bid": "0.84", "best_ask": "0.87"}], "timestamp": "1769384825692", "event_type": "price_change"}}
{"_local_timestamp": "2026-01-25T23:47:05.801022+00:00", "data": {"market": "0xabdfaae7b3d15f709e840c9911d63c5c745bed1100a642ffbbdd3784b9b69c2d", "price_changes": [{"asset_id": "54751566429462665278170072010645394639941870691445000550071555111998490502168", "price": "0.35", "size": "385", "side": "SELL", "hash": "5fdfae8e438c1c5e45f386ff3c1f8761ad289920", "best_bid": "0.13", "best_ask": "0.16"}, {"asset_id": "92534996990950071404295529276884565838491605025173691546609408221092813068988", "price": "0.65", "size": "385", "side": "BUY", "hash": "756c2dc84ae1ca65b93f6f1d0ded3350c872d558", "best_bid": "0.84", "best_ask": "0.87"}], "timestamp": "1769384825732", "event_type": "price_change"}}
