{"_local_timestamp": "2026-01-25T23:40:30.740038+00:00", "data": [{"market": "0xabdfaae7b3d15f709e840c9911d63c5c745bed1100a642ffbbdd3784b9b69c2d", "asset_id": "54751566429462665278170072010645394639941870691445000550071555111998490502168", "timestamp": "1769384404581", "hash": "53e2864f98c568b125adc87911e3b61e4bd98cb4", "bids": [{"price": "0.01", "size": "6031.93"}, {"price": "0.02", "size": "44.45"}, {"price": "0.03", "size": "20"}, {"price": "0.07", "size": "14.73"}, {"price": "0.1", "size": "100"}, {"price": "0.11", "size": "10791.47"}, {"price": "0.12", "size": "83.19"}, {"price": "0.13", "size": "30"}], "asks": [{"price": "0.99", "size": "39.49"}, {"price": "0.98", "size": "11.55"}, {"price": "0.91", "size": "400"}, {"price": "0.9", "size": "3000"}, {"price": "0.89", "size": "25.66"}, {"price": "0.87", "size": "261.53"}, {"price": "0.86", "size": "1142"}, {"price": "0.82", "size": "177.77"}, {"price": "0.81", "size": "842"}, {"price": "0.8", "size": "2100"}, {"price": "0.78", "size": "127.27"}, {"price": "0.74", "size": "100"}, {"price": "0.73", "size": "400"}, {"price": "0.72", "size": "3260"}, {"price": "0.69", "size": "77.41"}, {"price": "0.65", "size": "57.14"}, {"price": "0.45", "size": "60"}, {"price": "0.42", "size": "100"}, {"price": "0.41", "size": "116.8"}, {"price": "0.38", "size": "300"}, {"price": "0.34", "size": "432"}, {"price": "0.22", "size": "100"}, {"price": "0.17", "size": "30"}, {"price": "0.16", "size": "254.06"}], "event_type": "book", "last_trade_price": "0.160"}, {"market": "0x30054813e3042a136c7425521dcff77de0f373eb90115a18a1572385600789cb", "asset_id": "40254106575472061941375290040006576761421521228516905144674261800051321707482", "timestamp": "1769384414836", "hash": "5216e8444ffd7cc4689267ba8e2637cbe40d635a", "bids": [{"price": "0.01", "size": "6049"}, {"price": "0.02", "size": "1005.94"}, {"price": "0.03", "size": "29.37"}, {"price": "0.07", "size": "113.63"}, {"price": "0.08", "size": "876"}, {"price": "0.1", "size": "1144.44"}, {"price": "0.11", "size": "27.5"}, {"price": "0.12", "size": "19.31"}], "asks": [{"price": "0.99", "size": "89.8"}, {"price": "0.98", "size": "6.55"}, {"price": "0.91", "size": "400"}, {"price": "0.9", "size": "3000"}, {"price": "0.87", "size": "261.53"}, {"price": "0.86", "size": "1142"}, {"price": "0.85", "size": "7.34"}, {"price": "0.82", "size": "177.77"}, {"price": "0.81", "size": "842"}, {"price": "0.8", "size": "5"}, {"price": "0.78", "size": "127.27"}, {"price": "0.77", "size": "3961"}, {"price": "0.76", "size": "1748"}, {"price": "0.73", "size": "96.29"}, {"price": "0.69", "size": "377.41"}, {"price": "0.64", "size": "55.55"}, {"price": "0.63", "size": "5"}, {"price": "0.4", "size": "14.99"}, {"price": "0.39", "size": "20"}, {"price": "0.19", "size": "6.17"}, {"price": "0.17", "size": "20"}, {"price": "0.16", "size": "232.42"}, {"price": "0.14", "size": "291.24"}, {"price": "0.13", "size": "248.22"}], "event_type": "book", "last_trade_price": "0.880"}, {"market": "0x30054813e3042a136c7425521dcff77de0f373eb90115a18a1572385600789cb", "asset_id": "44440935186939022539404219493934689092553157650407042871781503732943077460933", "timestamp": "1769384414836", "hash": "8e1269de90cba3665fa82a553607805b5f9d3dab", "bids": [{"price": "0.01", "size": "89.8"}, {"price": "0.02", "size": "6.55"}, {"price": "0.09", "size": "400"}, {"price": "0.1", "size": "3000"}, {"price": "0.13", "size": "261.53"}, {"price": "0.14", "size": "1142"}, {"price": "0.15", "size": "7.34"}, {"price": "0.18", "size": "177.77"}, {"price": "0.19", "size": "842"}, {"price": "0.2", "size": "5"}, {"price": "0.22", "size": "127.27"}, {"price": "0.23", "size": "3961"}, {"price": "0.24", "size": "1748"}, {"price": "0.27", "size": "96.29"}, {"price": "0.31", "size": "377.41"}, {"price": "0.36", "size": "55.55"}, {"price": "0.37", "size": "5"}, {"price": "0.6", "size": "14.99"}, {"price": "0.61", "size": "20"}, {"price": "0.81", "size": "6.17"}, {"price": "0.83", "size": "20"}, {"price": "0.84", "size": "232.42"}, {"price": "0.86", "size": "291.24"}, {"price": "0.87", "size": "248.22"}], "asks": [{"price": "0.99", "size": "6049"}, {"price": "0.98", "size": "1005.94"}, {"price": "0.97", "size": "29.37"}, {"price": "0.93", "size": "113.63"}, {"price": "0.92", "size": "876"}, {"price": "0.9", "size": "1144.44"}, {"price": "0.89", "size": "27.5"}, {"price": "0.88", "size": "19.31"}], "event_type": "book", "last_trade_price": "0.880"}, {"market": "0xabdfaae7b3d15f709e840c9911d63c5c745bed1100a642ffbbdd3784b9b69c2d", "asset_id": "92534996990950071404295529276884565838491605025173691546609408221092813068988", "timestamp": "1769384404581", "hash": "7f3c2579364653c61ff7a28c37e288d630055261", "bids": [{"price": "0.01", "size": "39.49"}, {"price": "0.02", "size": "11.55"}, {"price": "0.09", "size": "400"}, {"price": "0.1", "size": "3000"}, {"price": "0.11", "size": "25.66"}, {"price": "0.13", "size": "261.53"}, {"price": "0.14", "size": "1142"}, {"price": "0.18", "size": "177.77"}, {"price": "0.19", "size": "842"}, {"price": "0.2", "size": "2100"}, {"price": "0.22", "size": "127.27"}, {"price": "0.26", "size": "100"}, {"price": "0.27", "size": "400"}, {"price": "0.28", "size": "3260"}, {"price": "0.31", "size": "77.41"}, {"price": "0.35", "size": "57.14"}, {"price": "0.55", "size": "60"}, {"price": "0.58", "size": "100"}, {"price": "0.59", "size": "116.8"}, {"price": "0.62", "size": "300"}, {"price": "0.66", "size": "432"}, {"price": "0.78", "size": "100"}, {"price": "0.83", "size": "30"}, {"price": "0.84", "size": "254.06"}], "asks": [{"price": "0.99", "size": "6031.93"}, {"price": "0.98", "size": "44.45"}, {"price": "0.97", "size": "20"}, {"price": "0.93", "size": "14.73"}, {"price": "0.9", "size": "100"}, {"price": "0.89", "size": "10791.47"}, {"price": "0.88", "size": "83.19"}, {"price": "0.87", "size": "30"}], "event_type": "book", "last_trade_price": "0.160"}]}
{"_local_timestamp": "2026-01-25T23:41:14.714464+00:00", "data": {"market": "0x30054813e3042a136c7425521dcff77de0f373eb90115a18a1572385600789cb", "price_changes": [{"asset_id": "44440935186939022539404219493934689092553157650407042871781503732943077460933", "price": "0.24", "size": "0", "side": "BUY", "hash": "2a2fafb2ce9475767fb6b527aa69104071b229d0", "best_bid": "0.87", "best_ask": "0.88"}, {"asset_id": "40254106575472061941375290040006576761421521228516905144674261800051321707482", "price": "0.76", "size": "0", "side": "SELL", "hash": "9c7fcc4661085959bdafda358dbae5d9a8e59a69", "best_bid": "0.12", "best_ask": "0.13"}], "timestamp": "1769384474539", "event_type": "price_change"}}
{"_local_timestamp": "2026-01-25T23:41:16.980953+00:00", "data": {"market": "0x30054813e3042a136c7425521dcff77de0f373eb90115a18a1572385600789cb", "price_changes": [{"asset_id": "44440935186939022539404219493934689092553157650407042871781503732943077460933", "price": "0.26", "size": "1614", "side": "BUY", "hash": "a3e0bfebccf8a5a352fcfe65e8bd78aef26997eb", "best_bid": "0.87", "best_ask": "0.88"}, {"asset_id": "40254106575472061941375290040006576761421521228516905144674261800051321707482", "price": "0.74", "size": "1614", "side": "SELL", "hash": "a1f2efb308a98571cc791cab9a5eeb6150f88aaf", "best_bid": "0.12", "best_ask": "0.13"}], "timestamp": "1769384476915", "event_type": "price_change"}}
{"_local_timestamp": "2026-01-25T23:42:47.164385+00:00", "data": {"market": "0x30054813e3042a136c7425521dcff77de0f373eb90115a18a1572385600789cb", "price_changes": [{"asset_id": "44440935186939022539404219493934689092553157650407042871781503732943077460933", "price": "0.26", "size": "0", "side": "BUY", "hash": "7acf0ab1d37d1c54a857ca0bff7a20bec706c10e", "best_bid": "0.87", "best_ask": "0.88"}, {"asset_id": "40254106575472061941375290040006576761421521228516905144674261800051321707482", "price": "0.74", "size": "0", "side": "SELL", "hash": "f5e716514c6269a10d09d5c54cee43194cea1e45", "best_bid": "0.12", "best_ask": "0.13"}], "timestamp": "1769384566995", "event_type": "price_change"}}
{"_local_timestamp": "2026-01-25T23:43:07.335092+00:00", "data": {"market": "0x30054813e3042a136c7425521dcff77de0f373eb90115a18a1572385600789cb", "price_changes": [{"asset_id": "44440935186939022539404219493934689092553157650407042871781503732943077460933", "price": "0.25", "size": "1680", "side": "BUY", "hash": "6c9f7014cc79423b2a225a3844120844187b77f8", "best_bid": "0.87", "best_ask": "0.88"}, {"asset_id": "40254106575472061941375290040006576761421521228516905144674261800051321707482", "price": "0.75", "size": "1680", "side": "SELL", "hash": "7066c4b1bb879e0a9f0df4cfd306f02fc81434f3", "best_bid": "0.12", "best_ask": "0.13"}], "timestamp": "1769384587242", "event_type": "price_change"}}
{"_local_timestamp": "2026-01-25T23:44:32.450862+00:00", "data": {"market": "0x30054813e3042a136c7425521dcff77de0f373eb90115a18a1572385600789cb", "price_changes": [{"asset_id": "44440935186939022539404219493934689092553157650407042871781503732943077460933", "price": "0.25", "size": "0", "side": "BUY", "hash": "7d6f6fb0e1873f4231545612e1b90a1549af6c62", "best_bid": "0.87", "best_ask": "0.88"}, {"asset_id": "40254106575472061941375290040006576761421521228516905144674261800051321707482", "price": "0.75", "size": "0", "side": "SELL", "hash": "79fb22243700c6102b0131f984ff4eeea66bd663", "best_bid": "0.12", "best_ask": "0.13"}], "timestamp": "1769384672296", "event_type": "price_change"}}
{"_local_timestamp": "2026-01-25T23:44:43.236050+00:00", "data": {"market": "0x30054813e3042a136c7425521dcff77de0f373eb90115a18a1572385600789cb", "price_changes": [{"asset_id": "44440935186939022539404219493934689092553157650407042871781503732943077460933", "price": "0.24", "size": "1748", "side": "BUY", "hash": "a75ce52aba9c820aab7eb2ebc88433b8e9227665", "best_bid": "0.87", "best_ask": "0.88"}, {"asset_id": "40254106575472061941375290040006576761421521228516905144674261800051321707482", "price": "0.76", "size": "1748", "side": "SELL", "hash": "724ef947cc68803edf1a57f4854339eab4dc4e84", "best_bid": "0.12", "best_ask": "0.13"}], "timestamp": "1769384683171", "event_type": "price_change"}}
{"_local_timestamp": "2026-01-25T23:45:08.389507+00:00", "data": {"market": "0xabdfaae7b3d15f709e840c9911d63c5c745bed1100a642ffbbdd3784b9b69c2d", "price_changes": [{"asset_id": "54751566429462665278170072010645394639941870691445000550071555111998490502168", "price": "0.07", "size": "0", "side": "BUY", "hash": "7a85fd8be4710f23bc703cf0a6d560a9d24b663f", "best_bid": "0.13", "best_ask": "0.16"}, {"asset_id": "92534996990950071404295529276884565838491605025173691546609408221092813068988", "price": "0.93", "size": "0", "side": "SELL", "hash": "ef4c73302101478bed16b8c58bd93dfbee63f41f", "best_bid": "0.84", "best_ask": "0.87"}], "timestamp": "1769384708316", "event_type": "price_change"}}
{"_local_timestamp": "2026-01-25T23:45:08.402526+00:00", "data": {"market": "0xabdfaae7b3d15f709e840c9911d63c5c745bed1100a642ffbbdd3784b9b69c2d", "price_changes": [{"asset_id": "54751566429462665278170072010645394639941870691445000550071555111998490502168", "price": "0.34", "size": "0", "side": "SELL", "hash": "b1990a2d91382aa8c5833067a2c63efa999eaa73", "best_bid": "0.13", "best_ask": "0.16"}, {"asset_id": "92534996990950071404295529276884565838491605025173691546609408221092813068988", "price": "0.66", "size": "0", "side": "BUY", "hash": "6d0ed810a7a443902cb5bd984e341d77a4e03393", "best_bid": "0.84", "best_ask": "0.87"}], "timestamp": "1769384708341", "event_type": "price_change"}}
{"_local_timestamp": "2026-01-25T23:45:08.444134+00:00", "data": {"market": "0xabdfaae7b3d15f709e840c9911d63c5c745bed1100a642ffbbdd3784b9b69c2d", "price_changes": [{"asset_id": "54751566429462665278170072010645394639941870691445000550071555111998490502168", "price": "0.37", "size": "452", "side": "SELL", "hash": "98900e06d083b368d68f3b7bb9db99f6fdf17c19", "best_bid": "0.13", "best_ask": "0.16"}, {"asset_id": "92534996990950071404295529276884565838491605025173691546609408221092813068988", "price": "0.63", "size": "452", "side": "BUY", "hash": "3939074888bc03884e71d9739a78e9b870377c63", "best_bid": "0.84", "best_ask": "0.87"}], "timestamp": "1769384708373", "event_type": "price_change"}}
{"_local_timestamp": "2026-01-25T23:45:08.990028+00:00", "data": {"market": "0xabdfaae7b3d15f709e840c9911d63c5c745bed1100a642ffbbdd3784b9b69c2d", "price_changes": [{"asset_id": "54751566429462665278170072010645394639941870691445000550071555111998490502168", "price": "0.04", "size": "16.88", "side": "BUY", "hash": "f12dd335f05ba337ff46184c65782a0de8225088", "best_bid": "0.13", "best_ask": "0.16"}, {"asset_id": "92534996990950071404295529276884565838491605025173691546609408221092813068988", "price": "0.96", "size": "16.88", "side": "SELL", "hash": "a13433f9dbe65679ebd48179c4da8a26ba0f9b57", "best_bid": "0.84", "best_ask": "0.87"}], "timestamp": "1769384708927", "event_type": "price_change"}}
{"_local_timestamp": "2026-01-25T23:45:08.995354+00:00", "data": {"market": "0xabdfaae7b3d15f709e840c9911d63c5c745bed1100a642ffbbdd3784b9b69c2d", "price_changes": [{"asset_id": "54751566429462665278170072010645394639941870691445000550071555111998490502168", "price": "0.02", "size": "62.26", "side": "BUY", "hash": "b22d7ed666cc9cd46a68f2f98efcd66bc28116c6", "best_bid": "0.13", "best_ask": "0.16"}, {"asset_id": "92534996990950071404295529276884565838491605025173691546609408221092813068988", "price": "0.98", "size": "62.26", "side": "SELL", "hash": "ce2d3d3c3f2f1a958fad4845285c4c87f5fd104d", "best_bid": "0.84", "best_ask": "0.87"}], "timestamp": "1769384708928", "event_type": "price_change"}}
{"_local_timestamp": "2026-01-25T23:45:09.788347+00:00", "data": {"market": "0xabdfaae7b3d15f709e840c9911d63c5c745bed1100a642ffbbdd3784b9b69c2d", "price_changes": [{"asset_id": "54751566429462665278170072010645394639941870691445000550071555111998490502168", "price": "0.41", "size": "0", "side": "SELL", "hash": "6e4faff3b3d8f4d32b3dbc36f8050468f81c9950", "best_bid": "0.13", "best_ask": "0.16"}, {"asset_id": "92534996990950071404295529276884565838491605025173691546609408221092813068988", "price": "0.59", "size": "0", "side": "BUY", "hash": "fa86cf00ec7f5ae4e4edce21cc6c162cd2afd668", "best_bid": "0.84", "best_ask": "0.87"}], "timestamp": "1769384709722", "event_type": "price_change"}}
{"_local_timestamp": "2026-01-25T23:45:09.952191+00:00", "data": {"market": "0xabdfaae7b3d15f709e840c9911d63c5c745bed1100a642ffbbdd3784b9b69c2d", "price_changes": [{"asset_id": "54751566429462665278170072010645394639941870691445000550071555111998490502168", "price": "0.03", "size": "0", "side": "BUY", "hash": "78a3965d5a4c0ef3bb2d7b32c019b9d85101eee7", "best_bid": "0.13", "best_ask": "0.16"}, {"asset_id": "92534996990950071404295529276884565838491605025173691546609408221092813068988", "price": "0.97", "size": "0", "side": "SELL", "hash": "bc706701bf57258c6ccdaed5a4e76f04b18527be", "best_bid": "0.84", "best_ask": "0.87"}], "timestamp": "1769384709866", "event_type": "price_change"}}
{"_local_timestamp": "2026-01-25T23:45:09.960115+00:00", "data": {"market": "0xabdfaae7b3d15f709e840c9911d63c5c745bed1100a642ffbbdd3784b9b69c2d", "price_changes": [{"asset_id": "54751566429462665278170072010645394639941870691445000550071555111998490502168", "price": "0.05", "size": "20", "side": "BUY", "hash": "571f5cfcc284bae5d46da32a94b9f060cc195f78", "best_bid": "0.13", "best_ask": "0.16"}, {"asset_id": "92534996990950071404295529276884565838491605025173691546609408221092813068988", "price": "0.95", "size": "20", "side": "SELL", "hash": "e25c1c6a8cd7df17ec72e9ef5bc9f0928ef1d186", "best_bid": "0.84", "best_ask": "0.87"}], "timestamp": "1769384709896", "event_type": "price_change"}}
{"_local_timestamp": "2026-01-25T23:45:10.243854+00:00", "data": {"market": "0xabdfaae7b3d15f709e840c9911d63c5c745bed1100a642ffbbdd3784b9b69c2d", "price_changes": [{"asset_id": "54751566429462665278170072010645394639941870691445000550071555111998490502168", "price": "0.36", "size": "116.8", "side": "SELL", "hash": "4ce34110c540ef616aaf910b53c24cada622fa59", "best_bid": "0.13", "best_ask": "0.16"}, {"asset_id": "92534996990950071404295529276884565838491605025173691546609408221092813068988", "price": "0.64", "size": "116.8", "side": "BUY", "hash": "5f5b6bf844c4391eaef6d59a6f015caf4d80e372", "best_bid": "0.84", "best_ask": "0.87"}], "timestamp": "1769384710172", "event_type": "price_change"}}
{"_local_timestamp": "2026-01-25T23:45:10.259913+00:00", "data": {"market": "0xabdfaae7b3d15f709e840c9911d63c5c745bed1100a642ffbbdd3784b9b69c2d", "price_changes": [{"asset_id": "54751566429462665278170072010645394639941870691445000550071555111998490502168", "price": "0.37", "size": "0", "side": "SELL", "hash": "3a62638d1090524bb4a723910a8a1a769437de29", "best_bid": "0.13", "best_ask": "0.16"}, {"asset_id": "92534996990950071404295529276884565838491605025173691546609408221092813068988", "price": "0.63", "size": "0", "side": "BUY", "hash": "27237d1d9de97f3adba96689f13c27a83342bce9", "best_bid": "0.84", "best_ask": "0.87"}], "timestamp": "1769384710197", "event_type": "price_change"}}
{"_local_timestamp": "2026-01-25T23:45:10.292198+00:00", "data": {"market": "0xabdfaae7b3d15f709e840c9911d63c5c745bed1100a642ffbbdd3784b9b69c2d", "price_changes": [{"asset_id": "54751566429462665278170072010645394639941870691445000550071555111998490502168", "price": "0.35", "size": "385", "side": "SELL", "hash": "2551785b297396c31a9b144c4b3644799034b125", "best_bid": "0.13", "best_ask": "0.16"}, {"asset_id": "92534996990950071404295529276884565838491605025173691546609408221092813068988", "price": "0.65", "size": "385", "side": "BUY", "hash": "b604df846b5a684a6d91c2f209925a2ceea4cdb0", "best_bid": "0.84", "best_ask": "0.87"}], "timestamp": "1769384710224", "event_type": "price_change"}}
{"_local_timestamp": "2026-01-25T23:45:14.085120+00:00", "data": {"market": "0xabdfaae7b3d15f709e840c9911d63c5c745bed1100a642ffbbdd3784b9b69c2d", "price_changes": [{"asset_id": "54751566429462665278170072010645394639941870691445000550071555111998490502168", "price": "0.36", "size": "0", "side": "SELL", "hash": "f571eebbd053cc694330003e93bcc83ab2487762", "best_bid": "0.13", "best_ask": "0.16"}, {"asset_id": "92534996990950071404295529276884565838491605025173691546609408221092813068988", "price": "0.64", "size": "0", "side": "BUY", "hash": "05af553f55709011dce8fc1b27a9ddc70c86c181", "best_bid": "0.84", "best_ask": "0.87"}], "timestamp": "1769384714006", "event_type": "price_change"}}
{"_local_timestamp": "2026-01-25T23:45:14.285907+00:00", "data": {"market": "0xabdfaae7b3d15f709e840c9911d63c5c745bed1100a642ffbbdd3784b9b69c2d", "price_changes": [{"asset_id": "54751566429462665278170072010645394639941870691445000550071555111998490502168", "price": "0.34", "size": "116.8", "side": "SELL", "hash": "842a26cc95b7ef1ddf90b1644f89786268ea696e", "best_bid": "0.13", "best_ask": "0.16"}, {"asset_id": "92534996990950071404295529276884565838491605025173691546609408221092813068988", "price": "0.66", "size": "116.8", "side": "BUY", "hash": "d213a29c657fd2e20e8dbbe7fa1661a0dbff1ecc", "best_bid": "0.84", "best_ask": "0.87"}], "timestamp": "1769384714222", "event_type": "price_change"}}
{"_local_timestamp": "2026-01-25T23:45:14.313473+00:00", "data": {"market": "0xabdfaae7b3d15f709e840c9911d63c5c745bed1100a642ffbbdd3784b9b69c2d", "price_changes": [{"asset_id": "54751566429462665278170072010645394639941870691445000550071555111998490502168", "price": "0.35", "size": "0", "side": "SELL", "hash": "abef21f4e2b29ee9f6a71ed25d6f7f5077f705ba", "best_bid": "0.13", "best_ask": "0.16"}, {"asset_id": "92534996990950071404295529276884565838491605025173691546609408221092813068988", "price": "0.65", "size": "0", "side": "BUY", "hash": "845c03ba170df30848e1f434a421c7bee43b8378", "best_bid": "0.84", "best_ask": "0.87"}], "timestamp": "1769384714252", "event_type": "price_change"}}
{"_local_timestamp": "2026-01-25T23:45:14.331124+00:00", "data": {"market": "0x30054813e3042a136c7425521dcff77de0f373eb90115a18a1572385600789cb", "price_changes": [{"asset_id": "40254106575472061941375290040006576761421521228516905144674261800051321707482", "price": "0.03", "size": "9.44", "side": "BUY", "hash": "767327ba32e21ac46e96b314fd7d62d4d0bae355", "best_bid": "0.12", "best_ask": "0.13"}, {"asset_id": "44440935186939022539404219493934689092553157650407042871781503732943077460933", "price": "0.97", "size": "9.44", "side": "SELL", "hash": "c6bade37923e0d83dfb2659005bccb7fe7cde1a7", "best_bid": "0.87", "best_ask": "0.88"}], "timestamp": "1769384714267", "event_type": "price_change"}}
{"_local_timestamp": "2026-01-25T23:45:14.722699+00:00", "data": {"market": "0x30054813e3042a136c7425521dcff77de0f373eb90115a18a1572385600789cb", "price_changes": [{"asset_id": "40254106575472061941375290040006576761421521228516905144674261800051321707482", "price": "0.02", "size": "1011.89", "side": "BUY", "hash": "57a7d63cf697e8d3390d5b96959eb1f338b27529", "best_bid": "0.12", "best_ask": "0.13"}, {"asset_id": "44440935186939022539404219493934689092553157650407042871781503732943077460933", "price": "0.98", "size": "1011.89", "side": "SELL", "hash": "224610249f906c99f27e73d91afad7ff726e6937", "best_bid": "0.87", "best_ask": "0.88"}], "timestamp": "1769384714649", "event_type": "price_change"}}
{"_local_timestamp": "2026-01-25T23:45:14.726733+00:00", "data": {"market": "0x30054813e3042a136c7425521dcff77de0f373eb90115a18a1572385600789cb", "price_changes": [{"asset_id": "40254106575472061941375290040006576761421521228516905144674261800051321707482", "price": "0.04", "size": "11.97", "side": "BUY", "hash": "b03276091e0aa09f1bca5a1381e00b67714e02e3", "best_bid": "0.12", "best_ask": "0.13"}, {"asset_id": "44440935186939022539404219493934689092553157650407042871781503732943077460933", "price": "0.96", "size": "11.97", "side": "SELL", "hash": "4d498f15ab10594e2a72e4285ed6b7c88616833b", "best_bid": "0.87", "best_ask": "0.88"}], "timestamp": "1769384714658", "event_type": "price_change"}}
{"_local_timestamp": "2026-01-25T23:45:18.389384+00:00", "data": {"market": "0xabdfaae7b3d15f709e840c9911d63c5c745bed1100a642ffbbdd3784b9b69c2d", "price_changes": [{"asset_id": "54751566429462665278170072010645394639941870691445000550071555111998490502168", "price": "0.34", "size": "0", "side": "SELL", "hash": "070cb9dceacde3231bc04804e0dd040458dab793", "best_bid": "0.13", "best_ask": "0.16"}, {"asset_id": "92534996990950071404295529276884565838491605025173691546609408221092813068988", "price": "0.66", "size": "0", "side": "BUY", "hash": "3ae6bf31a51b19669e4f8d5868aa4ec16b23dcc1", "best_bid": "0.84", "best_ask": "0.87"}], "timestamp": "1769384718318", "event_type": "price_change"}}
{"_local_timestamp": "2026-01-25T23:45:18.417159+00:00", "data": {"market": "0xabdfaae7b3d15f709e840c9911d63c5c745bed1100a642ffbbdd3784b9b69c2d", "price_changes": [{"asset_id": "54751566429462665278170072010645394639941870691445000550071555111998490502168", "price": "0.37", "size": "438", "side": "SELL", "hash": "ee90fefdced342838dbea06683f5b79d762a99f9", "best_bid": "0.13", "best_ask": "0.16"}, {"asset_id": "92534996990950071404295529276884565838491605025173691546609408221092813068988", "price": "0.63", "size": "438", "side": "BUY", "hash": "0a47b5101a10cfb2d3d3cf2ebdf7ce61eca9fee8", "best_bid": "0.84", "best_ask": "0.87"}], "timestamp": "1769384718348", "event_type": "price_change"}}
{"_local_timestamp": "2026-01-25T23:45:18.815857+00:00", "data": {"market": "0xabdfaae7b3d15f709e840c9911d63c5c745bed1100a642ffbbdd3784b9b69c2d", "price_changes": [{"asset_id": "54751566429462665278170072010645394639941870691445000550071555111998490502168", "price": "0.41", "size": "116.8", "side": "SELL", "hash": "52ee6e8f11223600e2bfd3a796ecb5d8fed39674", "best_bid": "0.13", "best_ask": "0.16"}, {"asset_id": "92534996990950071404295529276884565838491605025173691546609408221092813068988", "price": "0.59", "size": "116.8", "side": "BUY", "hash": "c7cd9182ca2cf67118fbc242c52b4d6e0966a6e5", "best_bid": "0.84", "best_ask": "0.87"}], "timestamp": "1769384718742", "event_type": "price_change"}}
{"_local_timestamp": "2026-01-25T23:45:22.818154+00:00", "data": {"market": "0xabdfaae7b3d15f709e840c9911d63c5c745bed1100a642ffbbdd3784b9b69c2d", "price_changes": [{"asset_id": "54751566429462665278170072010645394639941870691445000550071555111998490502168", "price": "0.41", "size": "0", "side": "SELL", "hash": "b9cb135fc2b659afa66725268c0496500185eea9", "best_bid": "0.13", "best_ask": "0.16"}, {"asset_id": "92534996990950071404295529276884565838491605025173691546609408221092813068988", "price": "0.59", "size": "0", "side": "BUY", "hash": "10b391ab56a7118ad353e99ba4b5fb025cae753e", "best_bid": "0.84", "best_ask": "0.87"}], "timestamp": "1769384722742", "event_type": "price_change"}}
{"_local_timestamp": "2026-01-25T23:45:23.169592+00:00", "data": {"market": "0xabdfaae7b3d15f709e840c9911d63c5c745bed1100a642ffbbdd3784b9b69c2d", "price_changes": [{"asset_id": "54751566429462665278170072010645394639941870691445000550071555111998490502168", "price": "0.36", "size": "116.8", "side": "SELL", "hash": "d2bb533b484c2b08afaf1c7f91ea6b278815229d", "best_bid": "0.13", "best_ask": "0.16"}, {"asset_id": "92534996990950071404295529276884565838491605025173691546609408221092813068988", "price": "0.64", "size": "116.8", "side": "BUY", "hash": "e8036dec2ef3255ba4f08087dd2f0e9d6feca636", "best_bid": "0.84", "best_ask": "0.87"}], "timestamp": "1769384723087", "event_type": "price_change"}}
{"_local_timestamp": "2026-01-25T23:45:23.196280+00:00", "data": {"market": "0xabdfaae7b3d15f709e840c9911d63c5c745bed1100a642ffbbdd3784b9b69c2d", "price_changes": [{"asset_id": "54751566429462665278170072010645394639941870691445000550071555111998490502168", "price": "0.37", "size": "0", "side": "SELL", "hash": "aa2a33fb70920ce7c0e3356c1076e234a663844f", "best_bid": "0.13", "best_ask": "0.16"}, {"asset_id": "92534996990950071404295529276884565838491605025173691546609408221092813068988", "price": "0.63", "size": "0", "side": "BUY", "hash": "7244e11b7e6b901fc44b8233df62c025fb7cda8f", "best_bid": "0.84", "best_ask": "0.87"}], "timestamp": "1769384723130", "event_type": "price_change"}}
{"_local_timestamp": "2026-01-25T23:45:23.230991+00:00", "data": {"market": "0xabdfaae7b3d15f709e840c9911d63c5c745bed1100a642ffbbdd3784b9b69c2d", "price_changes": [{"asset_id": "54751566429462665278170072010645394639941870691445000550071555111998490502168", "price": "0.35", "size": "385", "side": "SELL", "hash": "3cb5e531bb18a9ed37124e16abcbdd5f80199180", "best_bid": "0.13", "best_ask": "0.16"}, {"asset_id": "92534996990950071404295529276884565838491605025173691546609408221092813068988", "price": "0.65", "size": "385", "side": "BUY", "hash": "c8b568753d02832889b525abeff491a27954f7f8", "best_bid": "0.84", "best_ask": "0.87"}], "timestamp": "1769384723157", "event_type": "price_change"}}
{"_local_timestamp": "2026-01-25T23:45:27.222972+00:00", "data": {"market": "0xabdfaae7b3d15f709e840c9911d63c5c745bed1100a642ffbbdd3784b9b69c2d", "price_changes": [{"asset_id": "54751566429462665278170072010645394639941870691445000550071555111998490502168", "price": "0.36", "size": "0", "side": "SELL", "hash": "f8bb2ebc825bbc883cd4b415675e5fcf68fcb3f1", "best_bid": "0.13", "best_ask": "0.16"}, {"asset_id": "92534996990950071404295529276884565838491605025173691546609408221092813068988", "price": "0.64", "size": "0", "side": "BUY", "hash": "9f6e397be3f72f50b96d59cae9d81b23626783b6", "best_bid": "0.84", "best_ask": "0.87"}], "timestamp": "1769384727154", "event_type": "price_change"}}
{"_local_timestamp": "2026-01-25T23:45:27.558428+00:00", "data": {"market": "0xabdfaae7b3d15f709e840c9911d63c5c745bed1100a642ffbbdd3784b9b69c2d", "price_changes": [{"asset_id": "54751566429462665278170072010645394639941870691445000550071555111998490502168", "price": "0.34", "size": "116.8", "side": "SELL", "hash": "302355d21f2d5dbaf8e55911f96b38e52b114404", "best_bid": "0.13", "best_ask": "0.16"}, {"asset_id": "92534996990950071404295529276884565838491605025173691546609408221092813068988", "price": "0.66", "size": "116.8", "side": "BUY", "hash": "49da37867612afadab07300594c952d59d78312c", "best_bid": "0.84", "best_ask": "0.87"}], "timestamp": "1769384727494", "event_type": "price_change"}}
{"_local_timestamp": "2026-01-25T23:45:27.581452+00:00", "data": {"market": "0xabdfaae7b3d15f709e840c9911d63c5c745bed1100a642ffbbdd3784b9b69c2d", "price_changes": [{"asset_id": "54751566429462665278170072010645394639941870691445000550071555111998490502168", "price": "0.35", "size": "0", "side": "SELL", "hash": "7daba3d78493db01383c31875568cd6f81b13914", "best_bid": "0.13", "best_ask": "0.16"}, {"asset_id": "92534996990950071404295529276884565838491605025173691546609408221092813068988", "price": "0.65", "size": "0", "side": "BUY", "hash": "612e127e0de46e57ec302852132bc977611ea823", "best_bid": "0.84", "best_ask": "0.87"}], "timestamp": "1769384727520", "event_type": "price_change"}}
{"_local_timestamp": "2026-01-25T23:45:31.658441+00:00", "data": {"market": "0xabdfaae7b3d15f709e840c9911d63c5c745bed1100a642ffbbdd3784b9b69c2d", "price_changes": [{"asset_id": "54751566429462665278170072010645394639941870691445000550071555111998490502168", "price": "0.34", "size": "0", "side": "SELL", "hash": "0d29e940a2b28f3e9a83b958f29549e3ccdbc0e7", "best_bid": "0.13", "best_ask": "0.16"}, {"asset_id": "92534996990950071404295529276884565838491605025173691546609408221092813068988", "price": "0.66", "size": "0", "side": "BUY", "hash": "bc41a319ae21adf9ee6c3ecbd0fc228eea37114d", "best_bid": "0.84", "best_ask": "0.87"}], "timestamp": "1769384731585", "event_type": "price_change"}}
{"_local_timestamp": "2026-01-25T23:45:31.679661+00:00", "data": {"market": "0xabdfaae7b3d15f709e840c9911d63c5c745bed1100a642ffbbdd3784b9b69c2d", "price_changes": [{"asset_id": "54751566429462665278170072010645394639941870691445000550071555111998490502168", "price": "0.37", "size": "438", "side": "SELL", "hash": "0fe1a585920b8ea38cdd61516571e1aeac4fc4fe", "best_bid": "0.13", "best_ask": "0.16"}, {"asset_id": "92534996990950071404295529276884565838491605025173691546609408221092813068988", "price": "0.63", "size": "438", "side": "BUY", "hash": "00dd6fb01e32727fdfbae412d074cbbe027e1470", "best_bid": "0.84", "best_ask": "0.87"}], "timestamp": "1769384731613", "event_type": "price_change"}}
{"_local_timestamp": "2026-01-25T23:45:32.062277+00:00", "data": {"market": "0xabdfaae7b3d15f709e840c9911d63c5c745bed1100a642ffbbdd3784b9b69c2d", "price_changes": [{"asset_id": "54751566429462665278170072010645394639941870691445000550071555111998490502168", "price": "0.41", "size": "116.8", "side": "SELL", "hash": "7739f9a9798dae82b67f8b34336fb5de94db1d54", "best_bid": "0.13", "best_ask": "0.16"}, {"asset_id": "92534996990950071404295529276884565838491605025173691546609408221092813068988", "price": "0.59", "size": "116.8", "side": "BUY", "hash": "0805180a76c70936491864f8f383fdb8cbbfff9d", "best_bid": "0.84", "best_ask": "0.87"}], "timestamp": "1769384731996", "event_type": "price_change"}}
{"_local_timestamp": "2026-01-25T23:45:35.917336+00:00", "data": {"market": "0xabdfaae7b3d15f709e840c9911d63c5c745bed1100a642ffbbdd3784b9b69c2d", "price_changes": [{"asset_id": "54751566429462665278170072010645394639941870691445000550071555111998490502168", "price": "0.41", "size": "0", "side": "SELL", "hash": "176ead23bc72cd44bd7377f6f97b51f3fcd5eae6", "best_bid": "0.13", "best_ask": "0.16"}, {"asset_id": "92534996990950071404295529276884565838491605025173691546609408221092813068988", "price": "0.59", "size": "0", "side": "BUY", "hash": "06f36286a6ba4bd65efe3d57e8c063caba498554", "best_bid": "0.84", "best_ask": "0.87"}], "timestamp": "1769384735844", "event_type": "price_change"}}
{"_local_timestamp": "2026-01-25T23:45:36.309013+00:00", "data": {"market": "0xabdfaae7b3d15f709e840c9911d63c5c745bed1100a642ffbbdd3784b9b69c2d", "price_changes": [{"asset_id": "54751566429462665278170072010645394639941870691445000550071555111998490502168", "price": "0.36", "size": "116.8", "side": "SELL", "hash": "06b4612b6021cd31cf4af727fea79d17da25c487", "best_bid": "0.13", "best_ask": "0.16"}, {"asset_id": "92534996990950071404295529276884565838491605025173691546609408221092813068988", "price": "0.64", "size": "116.8", "side": "BUY", "hash": "bf5b429e45eadc9238d58208acdf156b5f88b92d", "best_bid": "0.84", "best_ask": "0.87"}], "timestamp": "1769384736238", "event_type": "price_change"}}
{"_local_timestamp": "2026-01-25T23:45:36.330591+00:00", "data": {"market": "0xabdfaae7b3d15f709e840c9911d63c5c745bed1100a642ffbbdd3784b9b69c2d", "price_changes": [{"asset_id": "54751566429462665278170072010645394639941870691445000550071555111998490502168", "price": "0.37", "size": "0", "side": "SELL", "hash": "42b3cf55f49291273311083ce2ded1b4a5bddf6f", "best_bid": "0.13", "best_ask": "0.16"}, {"asset_id": "92534996990950071404295529276884565838491605025173691546609408221092813068988", "price": "0.63", "size": "0", "side": "BUY", "hash": "41ee34fb71cb3eea792df5eedc49d4902cfef28e", "best_bid": "0.84", "best_ask": "0.87"}], "timestamp": "1769384736262", "event_type": "price_change"}}
{"_local_timestamp": "2026-01-25T23:45:36.349264+00:00", "data": {"market": "0xabdfaae7b3d15f709e840c9911d63c5c745bed1100a642ffbbdd3784b9b69c2d", "price_changes": [{"asset_id": "54751566429462665278170072010645394639941870691445000550071555111998490502168", "price": "0.35", "size": "385", "side": "SELL", "hash": "b5e4a4aaec62d674e87684aaf2228c3eb635a27c", "best_bid": "0.13", "best_ask": "0.16"}, {"asset_id": "92534996990950071404295529276884565838491605025173691546609408221092813068988", "price": "0.65", "size": "385", "side": "BUY", "hash": "0e8394dee7fea6144a973bbb030d0813a399a0a7", "best_bid": "0.84", "best_ask": "0.87"}], "timestamp": "1769384736287", "event_type": "price_change"}}
{"_local_timestamp": "2026-01-25T23:45:40.059412+00:00", "data": {"market": "0xabdfaae7b3d15f709e840c9911d63c5c745bed1100a642ffbbdd3784b9b69c2d", "price_changes": [{"asset_id": "54751566429462665278170072010645394639941870691445000550071555111998490502168", "price": "0.36", "size": "0", "side": "SELL", "hash": "09351a2dabf0b22bdf495cb68894d408c8630c75", "best_bid": "0.13", "best_ask": "0.16"}, {"asset_id": "92534996990950071404295529276884565838491605025173691546609408221092813068988", "price": "0.64", "size": "0", "side": "BUY", "hash": "ed3df9721d6b99638fe362aca3cc66cdcd06aa74", "best_bid": "0.84", "best_ask": "0.87"}], "timestamp": "1769384739989", "event_type": "price_change"}}
{"_local_timestamp": "2026-01-25T23:45:40.447145+00:00", "data": {"market": "0xabdfaae7b3d15f709e840c9911d63c5c745bed1100a642ffbbdd3784b9b69c2d", "price_changes": [{"asset_id": "54751566429462665278170072010645394639941870691445000550071555111998490502168", "price": "0.34", "size": "116.8", "side": "SELL", "hash": "b86ee7d5e1c5d8d4a6593051160e3f03f749e73d", "best_bid": "0.13", "best_ask": "0.16"}, {"asset_id": "92534996990950071404295529276884565838491605025173691546609408221092813068988", "price": "0.66", "size": "116.8", "side": "BUY", "hash": "07c408d06e5e50a33285839ab68849facb6afd16", "best_bid": "0.84", "best_ask": "0.87"}], "timestamp": "1769384740378", "event_type": "price_change"}}
{"_local_timestamp": "2026-01-25T23:45:40.486485+00:00", "data": {"market": "0xabdfaae7b3d15f709e840c9911d63c5c745bed1100a642ffbbdd3784b9b69c2d", "price_changes": [{"asset_id": "54751566429462665278170072010645394639941870691445000550071555111998490502168", "price": "0.35", "size": "0", "side": "SELL", "hash": "2d7d2db5cb5c2c3af9d79f620fb02fc934792c39", "best_bid": "0.13", "best_ask": "0.16"}, {"asset_id": "92534996990950071404295529276884565838491605025173691546609408221092813068988", "price": "0.65", "size": "0", "side": "BUY", "hash": "82712886877b023e5cef106056e47c8d7c7991ef", "best_bid": "0.84", "best_ask": "0.87"}], "timestamp": "1769384740404", "event_type": "price_change"}}
{"_local_timestamp": "2026-01-25T23:45:41.287149+00:00", "data": {"market": "0x30054813e3042a136c7425521dcff77de0f373eb90115a18a1572385600789cb", "price_changes": [{"asset_id": "40254106575472061941375290040006576761421521228516905144674261800051321707482", "price": "0.1", "size": "1094.44", "side": "BUY", "hash": "31c578454aa3948f8218c5cfc4e8402b4b4d0726", "best_bid": "0.12", "best_ask": "0.13"}, {"asset_id": "44440935186939022539404219493934689092553157650407042871781503732943077460933", "price": "0.9", "size": "1094.44", "side": "SELL", "hash": "721b04b8912ad94f5dd9b19c89ca90af9fec4dc5", "best_bid": "0.87", "best_ask": "0.88"}], "timestamp": "1769384741190", "event_type": "price_change"}}
{"_local_timestamp": "2026-01-25T23:45:41.295262+00:00", "data": {"market": "0x30054813e3042a136c7425521dcff77de0f373eb90115a18a1572385600789cb", "price_changes": [{"asset_id": "44440935186939022539404219493934689092553157650407042871781503732943077460933", "price": "0.84", "size": "182.42", "side": "BUY", "hash": "2033a8ed914883d3f9fb3398a37f3c69fd29f543", "best_bid": "0.87", "best_ask": "0.88"}, {"asset_id": "40254106575472061941375290040006576761421521228516905144674261800051321707482", "price": "0.16", "size": "182.42", "side": "SELL", "hash": "5ca8a5be2ba626e3bf00e6bce9e7dbb1160887d6", "best_bid": "0.12", "best_ask": "0.13"}], "timestamp": "1769384741193", "event_type": "price_change"}}
{"_local_timestamp": "2026-01-25T23:45:41.302723+00:00", "data": {"market": "0xabdfaae7b3d15f709e840c9911d63c5c745bed1100a642ffbbdd3784b9b69c2d", "price_changes": [{"asset_id": "54751566429462665278170072010645394639941870691445000550071555111998490502168", "price": "0.11", "size": "10741.47", "side": "BUY", "hash": "0334ac2d65e58448b70faca34a794573cae7c2da", "best_bid": "0.13", "best_ask": "0.16"}, {"asset_id": "92534996990950071404295529276884565838491605025173691546609408221092813068988", "price": "0.89", "size": "10741.47", "side": "SELL", "hash": "9e2ec71d6e51d0ef05be783678a13a0996129121", "best_bid": "0.84", "best_ask": "0.87"}], "timestamp": "1769384741190", "event_type": "price_change"}}
{"_local_timestamp": "2026-01-25T23:45:44.325648+00:00", "data": {"market": "0xabdfaae7b3d15f709e840c9911d63c5c745bed1100a642ffbbdd3784b9b69c2d", "price_changes": [{"asset_id": "54751566429462665278170072010645394639941870691445000550071555111998490502168", "price": "0.34", "size": "0", "side": "SELL", "hash": "679349743932a9542e5751154d001dfb33c2b98f", "best_bid": "0.13", "best_ask": "0.16"}, {"asset_id": "92534996990950071404295529276884565838491605025173691546609408221092813068988", "price": "0.66", "size": "0", "side": "BUY", "hash": "c3e870e3085c15767febb76d6ea15072c6865117", "best_bid": "0.84", "best_ask": "0.87"}], "timestamp": "1769384744263", "event_type": "price_change"}}
{"_local_timestamp": "2026-01-25T23:45:44.352679+00:00", "data": {"market": "0xabdfaae7b3d15f709e840c9911d63c5c745bed1100a642ffbbdd3784b9b69c2d", "price_changes": [{"asset_id": "54751566429462665278170072010645394639941870691445000550071555111998490502168", "price": "0.37", "size": "438", "side": "SELL", "hash": "692984039702f131ab16888ae78915b1bf358f07", "best_bid": "0.13", "best_ask": "0.16"}, {"asset_id": "92534996990950071404295529276884565838491605025173691546609408221092813068988", "price": "0.63", "size": "438", "side": "BUY", "hash": "bcb3862e0797b9a5438f63cebb49a342cd69ba39", "best_bid": "0.84", "best_ask": "0.87"}], "timestamp": "1769384744290", "event_type": "price_change"}}
{"_local_timestamp": "2026-01-25T23:45:44.725317+00:00", "data": {"market": "0xabdfaae7b3d15f709e840c9911d63c5c745bed1100a642ffbbdd3784b9b69c2d", "price_changes": [{"asset_id": "54751566429462665278170072010645394639941870691445000550071555111998490502168", "price": "0.41", "size": "116.8", "side": "SELL", "hash": "bebfbfd07b6db17f77f875628a5ec349e4b57daf", "best_bid": "0.13", "best_ask": "0.16"}, {"asset_id": "92534996990950071404295529276884565838491605025173691546609408221092813068988", "price": "0.59", "size": "116.8", "side": "BUY", "hash": "2e24436843b3cb83a4968080f7f27f9220fa0fff", "best_bid": "0.84", "best_ask": "0.87"}], "timestamp": "1769384744657", "event_type": "price_change"}}
{"_local_timestamp": "2026-01-25T23:45:48.614865+00:00", "data": {"market": "0xabdfaae7b3d15f709e840c9911d63c5c745bed1100a642ffbbdd3784b9b69c2d", "price_changes": [{"asset_id": "54751566429462665278170072010645394639941870691445000550071555111998490502168", "price": "0.41", "size": "0", "side": "SELL", "hash": "17528016dafcd71cc274f97d3847bfcf0330ba5e", "best_bid": "0.13", "best_ask": "0.16"}, {"asset_id": "92534996990950071404295529276884565838491605025173691546609408221092813068988", "price": "0.59", "size": "0", "side": "BUY", "hash": "edacfe0c61550c36e40814783b305bc2d939c87c", "best_bid": "0.84", "best_ask": "0.87"}], "timestamp": "1769384748544", "event_type": "price_change"}}
{"_local_timestamp": "2026-01-25T23:45:48.953503+00:00", "data": {"market": "0xabdfaae7b3d15f709e840c9911d63c5c745bed1100a642ffbbdd3784b9b69c2d", "price_changes": [{"asset_id": "54751566429462665278170072010645394639941870691445000550071555111998490502168", "price": "0.36", "size": "116.8", "side": "SELL", "hash": "5865feb2527ded4dcad2e67b54793ca226957512", "best_bid": "0.13", "best_ask": "0.16"}, {"asset_id": "92534996990950071404295529276884565838491605025173691546609408221092813068988", "price": "0.64", "size": "116.8", "side": "BUY", "hash": "4e7947b6ac5949d99fa32ab90b3c8e32bde03ca9", "best_bid": "0.84", "best_ask": "0.87"}], "timestamp": "1769384748883", "event_type": "price_change"}}
{"_local_timestamp": "2026-01-25T23:45:48.994060+00:00", "data": {"market": "0xabdfaae7b3d15f709e840c9911d63c5c745bed1100a642ffbbdd3784b9b69c2d", "price_changes": [{"asset_id": "54751566429462665278170072010645394639941870691445000550071555111998490502168", "price": "0.37", "size": "0", "side": "SELL", "hash": "764b7492035666c4fd8958bae1f1942dfa4aafab", "best_bid": "0.13", "best_ask": "0.16"}, {"asset_id": "92534996990950071404295529276884565838491605025173691546609408221092813068988", "price": "0.63", "size": "0", "side": "BUY", "hash": "9d77493257b0282d6b3f2635988ce3fc31d639b7", "best_bid": "0.84", "best_ask": "0.87"}], "timestamp": "1769384748931", "event_type": "price_change"}}
{"_local_timestamp": "2026-01-25T23:45:49.023377+00:00", "data": {"market": "0xabdfaae7b3d15f709e840c9911d63c5c745bed1100a642ffbbdd3784b9b69c2d", "price_changes": [{"asset_id": "54751566429462665278170072010645394639941870691445000550071555111998490502168", "price": "0.35", "size": "385", "side": "SELL", "hash": "34ee70f0cdf90c738c73988a129d3c95ab1d7fb8", "best_bid": "0.13", "best_ask": "0.16"}, {"asset_id": "92534996990950071404295529276884565838491605025173691546609408221092813068988", "price": "0.65", "size": "385", "side": "BUY", "hash": "116d8daa02dbbc0f6315abb72f53d3d47a7b2970", "best_bid": "0.84", "best_ask": "0.87"}], "timestamp": "1769384748956", "event_type": "price_change"}}
{"_local_timestamp": "2026-01-25T23:45:52.665849+00:00", "data": {"market": "0xabdfaae7b3d15f709e840c9911d63c5c745bed1100a642ffbbdd3784b9b69c2d", "price_changes": [{"asset_id": "54751566429462665278170072010645394639941870691445000550071555111998490502168", "price": "0.36", "size": "0", "side": "SELL", "hash": "27b4f7e57666ca145629020717e1486fceb9f930", "best_bid": "0.13", "best_ask": "0.16"}, {"asset_id": "92534996990950071404295529276884565838491605025173691546609408221092813068988", "price": "0.64", "size": "0", "side": "BUY", "hash": "756e0d6ef485cc0f6f5982bc12843141a319af81", "best_bid": "0.84", "best_ask": "0.87"}], "timestamp": "1769384752596", "event_type": "price_change"}}
{"_local_timestamp": "2026-01-25T23:45:52.982391+00:00", "data": {"market": "0xabdfaae7b3d15f709e840c9911d63c5c745bed1100a642ffbbdd3784b9b69c2d", "price_changes": [{"asset_id": "54751566429462665278170072010645394639941870691445000550071555111998490502168", "price": "0.34", "size": "116.8", "side": "SELL", "hash": "3f568f3a10800f53f7ace931a1964a9e97563f6a", "best_bid": "0.13", "best_ask": "0.16"}, {"asset_id": "92534996990950071404295529276884565838491605025173691546609408221092813068988", "price": "0.66", "size": "116.8", "side": "BUY", "hash": "3cf54a02f179debfc1411999be4444167480e1ba", "best_bid": "0.84", "best_ask": "0.87"}], "timestamp": "1769384752917", "event_type": "price_change"}}
{"_local_timestamp": "2026-01-25T23:45:53.009296+00:00", "data": {"market": "0xabdfaae7b3d15f709e840c9911d63c5c745bed1100a642ffbbdd3784b9b69c2d", "price_changes": [{"asset_id": "54751566429462665278170072010645394639941870691445000550071555111998490502168", "price": "0.35", "size": "0", "side": "SELL", "hash": "5ee7a9244dbc93591a3364c21abf52161ca12cde", "best_bid": "0.13", "best_ask": "0.16"}, {"asset_id": "92534996990950071404295529276884565838491605025173691546609408221092813068988", "price": "0.65", "size": "0", "side": "BUY", "hash": "0fcae913dbdff7e0b3df0903c6b8edbe9196cc9f", "best_bid": "0.84", "best_ask": "0.87"}], "timestamp": "1769384752945", "event_type": "price_change"}}
{"_local_timestamp": "2026-01-25T23:45:57.135901+00:00", "data": {"market": "0xabdfaae7b3d15f709e840c9911d63c5c745bed1100a642ffbbdd3784b9b69c2d", "price_changes": [{"asset_id": "54751566429462665278170072010645394639941870691445000550071555111998490502168", "price": "0.34", "size": "0", "side": "SELL", "hash": "011f88cb23e677a1adeb300bcd6f8fdffaa3b494", "best_bid": "0.13", "best_ask": "0.16"}, {"asset_id": "92534996990950071404295529276884565838491605025173691546609408221092813068988", "price": "0.66", "size": "0", "side": "BUY", "hash": "3f920342d1d141188d206c1c05121627c24d9661", "best_bid": "0.84", "best_ask": "0.87"}], "timestamp": "1769384756622", "event_type": "price_change"}}
{"_local_timestamp": "2026-01-25T23:45:57.334579+00:00", "data": {"market": "0xabdfaae7b3d15f709e840c9911d63c5c745bed1100a642ffbbdd3784b9b69c2d", "price_changes": [{"asset_id": "54751566429462665278170072010645394639941870691445000550071555111998490502168", "price": "0.37", "size": "438", "side": "SELL", "hash": "fe1d56ab6d99a5fa6fbf2294dcf492b672b1e57f", "best_bid": "0.13", "best_ask": "0.16"}, {"asset_id": "92534996990950071404295529276884565838491605025173691546609408221092813068988", "price": "0.63", "size": "438", "side": "BUY", "hash": "eee0b6f64f96c37ef86d3ef951fbf9b4af2e371b", "best_bid": "0.84", "best_ask": "0.87"}], "timestamp": "1769384757094", "event_type": "price_change"}}
{"_local_timestamp": "2026-01-25T23:45:57.334901+00:00", "data": {"market": "0xabdfaae7b3d15f709e840c9911d63c5c745bed1100a642ffbbdd3784b9b69c2d", "price_changes": [{"asset_id": "54751566429462665278170072010645394639941870691445000550071555111998490502168", "price": "0.41", "size": "116.8", "side": "SELL", "hash": "de1917cee2cf0c34592b8d08ca3fe680af282550", "best_bid": "0.13", "best_ask": "0.16"}, {"asset_id": "92534996990950071404295529276884565838491605025173691546609408221092813068988", "price": "0.59", "size": "116.8", "side": "BUY", "hash": "2102ac71c297a3f29693f0199a77e5b5251642b6", "best_bid": "0.84", "best_ask": "0.87"}], "timestamp": "1769384757099", "event_type": "price_change"}}
{"_local_timestamp": "2026-01-25T23:45:57.817251+00:00", "data": {"market": "0x30054813e3042a136c7425521dcff77de0f373eb90115a18a1572385600789cb", "price_changes": [{"asset_id": "40254106575472061941375290040006576761421521228516905144674261800051321707482", "price": "0.1", "size": "1144.44", "side": "BUY", "hash": "1d3f80a850dbe3a19b2458af759950240b39e53c", "best_bid": "0.12", "best_ask": "0.13"}, {"asset_id": "44440935186939022539404219493934689092553157650407042871781503732943077460933", "price": "0.9", "size": "1144.44", "side": "SELL", "hash": "be79f4594b8e3c0e88ae6eb4c773c3b60cee22ae", "best_bid": "0.87", "best_ask": "0.88"}], "timestamp": "1769384757746", "event_type": "price_change"}}
{"_local_timestamp": "2026-01-25T23:45:57.817719+00:00", "data": {"market": "0x30054813e3042a136c7425521dcff77de0f373eb90115a18a1572385600789cb", "price_changes": [{"asset_id": "44440935186939022539404219493934689092553157650407042871781503732943077460933", "price": "0.84", "size": "232.42", "side": "BUY", "hash": "d36a12124f12ff868cb17e7b2987b9980ae87c85", "best_bid": "0.87", "best_ask": "0.88"}, {"asset_id": "40254106575472061941375290040006576761421521228516905144674261800051321707482", "price": "0.16", "size": "232.42", "side": "SELL", "hash": "669d618284c24303d9b9b7464a286647cf8334c1", "best_bid": "0.12", "best_ask": "0.13"}], "timestamp": "1769384757747", "event_type": "price_change"}}
