{"_local_timestamp": "2026-01-25T23:40:30.740038+00:00", "data": [{"market": "0xabdfaae7b3d15f709e840c9911d63c5c745bed1100a642ffbbdd3784b9b69c2d", "asset_id": "54751566429462665278170072010645394639941870691445000550071555111998490502168", "timestamp": "1769384404581", "hash": "53e2864f98c568b125adc87911e3b61e4bd98cb4", "bids": [{"price": "0.01", "size": "6031.93"}, {"price": "0.02", "size": "44.45"}, {"price": "0.03", "size": "20"}, {"price": "0.07", "size": "14.73"}, {"price": "0.1", "size": "100"}, {"price": "0.11", "size": "10791.47"}, {"price": "0.12", "size": "83.19"}, {"price": "0.13", "size": "30"}], "asks": [{"price": "0.99", "size": "39.49"}, {"price": "0.98", "size": "11.55"}, {"price": "0.91", "size": "400"}, {"price": "0.9", "size": "3000"}, {"price": "0.89", "size": "25.66"}, {"price": "0.87", "size": "261.53"}, {"price": "0.86", "size": "1142"}, {"price": "0.82", "size": "177.77"}, {"price": "0.81", "size": "842"}, {"price": "0.8", "size": "2100"}, {"price": "0.78", "size": "127.27"}, {"price": "0.74", "size": "100"}, {"price": "0.73", "size": "400"}, {"price": "0.72", "size": "3260"}, {"price": "0.69", "size": "77.41"}, {"price": "0.65", "size": "57.14"}, {"price": "0.45", "size": "60"}, {"price": "0.42", "size": "100"}, {"price": "0.41", "size": "116.8"}, {"price": "0.38", "size": "300"}, {"price": "0.34", "size": "432"}, {"price": "0.22", "size": "100"}, {"price": "0.17", "size": "30"}, {"price": "0.16", "size": "254.06"}], "event_type": "book", "last_trade_price": "0.160"}, {"market": "0x30054813e3042a136c7425521dcff77de0f373eb90115a18a1572385600789cb", "asset_id": "40254106575472061941375290040006576761421521228516905144674261800051321707482", "timestamp": "1769384414836", "hash": "5216e8444ffd7cc4689267ba8e2637cbe40d635a", "bids": [{"price": "0.01", "size": "6049"}, {"price": "0.02", "size": "1005.94"}, {"price": "0.03", "size": "29.37"}, {"price": "0.07", "size": "113.63"}, {"price": "0.08", "size": "876"}, {"price": "0.1", "size": "1144.44"}, {"price": "0.11", "size": "27.5"}, {"price": "0.12", "size": "19.31"}], "asks": [{"price": "0.99", "size": "89.8"}, {"price": "0.98", "size": "6.55"}, {"price": "0.91", "size": "400"}, {"price": "0.9", "size": "3000"}, {"price": "0.87", "size": "261.53"}, {"price": "0.86", "size": "1142"}, {"price": "0.85", "size": "7.34"}, {"price": "0.82", "size": "177.77"}, {"price": "0.81", "size": "842"}, {"price": "0.8", "size": "5"}, {"price": "0.78", "size": "127.27"}, {"price": "0.77", "size": "3961"}, {"price": "0.76", "size": "1748"}, {"price": "0.73", "size": "96.29"}, {"price": "0.69", "size": "377.41"}, {"price": "0.64", "size": "55.55"}, {"price": "0.63", "size": "5"}, {"price": "0.4", "size": "14.99"}, {"price": "0.39", "size": "20"}, {"price": "0.19", "size": "6.17"}, {"price": "0.17", "size": "20"}, {"price": "0.16", "size": "232.42"}, {"price": "0.14", "size": "291.24"}, {"price": "0.13", "size": "248.22"}], "event_type": "book", "last_trade_price": "0.880"}, {"market": "0x30054813e3042a136c7425521dcff77de0f373eb90115a18a1572385600789cb", "asset_id": "44440935186939022539404219493934689092553157650407042871781503732943077460933", "timestamp": "1769384414836", "hash": "8e1269de90cba3665fa82a553607805b5f9d3dab", "bids": [{"price": "0.01", "size": "89.8"}, {"price": "0.02", "size": "6.55"}, {"price": "0.09", "size": "400"}, {"price": "0.1", "size": "3000"}, {"price": "0.13", "size": "261.53"}, {"price": "0.14", "size": "1142"}, {"price": "0.15", "size": "7.34"}, {"price": "0.18", "size": "177.77"}, {"price": "0.19", "size": "842"}, {"price": "0.2", "size": "5"}, {"price": "0.22", "size": "127.27"}, {"price": "0.23", "size": "3961"}, {"price": "0.24", "size": "1748"}, {"price": "0.27", "size": "96.29"}, {"price": "0.31", "size": "377.41"}, {"price": "0.36", "size": "55.55"}, {"price": "0.37", "size": "5"}, {"price": "0.6", "size": "14.99"}, {"price": "0.61", "size": "20"}, {"price": "0.81", "size": "6.17"}, {"price": "0.83", "size": "20"}, {"price": "0.84", "size": "232.42"}, {"price": "0.86", "size": "291.24"}, {"price": "0.87", "size": "248.22"}], "asks": [{"price": "0.99", "size": "6049"}, {"price": "0.98", "size": "1005.94"}, {"price": "0.97", "size": "29.37"}, {"price": "0.93", "size": "113.63"}, {"price": "0.92", "size": "876"}, {"price": "0.9", "size": "1144.44"}, {"price": "0.89", "size": "27.5"}, {"price": "0.88", "size": "19.31"}], "event_type": "book", "last_trade_price": "0.880"}, {"market": "0xabdfaae7b3d15f709e840c9911d63c5c745bed1100a642ffbbdd3784b9b69c2d", "asset_id": "92534996990950071404295529276884565838491605025173691546609408221092813068988", "timestamp": "1769384404581", "hash": "7f3c2579364653c61ff7a28c37e288d630055261", "bids": [{"price": "0.01", "size": "39.49"}, {"price": "0.02", "size": "11.55"}, {"price": "0.09", "size": "400"}, {"price": "0.1", "size": "3000"}, {"price": "0.11", "size": "25.66"}, {"price": "0.13", "size": "261.53"}, {"price": "0.14", "size": "1142"}, {"price": "0.18", "size": "177.77"}, {"price": "0.19", "size": "842"}, {"price": "0.2", "size": "2100"}, {"price": "0.22", "size": "127.27"}, {"price": "0.26", "size": "100"}, {"price": "0.27", "size": "400"}, {"price": "0.28", "size": "3260"}, {"price": "0.31", "size": "77.41"}, {"price": "0.35", "size": "57.14"}, {"price": "0.55", "size": "60"}, {"price": "0.58", "size": "100"}, {"price": "0.59", "size": "116.8"}, {"price": "0.62", "size": "300"}, {"price": "0.66", "size": "432"}, {"price": "0.78", "size": "100"}, {"price": "0.83", "size": "30"}, {"price": "0.84", "size": "254.06"}], "asks": [{"price": "0.99", "size": "6031.93"}, {"price": "0.98", "size": "44.45"}, {"price": "0.97", "size": "20"}, {"price": "0.93", "size": "14.73"}, {"price": "0.9", "size": "100"}, {"price": "0.89", "size": "10791.47"}, {"price": "0.88", "size": "83.19"}, {"price": "0.87", "size": "30"}], "event_type": "book", "last_trade_price": "0.160"}]}
{"_local_timestamp": "2026-01-25T23:41:14.714464+00:00", "data": {"market": "0x30054813e3042a136c7425521dcff77de0f373eb90115a18a1572385600789cb", "price_changes": [{"asset_id": "44440935186939022539404219493934689092553157650407042871781503732943077460933", "price": "0.24", "size": "0", "side": "BUY", "hash": "2a2fafb2ce9475767fb6b527aa69104071b229d0", "best_bid": "0.87", "best_ask": "0.88"}, {"asset_id": "40254106575472061941375290040006576761421521228516905144674261800051321707482", "price": "0.76", "size": "0", "side": "SELL", "hash": "9c7fcc4661085959bdafda358dbae5d9a8e59a69", "best_bid": "0.12", "best_ask": "0.13"}], "timestamp": "1769384474539", "event_type": "price_change"}}
{"_local_timestamp": "2026-01-25T23:41:16.980953+00:00", "data": {"market": "0x30054813e3042a136c7425521dcff77de0f373eb90115a18a1572385600789cb", "price_changes": [{"asset_id": "44440935186939022539404219493934689092553157650407042871781503732943077460933", "price": "0.26", "size": "1614", "side": "BUY", "hash": "a3e0bfebccf8a5a352fcfe65e8bd78aef26997eb", "best_bid": "0.87", "best_ask": "0.88"}, {"asset_id": "40254106575472061941375290040006576761421521228516905144674261800051321707482", "price": "0.74", "size": "1614", "side": "SELL", "hash": "a1f2efb308a98571cc791cab9a5eeb6150f88aaf", "best_bid": "0.12", "best_ask": "0.13"}], "timestamp": "1769384476915", "event_type": "price_change"}}
{"_local_timestamp": "2026-01-25T23:42:47.164385+00:00", "data": {"market": "0x30054813e3042a136c7425521dcff77de0f373eb90115a18a1572385600789cb", "price_changes": [{"asset_id": "44440935186939022539404219493934689092553157650407042871781503732943077460933", "price": "0.26", "size": "0", "side": "BUY", "hash": "7acf0ab1d37d1c54a857ca0bff7a20bec706c10e", "best_bid": "0.87", "best_ask": "0.88"}, {"asset_id": "40254106575472061941375290040006576761421521228516905144674261800051321707482", "price": "0.74", "size": "0", "side": "SELL", "hash": "f5e716514c6269a10d09d5c54cee43194cea1e45", "best_bid": "0.12", "best_ask": "0.13"}], "timestamp": "1769384566995", "event_type": "price_change"}}
{"_local_timestamp": "2026-01-25T23:43:07.335092+00:00", "data": {"market": "0x30054813e3042a136c7425521dcff77de0f373eb90115a18a1572385600789cb", "price_changes": [{"asset_id": "44440935186939022539404219493934689092553157650407042871781503732943077460933", "price": "0.25", "size": "1680", "side": "BUY", "hash": "6c9f7014cc79423b2a225a3844120844187b77f8", "best_bid": "0.87", "best_ask": "0.88"}, {"asset_id": "40254106575472061941375290040006576761421521228516905144674261800051321707482", "price": "0.75", "size": "1680", "side": "SELL", "hash": "7066c4b1bb879e0a9f0df4cfd306f02fc81434f3", "best_bid": "0.12", "best_ask": "0.13"}], "timestamp": "1769384587242", "event_type": "price_change"}}
