{"_local_timestamp": "2026-01-25T23:33:38.600699+00:00", "data": [{"market": "0x7994abcec6830c4ac3c3924dc7940c1a967a235ee8276a9134d5f9d86ae1ec35", "asset_id": "96084161488434020265609253595224812963710430636164510207306888641178526766719", "timestamp": "1769383945022", "hash": "8af191ff15a1a28ed2f2aee3aedba9547b79edb7", "bids": [{"price": "0.001", "size": "3952.14"}, {"price": "0.002", "size": "1250"}, {"price": "0.003", "size": "1172.66"}, {"price": "0.004", "size": "1000"}, {"price": "0.006", "size": "83"}, {"price": "0.007", "size": "9.55"}, {"price": "0.01", "size": "5550"}, {"price": "0.02", "size": "2200"}, {"price": "0.021", "size": "14.62"}, {"price": "0.05", "size": "30"}, {"price": "0.051", "size": "39"}, {"price": "0.06", "size": "500"}, {"price": "0.1", "size": "860"}, {"price": "0.101", "size": "250"}, {"price": "0.102", "size": "5.84"}, {"price": "0.15", "size": "776.66"}, {"price": "0.2", "size": "660"}, {"price": "0.25", "size": "362"}, {"price": "0.3", "size": "186.66"}, {"price": "0.35", "size": "68.57"}, {"price": "0.4", "size": "175"}, {"price": "0.401", "size": "5"}, {"price": "0.75", "size": "100"}, {"price": "0.79", "size": "50"}, {"price": "0.96", "size": "700"}, {"price": "0.965", "size": "200"}, {"price": "0.97", "size": "2200"}, {"price": "0.971", "size": "411.36"}, {"price": "0.972", "size": "30"}, {"price": "0.973", "size": "30"}, {"price": "0.975", "size": "6"}, {"price": "0.976", "size": "5.54"}, {"price": "0.978", "size": "25"}, {"price": "0.979", "size": "8.77"}, {"price": "0.98", "size": "6"}, {"price": "0.981", "size": "9"}], "asks": [{"price": "0.999", "size": "81494.99"}, {"price": "0.998", "size": "5370.19"}, {"price": "0.997", "size": "2028.31"}, {"price": "0.996", "size": "271.87"}, {"price": "0.995", "size": "617.49"}, {"price": "0.994", "size": "20.91"}, {"price": "0.993", "size": "605.52"}, {"price": "0.992", "size": "487.19"}, {"price": "0.991", "size": "22.51"}, {"price": "0.99", "size": "8.95"}, {"price": "0.989", "size": "6.89"}], "event_type": "book", "last_trade_price": "0.011"}, {"market": "0x7994abcec6830c4ac3c3924dc7940c1a967a235ee8276a9134d5f9d86ae1ec35", "asset_id": "18002045674199820850751542545042572711528120479816398408667637656937325328760", "timestamp": "1769383945022", "hash": "5dd2dae1ca86964521ed879349689479dbcc6814", "bids": [{"price": "0.001", "size": "81494.99"}, {"price": "0.002", "size": "5370.19"}, {"price": "0.003", "size": "2028.31"}, {"price": "0.004", "size": "271.87"}, {"price": "0.005", "size": "617.49"}, {"price": "0.006", "size": "20.91"}, {"price": "0.007", "size": "605.52"}, {"price": "0.008", "size": "487.19"}, {"price": "0.009", "size": "22.51"}, {"price": "0.01", "size": "8.95"}, {"price": "0.011", "size": "6.89"}], "asks": [{"price": "0.999", "size": "3952.14"}, {"price": "0.998", "size": "1250"}, {"price": "0.997", "size": "1172.66"}, {"price": "0.996", "size": "1000"}, {"price": "0.994", "size": "83"}, {"price": "0.993", "size": "9.55"}, {"price": "0.99", "size": "5550"}, {"price": "0.98", "size": "2200"}, {"price": "0.979", "size": "14.62"}, {"price": "0.95", "size": "30"}, {"price": "0.949", "size": "39"}, {"price": "0.94", "size": "500"}, {"price": "0.9", "size": "860"}, {"price": "0.899", "size": "250"}, {"price": "0.898", "size": "5.84"}, {"price": "0.85", "size": "776.66"}, {"price": "0.8", "size": "660"}, {"price": "0.75", "size": "362"}, {"price": "0.7", "size": "186.66"}, {"price": "0.65", "size": "68.57"}, {"price": "0.6", "size": "175"}, {"price": "0.599", "size": "5"}, {"price": "0.25", "size": "100"}, {"price": "0.21", "size": "50"}, {"price": "0.04", "size": "700"}, {"price": "0.035", "size": "200"}, {"price": "0.03", "size": "2200"}, {"price": "0.029", "size": "411.36"}, {"price": "0.028", "size": "30"}, {"price": "0.027", "size": "30"}, {"price": "0.025", "size": "6"}, {"price": "0.024", "size": "5.54"}, {"price": "0.022", "size": "25"}, {"price": "0.021", "size": "8.77"}, {"price": "0.02", "size": "6"}, {"price": "0.019", "size": "9"}], "event_type": "book", "last_trade_price": "0.011"}, {"market": "0x74cbb97f087d33c1812ffc1707b7ba8d6663031f60998e4a137a5d2940f5debf", "asset_id": "20739382955566130973175728478683719220964971715196797530319618023913312945049", "timestamp": "1769383931061", "hash": "d8a088ea90d1d4cbbd0ac7ee87d15a18f30a7216", "bids": [{"price": "0.01", "size": "3250"}, {"price": "0.02", "size": "3614.9"}, {"price": "0.03", "size": "23.39"}, {"price": "0.04", "size": "4360"}, {"price": "0.05", "size": "3821.42"}, {"price": "0.06", "size": "366.6"}, {"price": "0.07", "size": "1160"}], "asks": [{"price": "0.99", "size": "5559.7"}, {"price": "0.98", "size": "2200"}, {"price": "0.97", "size": "9.07"}, {"price": "0.95", "size": "30"}, {"price": "0.94", "size": "33"}, {"price": "0.91", "size": "1200"}, {"price": "0.9", "size": "6.3"}, {"price": "0.86", "size": "242.85"}, {"price": "0.85", "size": "1100"}, {"price": "0.84", "size": "250"}, {"price": "0.81", "size": "168.42"}, {"price": "0.8", "size": "400"}, {"price": "0.77", "size": "915.73"}, {"price": "0.75", "size": "500"}, {"price": "0.74", "size": "1864"}, {"price": "0.73", "size": "50"}, {"price": "0.72", "size": "92.85"}, {"price": "0.67", "size": "72.72"}, {"price": "0.65", "size": "5"}, {"price": "0.62", "size": "52.63"}, {"price": "0.6", "size": "1625"}, {"price": "0.21", "size": "50"}, {"price": "0.11", "size": "4210"}, {"price": "0.1", "size": "300"}, {"price": "0.09", "size": "2558.88"}, {"price": "0.08", "size": "1585.06"}], "event_type": "book", "last_trade_price": ""}, {"market": "0x74cbb97f087d33c1812ffc1707b7ba8d6663031f60998e4a137a5d2940f5debf", "asset_id": "90018004083295383709985505774318619454774621134335309635909619328044622047253", "timestamp": "1769383931061", "hash": "e4eeedda3f2750291d224eb7c6115f96efa1b0df", "bids": [{"price": "0.01", "size": "5559.7"}, {"price": "0.02", "size": "2200"}, {"price": "0.03", "size": "9.07"}, {"price": "0.05", "size": "30"}, {"price": "0.06", "size": "33"}, {"price": "0.09", "size": "1200"}, {"price": "0.1", "size": "6.3"}, {"price": "0.14", "size": "242.85"}, {"price": "0.15", "size": "1100"}, {"price": "0.16", "size": "250"}, {"price": "0.19", "size": "168.42"}, {"price": "0.2", "size": "400"}, {"price": "0.23", "size": "915.73"}, {"price": "0.25", "size": "500"}, {"price": "0.26", "size": "1864"}, {"price": "0.27", "size": "50"}, {"price": "0.28", "size": "92.85"}, {"price": "0.33", "size": "72.72"}, {"price": "0.35", "size": "5"}, {"price": "0.38", "size": "52.63"}, {"price": "0.4", "size": "1625"}, {"price": "0.79", "size": "50"}, {"price": "0.89", "size": "4210"}, {"price": "0.9", "size": "300"}, {"price": "0.91", "size": "2558.88"}, {"price": "0.92", "size": "1585.06"}], "asks": [{"price": "0.99", "size": "3250"}, {"price": "0.98", "size": "3614.9"}, {"price": "0.97", "size": "23.39"}, {"price": "0.96", "size": "4360"}, {"price": "0.95", "size": "3821.42"}, {"price": "0.94", "size": "366.6"}, {"price": "0.93", "size": "1160"}], "event_type": "book", "last_trade_price": ""}]}
{"_local_timestamp": "2026-01-25T23:34:06.349047+00:00", "data": {"market": "0x7994abcec6830c4ac3c3924dc7940c1a967a235ee8276a9134d5f9d86ae1ec35", "price_changes": [{"asset_id": "18002045674199820850751542545042572711528120479816398408667637656937325328760", "price": "0.002", "size": "5326", "side": "BUY", "hash": "664d16140fe3a535c3ca2c3aebcf09065a3479bb", "best_bid": "0.011", "best_ask": "0.019"}, {"asset_id": "96084161488434020265609253595224812963710430636164510207306888641178526766719", "price": "0.998", "size": "5326", "side": "SELL", "hash": "33a79d3c7052ac83748bbbc14d38cf5b36ef23c9", "best_bid": "0.981", "best_ask": "0.989"}], "timestamp": "1769384046242", "event_type": "price_change"}}
{"_local_timestamp": "2026-01-25T23:34:06.362062+00:00", "data": {"market": "0x7994abcec6830c4ac3c3924dc7940c1a967a235ee8276a9134d5f9d86ae1ec35", "price_changes": [{"asset_id": "18002045674199820850751542545042572711528120479816398408667637656937325328760", "price": "0.003", "size": "1999", "side": "BUY", "hash": "664d16140fe3a535c3ca2c3aebcf09065a3479bb", "best_bid": "0.011", "best_ask": "0.019"}, {"asset_id": "96084161488434020265609253595224812963710430636164510207306888641178526766719", "price": "0.997", "size": "1999", "side": "SELL", "hash": "33a79d3c7052ac83748bbbc14d38cf5b36ef23c9", "best_bid": "0.981", "best_ask": "0.989"}], "timestamp": "1769384046242", "event_type": "price_change"}}
{"_local_timestamp": "2026-01-25T23:34:06.362684+00:00", "data": {"market": "0x7994abcec6830c4ac3c3924dc7940c1a967a235ee8276a9134d5f9d86ae1ec35", "price_changes": [{"asset_id": "18002045674199820850751542545042572711528120479816398408667637656937325328760", "price": "0.004", "size": "250", "side": "BUY", "hash": "664d16140fe3a535c3ca2c3aebcf09065a3479bb", "best_bid": "0.011", "best_ask": "0.019"}, {"asset_id": "96084161488434020265609253595224812963710430636164510207306888641178526766719", "price": "0.996", "size": "250", "side": "SELL", "hash": "33a79d3c7052ac83748bbbc14d38cf5b36ef23c9", "best_bid": "0.981", "best_ask": "0.989"}], "timestamp": "1769384046242", "event_type": "price_change"}}
{"_local_timestamp": "2026-01-25T23:34:07.493350+00:00", "data": {"market": "0x7994abcec6830c4ac3c3924dc7940c1a967a235ee8276a9134d5f9d86ae1ec35", "price_changes": [{"asset_id": "18002045674199820850751542545042572711528120479816398408667637656937325328760", "price": "0.003", "size": "2028.31", "side": "BUY", "hash": "2143a08776123fb6f2dd6e28b4ea7204ce31b4ae", "best_bid": "0.011", "best_ask": "0.019"}, {"asset_id": "96084161488434020265609253595224812963710430636164510207306888641178526766719", "price": "0.997", "size": "2028.31", "side": "SELL", "hash": "3dbb2e2649036c5dad56277e5884ab0d38790ecb", "best_bid": "0.981", "best_ask": "0.989"}], "timestamp": "1769384047427", "event_type": "price_change"}}
{"_local_timestamp": "2026-01-25T23:34:07.493940+00:00", "data": {"market": "0x7994abcec6830c4ac3c3924dc7940c1a967a235ee8276a9134d5f9d86ae1ec35", "price_changes": [{"asset_id": "18002045674199820850751542545042572711528120479816398408667637656937325328760", "price": "0.002", "size": "5370.19", "side": "BUY", "hash": "e5025ca0bfed6549959bc6995e7aa9e67aabb471", "best_bid": "0.011", "best_ask": "0.019"}, {"asset_id": "96084161488434020265609253595224812963710430636164510207306888641178526766719", "price": "0.998", "size": "5370.19", "side": "SELL", "hash": "63ddd50f48e44d182c87a54a5a89fab7e1dff7ca", "best_bid": "0.981", "best_ask": "0.989"}], "timestamp": "1769384047427", "event_type": "price_change"}}
{"_local_timestamp": "2026-01-25T23:34:07.494741+00:00", "data": {"market": "0x7994abcec6830c4ac3c3924dc7940c1a967a235ee8276a9134d5f9d86ae1ec35", "price_changes": [{"asset_id": "18002045674199820850751542545042572711528120479816398408667637656937325328760", "price": "0.004", "size": "271.87", "side": "BUY", "hash": "be23eba1de0b0edab0429f4e40cc3e531ed2e653", "best_bid": "0.011", "best_ask": "0.019"}, {"asset_id": "96084161488434020265609253595224812963710430636164510207306888641178526766719", "price": "0.996", "size": "271.87", "side": "SELL", "hash": "12b321b7024a5f392292bd61e6b907c29a0abd7d", "best_bid": "0.981", "best_ask": "0.989"}], "timestamp": "1769384047428", "event_type": "price_change"}}
{"_local_timestamp": "2026-01-25T23:34:12.964171+00:00", "data": {"market": "0x7994abcec6830c4ac3c3924dc7940c1a967a235ee8276a9134d5f9d86ae1ec35", "price_changes": [{"asset_id": "18002045674199820850751542545042572711528120479816398408667637656937325328760", "price": "0.029", "size": "311.36", "side": "SELL", "hash": "214c3ea1240073f0dc9e71f9e5b0ee98f43f2189", "best_bid": "0.011", "best_ask": "0.019"}, {"asset_id": "96084161488434020265609253595224812963710430636164510207306888641178526766719", "price": "0.971", "size": "311.36", "side": "BUY", "hash": "da62475c59cfa1b20cebda873193bc7dadee2ea7", "best_bid": "0.981", "best_ask": "0.989"}], "timestamp": "1769384052810", "event_type": "price_change"}}
{"_local_timestamp": "2026-01-25T23:34:13.377344+00:00", "data": {"market": "0x7994abcec6830c4ac3c3924dc7940c1a967a235ee8276a9134d5f9d86ae1ec35", "price_changes": [{"asset_id": "18002045674199820850751542545042572711528120479816398408667637656937325328760", "price": "0.028", "size": "130", "side": "SELL", "hash": "5950597c3ca64ca68bfb23121b9317348d6ce2d6", "best_bid": "0.011", "best_ask": "0.019"}, {"asset_id": "96084161488434020265609253595224812963710430636164510207306888641178526766719", "price": "0.972", "size": "130", "side": "BUY", "hash": "0736de45054af97dcc77d939c886416bd3def289", "best_bid": "0.981", "best_ask": "0.989"}], "timestamp": "1769384053264", "event_type": "price_change"}}
{"_local_timestamp": "2026-01-25T23:34:34.340265+00:00", "data": {"market": "0x7994abcec6830c4ac3c3924dc7940c1a967a235ee8276a9134d5f9d86ae1ec35", "price_changes": [{"asset_id": "18002045674199820850751542545042572711528120479816398408667637656937325328760", "price": "0.029", "size": "112", "side": "SELL", "hash": "efb34f89f5140b1c2aeeec2ffc6fa96a9fd7600e", "best_bid": "0.011", "best_ask": "0.019"}, {"asset_id": "96084161488434020265609253595224812963710430636164510207306888641178526766719", "price": "0.971", "size": "112", "side": "BUY", "hash": "7afbfc33bfad46ab9eb27b365fb1f4014fbdf7c5", "best_bid": "0.981", "best_ask": "0.989"}], "timestamp": "1769384074243", "event_type": "price_change"}}
{"_local_timestamp": "2026-01-25T23:34:34.413297+00:00", "data": {"market": "0x7994abcec6830c4ac3c3924dc7940c1a967a235ee8276a9134d5f9d86ae1ec35", "price_changes": [{"asset_id": "18002045674199820850751542545042572711528120479816398408667637656937325328760", "price": "0.028", "size": "329.36", "side": "SELL", "hash": "2017d96658115c4414cc4435f33a9c56f5543571", "best_bid": "0.011", "best_ask": "0.019"}, {"asset_id": "96084161488434020265609253595224812963710430636164510207306888641178526766719", "price": "0.972", "size": "329.36", "side": "BUY", "hash": "3a26a46e0de3c7d45656ab15de73bc5278dc2b5e", "best_bid": "0.981", "best_ask": "0.989"}], "timestamp": "1769384074342", "event_type": "price_change"}}
{"_local_timestamp": "2026-01-25T23:34:46.971704+00:00", "data": {"market": "0x74cbb97f087d33c1812ffc1707b7ba8d6663031f60998e4a137a5d2940f5debf", "price_changes": [{"asset_id": "20739382955566130973175728478683719220964971715196797530319618023913312945049", "price": "0.02", "size": "3600", "side": "BUY", "hash": "1bfa24874192dc9fba46e0e2ef7d85656f2ee02a", "best_bid": "0.07", "best_ask": "0.08"}, {"asset_id": "90018004083295383709985505774318619454774621134335309635909619328044622047253", "price": "0.98", "size": "3600", "side": "SELL", "hash": "7559fe642e241348b83c4c7ae4773f4e9d0141da", "best_bid": "0.92", "best_ask": "0.93"}], "timestamp": "1769384086903", "event_type": "price_change"}}
{"_local_timestamp": "2026-01-25T23:34:46.972283+00:00", "data": {"market": "0x74cbb97f087d33c1812ffc1707b7ba8d6663031f60998e4a137a5d2940f5debf", "price_changes": [{"asset_id": "20739382955566130973175728478683719220964971715196797530319618023913312945049", "price": "0.03", "size": "8.53", "side": "BUY", "hash": "1bfa24874192dc9fba46e0e2ef7d85656f2ee02a", "best_bid": "0.07", "best_ask": "0.08"}, {"asset_id": "90018004083295383709985505774318619454774621134335309635909619328044622047253", "price": "0.97", "size": "8.53", "side": "SELL", "hash": "7559fe642e241348b83c4c7ae4773f4e9d0141da", "best_bid": "0.92", "best_ask": "0.93"}], "timestamp": "1769384086903", "event_type": "price_change"}}
{"_local_timestamp": "2026-01-25T23:34:48.024030+00:00", "data": {"market": "0x74cbb97f087d33c1812ffc1707b7ba8d6663031f60998e4a137a5d2940f5debf", "price_changes": [{"asset_id": "20739382955566130973175728478683719220964971715196797530319618023913312945049", "price": "0.03", "size": "23.39", "side": "BUY", "hash": "388192a281a4b957058bd3e5e5816122a49152ee", "best_bid": "0.07", "best_ask": "0.08"}, {"asset_id": "90018004083295383709985505774318619454774621134335309635909619328044622047253", "price": "0.97", "size": "23.39", "side": "SELL", "hash": "3d78139b95a51854aa5467d9d2d8cd5b178e85d3", "best_bid": "0.92", "best_ask": "0.93"}], "timestamp": "1769384087950", "event_type": "price_change"}}
{"_local_timestamp": "2026-01-25T23:34:48.024414+00:00", "data": {"market": "0x74cbb97f087d33c1812ffc1707b7ba8d6663031f60998e4a137a5d2940f5debf", "price_changes": [{"asset_id": "20739382955566130973175728478683719220964971715196797530319618023913312945049", "price": "0.02", "size": "3614.9", "side": "BUY", "hash": "cb4ddbfb2b41d77ba7d407fc36ef74386200e70a", "best_bid": "0.07", "best_ask": "0.08"}, {"asset_id": "90018004083295383709985505774318619454774621134335309635909619328044622047253", "price": "0.98", "size": "3614.9", "side": "SELL", "hash": "5f59042da96359babae4fd2d8133c17da5cf66d8", "best_bid": "0.92", "best_ask": "0.93"}], "timestamp": "1769384087951", "event_type": "price_change"}}
{"_local_timestamp": "2026-01-25T23:35:20.186977+00:00", "data": {"market": "0x7994abcec6830c4ac3c3924dc7940c1a967a235ee8276a9134d5f9d86ae1ec35", "price_changes": [{"asset_id": "18002045674199820850751542545042572711528120479816398408667637656937325328760", "price": "0.002", "size": "5326", "side": "BUY", "hash": "b018d214a24d595e3bcc181bddc1228aa4f79fc7", "best_bid": "0.011", "best_ask": "0.019"}, {"asset_id": "96084161488434020265609253595224812963710430636164510207306888641178526766719", "price": "0.998", "size": "5326", "side": "SELL", "hash": "143e379132d87e1035ec40af7d83f1da27326cfc", "best_bid": "0.981", "best_ask": "0.989"}], "timestamp": "1769384120116", "event_type": "price_change"}}
{"_local_timestamp": "2026-01-25T23:35:20.187916+00:00", "data": {"market": "0x7994abcec6830c4ac3c3924dc7940c1a967a235ee8276a9134d5f9d86ae1ec35", "price_changes": [{"asset_id": "18002045674199820850751542545042572711528120479816398408667637656937325328760", "price": "0.003", "size": "1999", "side": "BUY", "hash": "b018d214a24d595e3bcc181bddc1228aa4f79fc7", "best_bid": "0.011", "best_ask": "0.019"}, {"asset_id": "96084161488434020265609253595224812963710430636164510207306888641178526766719", "price": "0.997", "size": "1999", "side": "SELL", "hash": "143e379132d87e1035ec40af7d83f1da27326cfc", "best_bid": "0.981", "best_ask": "0.989"}], "timestamp": "1769384120116", "event_type": "price_change"}}
{"_local_timestamp": "2026-01-25T23:35:20.188325+00:00", "data": {"market": "0x7994abcec6830c4ac3c3924dc7940c1a967a235ee8276a9134d5f9d86ae1ec35", "price_changes": [{"asset_id": "18002045674199820850751542545042572711528120479816398408667637656937325328760", "price": "0.004", "size": "250", "side": "BUY", "hash": "b018d214a24d595e3bcc181bddc1228aa4f79fc7", "best_bid": "0.011", "best_ask": "0.019"}, {"asset_id": "96084161488434020265609253595224812963710430636164510207306888641178526766719", "price": "0.996", "size": "250", "side": "SELL", "hash": "143e379132d87e1035ec40af7d83f1da27326cfc", "best_bid": "0.981", "best_ask": "0.989"}], "timestamp": "1769384120116", "event_type": "price_change"}}
{"_local_timestamp": "2026-01-25T23:35:20.648145+00:00", "data": {"market": "0x7994abcec6830c4ac3c3924dc7940c1a967a235ee8276a9134d5f9d86ae1ec35", "price_changes": [{"asset_id": "18002045674199820850751542545042572711528120479816398408667637656937325328760", "price": "0.002", "size": "5370.19", "side": "BUY", "hash": "426aa054061200ef2df7d08d91429d1ea15ae2e8", "best_bid": "0.011", "best_ask": "0.019"}, {"asset_id": "96084161488434020265609253595224812963710430636164510207306888641178526766719", "price": "0.998", "size": "5370.19", "side": "SELL", "hash": "6b7f210ca866e25144cbd5174c8decb7313909f8", "best_bid": "0.981", "best_ask": "0.989"}], "timestamp": "1769384120578", "event_type": "price_change"}}
{"_local_timestamp": "2026-01-25T23:35:20.662502+00:00", "data": {"market": "0x7994abcec6830c4ac3c3924dc7940c1a967a235ee8276a9134d5f9d86ae1ec35", "price_changes": [{"asset_id": "18002045674199820850751542545042572711528120479816398408667637656937325328760", "price": "0.004", "size": "271.87", "side": "BUY", "hash": "af9bf50bb5641bb75c020f2e82354f21610a8399", "best_bid": "0.011", "best_ask": "0.019"}, {"asset_id": "96084161488434020265609253595224812963710430636164510207306888641178526766719", "price": "0.996", "size": "271.87", "side": "SELL", "hash": "564f51646c7bf324c05d6f0c448be8e06fd8fa5d", "best_bid": "0.981", "best_ask": "0.989"}], "timestamp": "1769384120579", "event_type": "price_change"}}
{"_local_timestamp": "2026-01-25T23:35:20.662879+00:00", "data": {"market": "0x7994abcec6830c4ac3c3924dc7940c1a967a235ee8276a9134d5f9d86ae1ec35", "price_changes": [{"asset_id": "18002045674199820850751542545042572711528120479816398408667637656937325328760", "price": "0.003", "size": "2028.31", "side": "BUY", "hash": "2b1be73e1dad68fe68437331c4da9f7debe5ea8c", "best_bid": "0.011", "best_ask": "0.019"}, {"asset_id": "96084161488434020265609253595224812963710430636164510207306888641178526766719", "price": "0.997", "size": "2028.31", "side": "SELL", "hash": "75d3488bd1f77694bccda59b497be1055179cbaa", "best_bid": "0.981", "best_ask": "0.989"}], "timestamp": "1769384120579", "event_type": "price_change"}}
{"_local_timestamp": "2026-01-25T23:35:59.101170+00:00", "data": {"market": "0x74cbb97f087d33c1812ffc1707b7ba8d6663031f60998e4a137a5d2940f5debf", "price_changes": [{"asset_id": "20739382955566130973175728478683719220964971715196797530319618023913312945049", "price": "0.02", "size": "3564.9", "side": "BUY", "hash": "66494d318875bd22c0d715b1321c7a217d32f47a", "best_bid": "0.07", "best_ask": "0.08"}, {"asset_id": "90018004083295383709985505774318619454774621134335309635909619328044622047253", "price": "0.98", "size": "3564.9", "side": "SELL", "hash": "86f48f3babcbc6f20de80891ca8a82d0bbcb96cc", "best_bid": "0.92", "best_ask": "0.93"}], "timestamp": "1769384159004", "event_type": "price_change"}}
{"_local_timestamp": "2026-01-25T23:36:15.865799+00:00", "data": {"market": "0x74cbb97f087d33c1812ffc1707b7ba8d6663031f60998e4a137a5d2940f5debf", "price_changes": [{"asset_id": "20739382955566130973175728478683719220964971715196797530319618023913312945049", "price": "0.02", "size": "3614.9", "side": "BUY", "hash": "0f67409da78fc81711de024be6f6dcfb60734859", "best_bid": "0.07", "best_ask": "0.08"}, {"asset_id": "90018004083295383709985505774318619454774621134335309635909619328044622047253", "price": "0.98", "size": "3614.9", "side": "SELL", "hash": "edbec89cc4a3aaf2a1c7e4a75d4f93d5b4147f88", "best_bid": "0.92", "best_ask": "0.93"}], "timestamp": "1769384175793", "event_type": "price_change"}}
{"_local_timestamp": "2026-01-25T23:37:52.083517+00:00", "data": {"market": "0x74cbb97f087d33c1812ffc1707b7ba8d6663031f60998e4a137a5d2940f5debf", "price_changes": [{"asset_id": "20739382955566130973175728478683719220964971715196797530319618023913312945049", "price": "0.02", "size": "464.9", "side": "BUY", "hash": "721a36bce196d4ed6158fda4682f92a408715aba", "best_bid": "0.07", "best_ask": "0.08"}, {"asset_id": "90018004083295383709985505774318619454774621134335309635909619328044622047253", "price": "0.98", "size": "464.9", "side": "SELL", "hash": "9e4cfd9ff7fde1c58691bdd184210562d2437a19", "best_bid": "0.92", "best_ask": "0.93"}], "timestamp": "1769384272005", "event_type": "price_change"}}
{"_local_timestamp": "2026-01-25T23:37:52.083950+00:00", "data": {"market": "0x74cbb97f087d33c1812ffc1707b7ba8d6663031f60998e4a137a5d2940f5debf", "price_changes": [{"asset_id": "20739382955566130973175728478683719220964971715196797530319618023913312945049", "price": "0.04", "size": "3560", "side": "BUY", "hash": "721a36bce196d4ed6158fda4682f92a408715aba", "best_bid": "0.07", "best_ask": "0.08"}, {"asset_id": "90018004083295383709985505774318619454774621134335309635909619328044622047253", "price": "0.96", "size": "3560", "side": "SELL", "hash": "9e4cfd9ff7fde1c58691bdd184210562d2437a19", "best_bid": "0.92", "best_ask": "0.93"}], "timestamp": "1769384272005", "event_type": "price_change"}}
{"_local_timestamp": "2026-01-25T23:37:53.478237+00:00", "data": {"market": "0x74cbb97f087d33c1812ffc1707b7ba8d6663031f60998e4a137a5d2940f5debf", "price_changes": [{"asset_id": "90018004083295383709985505774318619454774621134335309635909619328044622047253", "price": "0.35", "size": "0", "side": "BUY", "hash": "bbdf2783ee8ef7149ed58152fa7db52cf1c5b5f4", "best_bid": "0.92", "best_ask": "0.93"}, {"asset_id": "20739382955566130973175728478683719220964971715196797530319618023913312945049", "price": "0.65", "size": "0", "side": "SELL", "hash": "34e88b2ad303268192754b0ae34d2b1a417693fb", "best_bid": "0.07", "best_ask": "0.08"}], "timestamp": "1769384273409", "event_type": "price_change"}}
{"_local_timestamp": "2026-01-25T23:37:53.527698+00:00", "data": {"market": "0x74cbb97f087d33c1812ffc1707b7ba8d6663031f60998e4a137a5d2940f5debf", "price_changes": [{"asset_id": "90018004083295383709985505774318619454774621134335309635909619328044622047253", "price": "0.41", "size": "5", "side": "BUY", "hash": "0b69173bbfb8f197faa1d35769a8ec592668f1bd", "best_bid": "0.92", "best_ask": "0.93"}, {"asset_id": "20739382955566130973175728478683719220964971715196797530319618023913312945049", "price": "0.59", "size": "5", "side": "SELL", "hash": "b03807bbfe94653a3311aeb36ae402b80a507cfd", "best_bid": "0.07", "best_ask": "0.08"}], "timestamp": "1769384273455", "event_type": "price_change"}}
{"_local_timestamp": "2026-01-25T23:37:55.215849+00:00", "data": {"market": "0x74cbb97f087d33c1812ffc1707b7ba8d6663031f60998e4a137a5d2940f5debf", "price_changes": [{"asset_id": "20739382955566130973175728478683719220964971715196797530319618023913312945049", "price": "0.02", "size": "3614.9", "side": "BUY", "hash": "510aa62acb466e2a8aa6e239df8a56a5d0978adf", "best_bid": "0.07", "best_ask": "0.08"}, {"asset_id": "90018004083295383709985505774318619454774621134335309635909619328044622047253", "price": "0.98", "size": "3614.9", "side": "SELL", "hash": "c84135f33cc1851acd8306d93585088bd46ebf02", "best_bid": "0.92", "best_ask": "0.93"}], "timestamp": "1769384275149", "event_type": "price_change"}}
{"_local_timestamp": "2026-01-25T23:37:55.218281+00:00", "data": {"market": "0x74cbb97f087d33c1812ffc1707b7ba8d6663031f60998e4a137a5d2940f5debf", "price_changes": [{"asset_id": "20739382955566130973175728478683719220964971715196797530319618023913312945049", "price": "0.04", "size": "4360", "side": "BUY", "hash": "232cf9c55eb329814c64d69b93f9d99532d9e995", "best_bid": "0.07", "best_ask": "0.08"}, {"asset_id": "90018004083295383709985505774318619454774621134335309635909619328044622047253", "price": "0.96", "size": "4360", "side": "SELL", "hash": "1594881340a6f70a7b2d5872c71d73bf282ef06d", "best_bid": "0.92", "best_ask": "0.93"}], "timestamp": "1769384275149", "event_type": "price_change"}}
{"_local_timestamp": "2026-01-25T23:38:46.793488+00:00", "data": {"market": "0x74cbb97f087d33c1812ffc1707b7ba8d6663031f60998e4a137a5d2940f5debf", "price_changes": [{"asset_id": "20739382955566130973175728478683719220964971715196797530319618023913312945049", "price": "0.02", "size": "3600", "side": "BUY", "hash": "8da77ded6b323b547c102f7ba37540a3f2b754b1", "best_bid": "0.07", "best_ask": "0.08"}, {"asset_id": "90018004083295383709985505774318619454774621134335309635909619328044622047253", "price": "0.98", "size": "3600", "side": "SELL", "hash": "0a8a19270d8733ddcfc6ae7d5ac81d158c8cb12b", "best_bid": "0.92", "best_ask": "0.93"}], "timestamp": "1769384326719", "event_type": "price_change"}}
{"_local_timestamp": "2026-01-25T23:38:46.794035+00:00", "data": {"market": "0x74cbb97f087d33c1812ffc1707b7ba8d6663031f60998e4a137a5d2940f5debf", "price_changes": [{"asset_id": "20739382955566130973175728478683719220964971715196797530319618023913312945049", "price": "0.03", "size": "8.53", "side": "BUY", "hash": "8da77ded6b323b547c102f7ba37540a3f2b754b1", "best_bid": "0.07", "best_ask": "0.08"}, {"asset_id": "90018004083295383709985505774318619454774621134335309635909619328044622047253", "price": "0.97", "size": "8.53", "side": "SELL", "hash": "0a8a19270d8733ddcfc6ae7d5ac81d158c8cb12b", "best_bid": "0.92", "best_ask": "0.93"}], "timestamp": "1769384326719", "event_type": "price_change"}}
{"_local_timestamp": "2026-01-25T23:38:47.117146+00:00", "data": {"market": "0x74cbb97f087d33c1812ffc1707b7ba8d6663031f60998e4a137a5d2940f5debf", "price_changes": [{"asset_id": "20739382955566130973175728478683719220964971715196797530319618023913312945049", "price": "0.02", "size": "3614.9", "side": "BUY", "hash": "c75aa7b0e8b014b0398cdda94a643e0356eb0a44", "best_bid": "0.07", "best_ask": "0.08"}, {"asset_id": "90018004083295383709985505774318619454774621134335309635909619328044622047253", "price": "0.98", "size": "3614.9", "side": "SELL", "hash": "15d4c39d4d2c70e40409d089dcddffa6e684814f", "best_bid": "0.92", "best_ask": "0.93"}], "timestamp": "1769384327044", "event_type": "price_change"}}
{"_local_timestamp": "2026-01-25T23:38:47.128182+00:00", "data": {"market": "0x74cbb97f087d33c1812ffc1707b7ba8d6663031f60998e4a137a5d2940f5debf", "price_changes": [{"asset_id": "20739382955566130973175728478683719220964971715196797530319618023913312945049", "price": "0.03", "size": "23.39", "side": "BUY", "hash": "8dccc27c39d4dde92cb2a7df10a34c5a3bbae538", "best_bid": "0.07", "best_ask": "0.08"}, {"asset_id": "90018004083295383709985505774318619454774621134335309635909619328044622047253", "price": "0.97", "size": "23.39", "side": "SELL", "hash": "ce8331c31a4f46096e73880e62b865ac9eb63c30", "best_bid": "0.92", "best_ask": "0.93"}], "timestamp": "1769384327045", "event_type": "price_change"}}
{"_local_timestamp": "2026-01-25T23:39:11.724062+00:00", "data": {"market": "0x7994abcec6830c4ac3c3924dc7940c1a967a235ee8276a9134d5f9d86ae1ec35", "price_changes": [{"asset_id": "18002045674199820850751542545042572711528120479816398408667637656937325328760", "price": "0.002", "size": "5326", "side": "BUY", "hash": "fd6d848701733049c060947357cc396967c9ec8c", "best_bid": "0.011", "best_ask": "0.019"}, {"asset_id": "96084161488434020265609253595224812963710430636164510207306888641178526766719", "price": "0.998", "size": "5326", "side": "SELL", "hash": "c30542b20e272adb53cbcf87ad61da70741872d6", "best_bid": "0.981", "best_ask": "0.989"}], "timestamp": "1769384351642", "event_type": "price_change"}}
{"_local_timestamp": "2026-01-25T23:39:11.724479+00:00", "data": {"market": "0x7994abcec6830c4ac3c3924dc7940c1a967a235ee8276a9134d5f9d86ae1ec35", "price_changes": [{"asset_id": "18002045674199820850751542545042572711528120479816398408667637656937325328760", "price": "0.003", "size": "1999", "side": "BUY", "hash": "fd6d848701733049c060947357cc396967c9ec8c", "best_bid": "0.011", "best_ask": "0.019"}, {"asset_id": "96084161488434020265609253595224812963710430636164510207306888641178526766719", "price": "0.997", "size": "1999", "side": "SELL", "hash": "c30542b20e272adb53cbcf87ad61da70741872d6", "best_bid": "0.981", "best_ask": "0.989"}], "timestamp": "1769384351642", "event_type": "price_change"}}
{"_local_timestamp": "2026-01-25T23:39:11.724804+00:00", "data": {"market": "0x7994abcec6830c4ac3c3924dc7940c1a967a235ee8276a9134d5f9d86ae1ec35", "price_changes": [{"asset_id": "18002045674199820850751542545042572711528120479816398408667637656937325328760", "price": "0.004", "size": "250", "side": "BUY", "hash": "fd6d848701733049c060947357cc396967c9ec8c", "best_bid": "0.011", "best_ask": "0.019"}, {"asset_id": "96084161488434020265609253595224812963710430636164510207306888641178526766719", "price": "0.996", "size": "250", "side": "SELL", "hash": "c30542b20e272adb53cbcf87ad61da70741872d6", "best_bid": "0.981", "best_ask": "0.989"}], "timestamp": "1769384351642", "event_type": "price_change"}}
{"_local_timestamp": "2026-01-25T23:39:12.038616+00:00", "data": {"market": "0x7994abcec6830c4ac3c3924dc7940c1a967a235ee8276a9134d5f9d86ae1ec35", "price_changes": [{"asset_id": "18002045674199820850751542545042572711528120479816398408667637656937325328760", "price": "0.002", "size": "5370.19", "side": "BUY", "hash": "777d0159c18a953f6e132c7c2ae4b7fdab61dddd", "best_bid": "0.011", "best_ask": "0.019"}, {"asset_id": "96084161488434020265609253595224812963710430636164510207306888641178526766719", "price": "0.998", "size": "5370.19", "side": "SELL", "hash": "80de3b0952ccc2112c6d50e20318540e7b375107", "best_bid": "0.981", "best_ask": "0.989"}], "timestamp": "1769384351961", "event_type": "price_change"}}
{"_local_timestamp": "2026-01-25T23:39:12.049840+00:00", "data": {"market": "0x7994abcec6830c4ac3c3924dc7940c1a967a235ee8276a9134d5f9d86ae1ec35", "price_changes": [{"asset_id": "18002045674199820850751542545042572711528120479816398408667637656937325328760", "price": "0.003", "size": "2028.31", "side": "BUY", "hash": "964d3f722b868151aea87eab6466ff532f4bc1c0", "best_bid": "0.011", "best_ask": "0.019"}, {"asset_id": "96084161488434020265609253595224812963710430636164510207306888641178526766719", "price": "0.997", "size": "2028.31", "side": "SELL", "hash": "11320b8b85c75c984da80ddc785153f3e4954f14", "best_bid": "0.981", "best_ask": "0.989"}], "timestamp": "1769384351962", "event_type": "price_change"}}
{"_local_timestamp": "2026-01-25T23:39:12.050286+00:00", "data": {"market": "0x7994abcec6830c4ac3c3924dc7940c1a967a235ee8276a9134d5f9d86ae1ec35", "price_changes": [{"asset_id": "18002045674199820850751542545042572711528120479816398408667637656937325328760", "price": "0.004", "size": "271.87", "side": "BUY", "hash": "cc7c7d40f9b97eb76c39dc261df2e21c7694d89f", "best_bid": "0.011", "best_ask": "0.019"}, {"asset_id": "96084161488434020265609253595224812963710430636164510207306888641178526766719", "price": "0.996", "size": "271.87", "side": "SELL", "hash": "7d0764911c5b5ab2b4e9992ccf576283ceb31ce4", "best_bid": "0.981", "best_ask": "0.989"}], "timestamp": "1769384351962", "event_type": "price_change"}}
{"_local_timestamp": "2026-01-25T23:40:14.070546+00:00", "data": {"market": "0x74cbb97f087d33c1812ffc1707b7ba8d6663031f60998e4a137a5d2940f5debf", "price_changes": [{"asset_id": "20739382955566130973175728478683719220964971715196797530319618023913312945049", "price": "0.02", "size": "3564.9", "side": "BUY", "hash": "1bf1453657ab8711a55f48e834363e0062422d9a", "best_bid": "0.07", "best_ask": "0.08"}, {"asset_id": "90018004083295383709985505774318619454774621134335309635909619328044622047253", "price": "0.98", "size": "3564.9", "side": "SELL", "hash": "83c02c8e46021f54d84f9c06be3a8aef0a9a73cc", "best_bid": "0.92", "best_ask": "0.93"}], "timestamp": "1769384414000", "event_type": "price_change"}}
{"_local_timestamp": "2026-01-25T23:40:14.071545+00:00", "data": {"market": "0x74cbb97f087d33c1812ffc1707b7ba8d6663031f60998e4a137a5d2940f5debf", "price_changes": [{"asset_id": "20739382955566130973175728478683719220964971715196797530319618023913312945049", "price": "0.04", "size": "4335", "side": "BUY", "hash": "789ebb493add388f0705c28a79e0cfc24492d4d8", "best_bid": "0.07", "best_ask": "0.08"}, {"asset_id": "90018004083295383709985505774318619454774621134335309635909619328044622047253", "price": "0.96", "size": "4335", "side": "SELL", "hash": "8e78db4a551b92449633e6debf1b13e552e18acf", "best_bid": "0.92", "best_ask": "0.93"}], "timestamp": "1769384414001", "event_type": "price_change"}}
