{"_local_timestamp": "2026-01-25T23:33:38.600699+00:00", "data": [{"market": "0x7994abcec6830c4ac3c3924dc7940c1a967a235ee8276a9134d5f9d86ae1ec35", "asset_id": "96084161488434020265609253595224812963710430636164510207306888641178526766719", "timestamp": "1769383945022", "hash": "8af191ff15a1a28ed2f2aee3aedba9547b79edb7", "bids": [{"price": "0.001", "size": "3952.14"}, {"price": "0.002", "size": "1250"}, {"price": "0.003", "size": "1172.66"}, {"price": "0.004", "size": "1000"}, {"price": "0.006", "size": "83"}, {"price": "0.007", "size": "9.55"}, {"price": "0.01", "size": "5550"}, {"price": "0.02", "size": "2200"}, {"price": "0.021", "size": "14.62"}, {"price": "0.05", "size": "30"}, {"price": "0.051", "size": "39"}, {"price": "0.06", "size": "500"}, {"price": "0.1", "size": "860"}, {"price": "0.101", "size": "250"}, {"price": "0.102", "size": "5.84"}, {"price": "0.15", "size": "776.66"}, {"price": "0.2", "size": "660"}, {"price": "0.25", "size": "362"}, {"price": "0.3", "size": "186.66"}, {"price": "0.35", "size": "68.57"}, {"price": "0.4", "size": "175"}, {"price": "0.401", "size": "5"}, {"price": "0.75", "size": "100"}, {"price": "0.79", "size": "50"}, {"price": "0.96", "size": "700"}, {"price": "0.965", "size": "200"}, {"price": "0.97", "size": "2200"}, {"price": "0.971", "size": "411.36"}, {"price": "0.972", "size": "30"}, {"price": "0.973", "size": "30"}, {"price": "0.975", "size": "6"}, {"price": "0.976", "size": "5.54"}, {"price": "0.978", "size": "25"}, {"price": "0.979", "size": "8.77"}, {"price": "0.98", "size": "6"}, {"price": "0.981", "size": "9"}], "asks": [{"price": "0.999", "size": "81494.99"}, {"price": "0.998", "size": "5370.19"}, {"price": "0.997", "size": "2028.31"}, {"price": "0.996", "size": "271.87"}, {"price": "0.995", "size": "617.49"}, {"price": "0.994", "size": "20.91"}, {"price": "0.993", "size": "605.52"}, {"price": "0.992", "size": "487.19"}, {"price": "0.991", "size": "22.51"}, {"price": "0.99", "size": "8.95"}, {"price": "0.989", "size": "6.89"}], "event_type": "book", "last_trade_price": "0.011"}, {"market": "0x7994abcec6830c4ac3c3924dc7940c1a967a235ee8276a9134d5f9d86ae1ec35", "asset_id": "18002045674199820850751542545042572711528120479816398408667637656937325328760", "timestamp": "1769383945022", "hash": "5dd2dae1ca86964521ed879349689479dbcc6814", "bids": [{"price": "0.001", "size": "81494.99"}, {"price": "0.002", "size": "5370.19"}, {"price": "0.003", "size": "2028.31"}, {"price": "0.004", "size": "271.87"}, {"price": "0.005", "size": "617.49"}, {"price": "0.006", "size": "20.91"}, {"price": "0.007", "size": "605.52"}, {"price": "0.008", "size": "487.19"}, {"price": "0.009", "size": "22.51"}, {"price": "0.01", "size": "8.95"}, {"price": "0.011", "size": "6.89"}], "asks": [{"price": "0.999", "size": "3952.14"}, {"price": "0.998", "size": "1250"}, {"price": "0.997", "size": "1172.66"}, {"price": "0.996", "size": "1000"}, {"price": "0.994", "size": "83"}, {"price": "0.993", "size": "9.55"}, {"price": "0.99", "size": "5550"}, {"price": "0.98", "size": "2200"}, {"price": "0.979", "size": "14.62"}, {"price": "0.95", "size": "30"}, {"price": "0.949", "size": "39"}, {"price": "0.94", "size": "500"}, {"price": "0.9", "size": "860"}, {"price": "0.899", "size": "250"}, {"price": "0.898", "size": "5.84"}, {"price": "0.85", "size": "776.66"}, {"price": "0.8", "size": "660"}, {"price": "0.75", "size": "362"}, {"price": "0.7", "size": "186.66"}, {"price": "0.65", "size": "68.57"}, {"price": "0.6", "size": "175"}, {"price": "0.599", "size": "5"}, {"price": "0.25", "size": "100"}, {"price": "0.21", "size": "50"}, {"price": "0.04", "size": "700"}, {"price": "0.035", "size": "200"}, {"price": "0.03", "size": "2200"}, {"price": "0.029", "size": "411.36"}, {"price": "0.028", "size": "30"}, {"price": "0.027", "size": "30"}, {"price": "0.025", "size": "6"}, {"price": "0.024", "size": "5.54"}, {"price": "0.022", "size": "25"}, {"price": "0.021", "size": "8.77"}, {"price": "0.02", "size": "6"}, {"price": "0.019", "size": "9"}], "event_type": "book", "last_trade_price": "0.011"}, {"market": "0x74cbb97f087d33c1812ffc1707b7ba8d6663031f60998e4a137a5d2940f5debf", "asset_id": "20739382955566130973175728478683719220964971715196797530319618023913312945049", "timestamp": "1769383931061", "hash": "d8a088ea90d1d4cbbd0ac7ee87d15a18f30a7216", "bids": [{"price": "0.01", "size": "3250"}, {"price": "0.02", "size": "3614.9"}, {"price": "0.03", "size": "23.39"}, {"price": "0.04", "size": "4360"}, {"price": "0.05", "size": "3821.42"}, {"price": "0.06", "size": "366.6"}, {"price": "0.07", "size": "1160"}], "asks": [{"price": "0.99", "size": "5559.7"}, {"price": "0.98", "size": "2200"}, {"price": "0.97", "size": "9.07"}, {"price": "0.95", "size": "30"}, {"price": "0.94", "size": "33"}, {"price": "0.91", "size": "1200"}, {"price": "0.9", "size": "6.3"}, {"price": "0.86", "size": "242.85"}, {"price": "0.85", "size": "1100"}, {"price": "0.84", "size": "250"}, {"price": "0.81", "size": "168.42"}, {"price": "0.8", "size": "400"}, {"price": "0.77", "size": "915.73"}, {"price": "0.75", "size": "500"}, {"price": "0.74", "size": "1864"}, {"price": "0.73", "size": "50"}, {"price": "0.72", "size": "92.85"}, {"price": "0.67", "size": "72.72"}, {"price": "0.65", "size": "5"}, {"price": "0.62", "size": "52.63"}, {"price": "0.6", "size": "1625"}, {"price": "0.21", "size": "50"}, {"price": "0.11", "size": "4210"}, {"price": "0.1", "size": "300"}, {"price": "0.09", "size": "2558.88"}, {"price": "0.08", "size": "1585.06"}], "event_type": "book", "last_trade_price": ""}, {"market": "0x74cbb97f087d33c1812ffc1707b7ba8d6663031f60998e4a137a5d2940f5debf", "asset_id": "90018004083295383709985505774318619454774621134335309635909619328044622047253", "timestamp": "1769383931061", "hash": "e4eeedda3f2750291d224eb7c6115f96efa1b0df", "bids": [{"price": "0.01", "size": "5559.7"}, {"price": "0.02", "size": "2200"}, {"price": "0.03", "size": "9.07"}, {"price": "0.05", "size": "30"}, {"price": "0.06", "size": "33"}, {"price": "0.09", "size": "1200"}, {"price": "0.1", "size": "6.3"}, {"price": "0.14", "size": "242.85"}, {"price": "0.15", "size": "1100"}, {"price": "0.16", "size": "250"}, {"price": "0.19", "size": "168.42"}, {"price": "0.2", "size": "400"}, {"price": "0.23", "size": "915.73"}, {"price": "0.25", "size": "500"}, {"price": "0.26", "size": "1864"}, {"price": "0.27", "size": "50"}, {"price": "0.28", "size": "92.85"}, {"price": "0.33", "size": "72.72"}, {"price": "0.35", "size": "5"}, {"price": "0.38", "size": "52.63"}, {"price": "0.4", "size": "1625"}, {"price": "0.79", "size": "50"}, {"price": "0.89", "size": "4210"}, {"price": "0.9", "size": "300"}, {"price": "0.91", "size": "2558.88"}, {"price": "0.92", "size": "1585.06"}], "asks": [{"price": "0.99", "size": "3250"}, {"price": "0.98", "size": "3614.9"}, {"price": "0.97", "size": "23.39"}, {"price": "0.96", "size": "4360"}, {"price": "0.95", "size": "3821.42"}, {"price": "0.94", "size": "366.6"}, {"price": "0.93", "size": "1160"}], "event_type": "book", "last_trade_price": ""}]}
{"_local_timestamp": "2026-01-25T23:34:06.349047+00:00", "data": {"market": "0x7994abcec6830c4ac3c3924dc7940c1a967a235ee8276a9134d5f9d86ae1ec35", "price_changes": [{"asset_id": "18002045674199820850751542545042572711528120479816398408667637656937325328760", "price": "0.002", "size": "5326", "side": "BUY", "hash": "664d16140fe3a535c3ca2c3aebcf09065a3479bb", "best_bid": "0.011", "best_ask": "0.019"}, {"asset_id": "96084161488434020265609253595224812963710430636164510207306888641178526766719", "price": "0.998", "size": "5326", "side": "SELL", "hash": "33a79d3c7052ac83748bbbc14d38cf5b36ef23c9", "best_bid": "0.981", "best_ask": "0.989"}], "timestamp": "1769384046242", "event_type": "price_change"}}
{"_local_timestamp": "2026-01-25T23:34:06.362062+00:00", "data": {"market": "0x7994abcec6830c4ac3c3924dc7940c1a967a235ee8276a9134d5f9d86ae1ec35", "price_changes": [{"asset_id": "18002045674199820850751542545042572711528120479816398408667637656937325328760", "price": "0.003", "size": "1999", "side": "BUY", "hash": "664d16140fe3a535c3ca2c3aebcf09065a3479bb", "best_bid": "0.011", "best_ask": "0.019"}, {"asset_id": "96084161488434020265609253595224812963710430636164510207306888641178526766719", "price": "0.997", "size": "1999", "side": "SELL", "hash": "33a79d3c7052ac83748bbbc14d38cf5b36ef23c9", "best_bid": "0.981", "best_ask": "0.989"}], "timestamp": "1769384046242", "event_type": "price_change"}}
{"_local_timestamp": "2026-01-25T23:34:06.362684+00:00", "data": {"market": "0x7994abcec6830c4ac3c3924dc7940c1a967a235ee8276a9134d5f9d86ae1ec35", "price_changes": [{"asset_id": "18002045674199820850751542545042572711528120479816398408667637656937325328760", "price": "0.004", "size": "250", "side": "BUY", "hash": "664d16140fe3a535c3ca2c3aebcf09065a3479bb", "best_bid": "0.011", "best_ask": "0.019"}, {"asset_id": "96084161488434020265609253595224812963710430636164510207306888641178526766719", "price": "0.996", "size": "250", "side": "SELL", "hash": "33a79d3c7052ac83748bbbc14d38cf5b36ef23c9", "best_bid": "0.981", "best_ask": "0.989"}], "timestamp": "1769384046242", "event_type": "price_change"}}
{"_local_timestamp": "2026-01-25T23:34:07.493350+00:00", "data": {"market": "0x7994abcec6830c4ac3c3924dc7940c1a967a235ee8276a9134d5f9d86ae1ec35", "price_changes": [{"asset_id": "18002045674199820850751542545042572711528120479816398408667637656937325328760", "price": "0.003", "size": "2028.31", "side": "BUY", "hash": "2143a08776123fb6f2dd6e28b4ea7204ce31b4ae", "best_bid": "0.011", "best_ask": "0.019"}, {"asset_id": "96084161488434020265609253595224812963710430636164510207306888641178526766719", "price": "0.997", "size": "2028.31", "side": "SELL", "hash": "3dbb2e2649036c5dad56277e5884ab0d38790ecb", "best_bid": "0.981", "best_ask": "0.989"}], "timestamp": "1769384047427", "event_type": "price_change"}}
{"_local_timestamp": "2026-01-25T23:34:07.493940+00:00", "data": {"market": "0x7994abcec6830c4ac3c3924dc7940c1a967a235ee8276a9134d5f9d86ae1ec35", "price_changes": [{"asset_id": "18002045674199820850751542545042572711528120479816398408667637656937325328760", "price": "0.002", "size": "5370.19", "side": "BUY", "hash": "e5025ca0bfed6549959bc6995e7aa9e67aabb471", "best_bid": "0.011", "best_ask": "0.019"}, {"asset_id": "96084161488434020265609253595224812963710430636164510207306888641178526766719", "price": "0.998", "size": "5370.19", "side": "SELL", "hash": "63ddd50f48e44d182c87a54a5a89fab7e1dff7ca", "best_bid": "0.981", "best_ask": "0.989"}], "timestamp": "1769384047427", "event_type": "price_change"}}
{"_local_timestamp": "2026-01-25T23:34:07.494741+00:00", "data": {"market": "0x7994abcec6830c4ac3c3924dc7940c1a967a235ee8276a9134d5f9d86ae1ec35", "price_changes": [{"asset_id": "18002045674199820850751542545042572711528120479816398408667637656937325328760", "price": "0.004", "size": "271.87", "side": "BUY", "hash": "be23eba1de0b0edab0429f4e40cc3e531ed2e653", "best_bid": "0.011", "best_ask": "0.019"}, {"asset_id": "96084161488434020265609253595224812963710430636164510207306888641178526766719", "price": "0.996", "size": "271.87", "side": "SELL", "hash": "12b321b7024a5f392292bd61e6b907c29a0abd7d", "best_bid": "0.981", "best_ask": "0.989"}], "timestamp": "1769384047428", "event_type": "price_change"}}
