{"_local_timestamp": "2026-01-25T23:40:38.181146+00:00", "data": [{"market": "0x8fecdb41f3fb6426df679c652197f5318fe1295fee1d4ee6c21884347cfe52ce", "asset_id": "47621660623238065344015443723762216711342377938488165539900653431799319809025", "timestamp": "1769384378462", "hash": "0def9700cf2b30b7df1c61d46a63efda5168ace2", "bids": [{"price": "0.001", "size": "3861"}, {"price": "0.002", "size": "1250"}, {"price": "0.003", "size": "1400"}, {"price": "0.006", "size": "200"}, {"price": "0.01", "size": "6414.46"}, {"price": "0.02", "size": "2000"}, {"price": "0.05", "size": "330"}, {"price": "0.051", "size": "39"}, {"price": "0.07", "size": "300"}, {"price": "0.1", "size": "560"}, {"price": "0.15", "size": "551.66"}, {"price": "0.19", "size": "418.42"}, {"price": "0.223", "size": "76"}, {"price": "0.24", "size": "316.66"}, {"price": "0.27", "size": "50"}, {"price": "0.29", "size": "89.65"}, {"price": "0.301", "size": "75"}, {"price": "0.34", "size": "70.58"}, {"price": "0.39", "size": "176.28"}, {"price": "0.391", "size": "5"}, {"price": "0.6", "size": "74.07"}, {"price": "0.61", "size": "100"}, {"price": "0.67", "size": "35"}, {"price": "0.747", "size": "20"}, {"price": "0.748", "size": "100"}, {"price": "0.775", "size": "300"}, {"price": "0.823", "size": "5"}, {"price": "0.853", "size": "100"}, {"price": "0.948", "size": "50"}, {"price": "0.955", "size": "32.72"}, {"price": "0.957", "size": "82.99"}, {"price": "0.958", "size": "12.98"}], "asks": [{"price": "0.999", "size": "10067"}, {"price": "0.998", "size": "2000"}, {"price": "0.997", "size": "1000"}, {"price": "0.996", "size": "1250"}, {"price": "0.995", "size": "500"}, {"price": "0.99", "size": "8634.94"}, {"price": "0.989", "size": "250"}, {"price": "0.977", "size": "2857.59"}, {"price": "0.974", "size": "4702.41"}, {"price": "0.973", "size": "433"}, {"price": "0.972", "size": "274.18"}], "event_type": "book", "last_trade_price": ""}, {"market": "0x8fecdb41f3fb6426df679c652197f5318fe1295fee1d4ee6c21884347cfe52ce", "asset_id": "86957916764667782498441796985658788962691663276003910300314997765957272233386", "timestamp": "1769384378462", "hash": "10fcb0b31fc0f3b8cdda94175e2d29c133b37436", "bids": [{"price": "0.001", "size": "10067"}, {"price": "0.002", "size": "2000"}, {"price": "0.003", "size": "1000"}, {"price": "0.004", "size": "1250"}, {"price": "0.005", "size": "500"}, {"price": "0.01", "size": "8634.94"}, {"price": "0.011", "size": "250"}, {"price": "0.023", "size": "2857.59"}, {"price": "0.026", "size": "4702.41"}, {"price": "0.027", "size": "433"}, {"price": "0.028", "size": "274.18"}], "asks": [{"price": "0.999", "size": "3861"}, {"price": "0.998", "size": "1250"}, {"price": "0.997", "size": "1400"}, {"price": "0.994", "size": "200"}, {"price": "0.99", "size": "6414.46"}, {"price": "0.98", "size": "2000"}, {"price": "0.95", "size": "330"}, {"price": "0.949", "size": "39"}, {"price": "0.93", "size": "300"}, {"price": "0.9", "size": "560"}, {"price": "0.85", "size": "551.66"}, {"price": "0.81", "size": "418.42"}, {"price": "0.777", "size": "76"}, {"price": "0.76", "size": "316.66"}, {"price": "0.73", "size": "50"}, {"price": "0.71", "size": "89.65"}, {"price": "0.699", "size": "75"}, {"price": "0.66", "size": "70.58"}, {"price": "0.61", "size": "176.28"}, {"price": "0.609", "size": "5"}, {"price": "0.4", "size": "74.07"}, {"price": "0.39", "size": "100"}, {"price": "0.33", "size": "35"}, {"price": "0.253", "size": "20"}, {"price": "0.252", "size": "100"}, {"price": "0.225", "size": "300"}, {"price": "0.177", "size": "5"}, {"price": "0.147", "size": "100"}, {"price": "0.052", "size": "50"}, {"price": "0.045", "size": "32.72"}, {"price": "0.043", "size": "82.99"}, {"price": "0.042", "size": "12.98"}], "event_type": "book", "last_trade_price": ""}]}
{"_local_timestamp": "2026-01-25T23:40:44.511495+00:00", "data": {"market": "0x8fecdb41f3fb6426df679c652197f5318fe1295fee1d4ee6c21884347cfe52ce", "price_changes": [{"asset_id": "86957916764667782498441796985658788962691663276003910300314997765957272233386", "price": "0.043", "size": "59", "side": "SELL", "hash": "7a4f4ed07b71c46870044cc467682b74f69b0bed", "best_bid": "0.028", "best_ask": "0.042"}, {"asset_id": "47621660623238065344015443723762216711342377938488165539900653431799319809025", "price": "0.957", "size": "59", "side": "BUY", "hash": "0d9840ae4b334ec6c4b779a4943cadc3c518dede", "best_bid": "0.958", "best_ask": "0.972"}], "timestamp": "1769384444437", "event_type": "price_change"}}
{"_local_timestamp": "2026-01-25T23:40:45.581772+00:00", "data": {"market": "0x8fecdb41f3fb6426df679c652197f5318fe1295fee1d4ee6c21884347cfe52ce", "price_changes": [{"asset_id": "86957916764667782498441796985658788962691663276003910300314997765957272233386", "price": "0.041", "size": "23.99", "side": "SELL", "hash": "20f5527ae2bce68c48d1e06968359b9f882bb6eb", "best_bid": "0.028", "best_ask": "0.041"}, {"asset_id": "47621660623238065344015443723762216711342377938488165539900653431799319809025", "price": "0.959", "size": "23.99", "side": "BUY", "hash": "112c97b6c354b8a7831b16b3dc81f05ed4831f50", "best_bid": "0.959", "best_ask": "0.972"}], "timestamp": "1769384445511", "event_type": "price_change"}}
{"_local_timestamp": "2026-01-25T23:41:41.735328+00:00", "data": {"market": "0x8fecdb41f3fb6426df679c652197f5318fe1295fee1d4ee6c21884347cfe52ce", "price_changes": [{"asset_id": "86957916764667782498441796985658788962691663276003910300314997765957272233386", "price": "0.043", "size": "0", "side": "SELL", "hash": "4d3ee6de3b2b626e93dbf11cc656e3db4cd1e7f6", "best_bid": "0.028", "best_ask": "0.041"}, {"asset_id": "47621660623238065344015443723762216711342377938488165539900653431799319809025", "price": "0.957", "size": "0", "side": "BUY", "hash": "0d9ea8bf9369188579cad158de2664609bc1bbef", "best_bid": "0.959", "best_ask": "0.972"}], "timestamp": "1769384501644", "event_type": "price_change"}}
{"_local_timestamp": "2026-01-25T23:41:41.904923+00:00", "data": {"market": "0x8fecdb41f3fb6426df679c652197f5318fe1295fee1d4ee6c21884347cfe52ce", "price_changes": [{"asset_id": "86957916764667782498441796985658788962691663276003910300314997765957272233386", "price": "0.045", "size": "91.72", "side": "SELL", "hash": "1efea75b384bdbe14adca3b8b86e8f96292e6187", "best_bid": "0.028", "best_ask": "0.041"}, {"asset_id": "47621660623238065344015443723762216711342377938488165539900653431799319809025", "price": "0.955", "size": "91.72", "side": "BUY", "hash": "50b61391c64950760035cc194ff4fe3cdc64dbc8", "best_bid": "0.959", "best_ask": "0.972"}], "timestamp": "1769384501822", "event_type": "price_change"}}
{"_local_timestamp": "2026-01-25T23:41:42.749091+00:00", "data": {"market": "0x8fecdb41f3fb6426df679c652197f5318fe1295fee1d4ee6c21884347cfe52ce", "price_changes": [{"asset_id": "86957916764667782498441796985658788962691663276003910300314997765957272233386", "price": "0.042", "size": "0", "side": "SELL", "hash": "f9e83073c9b4e0af650d59bde76581d4c50ea379", "best_bid": "0.028", "best_ask": "0.041"}, {"asset_id": "47621660623238065344015443723762216711342377938488165539900653431799319809025", "price": "0.958", "size": "0", "side": "BUY", "hash": "bb8b136bc829e114630c0b4b07a8ff5187c4e138", "best_bid": "0.959", "best_ask": "0.972"}], "timestamp": "1769384502674", "event_type": "price_change"}}
{"_local_timestamp": "2026-01-25T23:41:42.814415+00:00", "data": {"market": "0x8fecdb41f3fb6426df679c652197f5318fe1295fee1d4ee6c21884347cfe52ce", "price_changes": [{"asset_id": "86957916764667782498441796985658788962691663276003910300314997765957272233386", "price": "0.044", "size": "12.98", "side": "SELL", "hash": "33df4c8583ec380ac48b3eea5f14c7fb7ac56b81", "best_bid": "0.028", "best_ask": "0.041"}, {"asset_id": "47621660623238065344015443723762216711342377938488165539900653431799319809025", "price": "0.956", "size": "12.98", "side": "BUY", "hash": "7723715405c0ea2c11d76c436e44177b4ae4636c", "best_bid": "0.959", "best_ask": "0.972"}], "timestamp": "1769384502740", "event_type": "price_change"}}
{"_local_timestamp": "2026-01-25T23:42:14.202129+00:00", "data": {"market": "0x8fecdb41f3fb6426df679c652197f5318fe1295fee1d4ee6c21884347cfe52ce", "price_changes": [{"asset_id": "86957916764667782498441796985658788962691663276003910300314997765957272233386", "price": "0.041", "size": "0", "side": "SELL", "hash": "55d336a966bedb206fd50d322178335dcd123b01", "best_bid": "0.028", "best_ask": "0.044"}, {"asset_id": "47621660623238065344015443723762216711342377938488165539900653431799319809025", "price": "0.959", "size": "0", "side": "BUY", "hash": "8d7aae563bc1edcb57b46dd286c7ee1b347922c3", "best_bid": "0.956", "best_ask": "0.972"}], "timestamp": "1769384534127", "event_type": "price_change"}}
{"_local_timestamp": "2026-01-25T23:42:15.180031+00:00", "data": {"market": "0x8fecdb41f3fb6426df679c652197f5318fe1295fee1d4ee6c21884347cfe52ce", "price_changes": [{"asset_id": "86957916764667782498441796985658788962691663276003910300314997765957272233386", "price": "0.043", "size": "23.99", "side": "SELL", "hash": "c124cbb3e79af52dc0c9eb548272d115916e3517", "best_bid": "0.028", "best_ask": "0.043"}, {"asset_id": "47621660623238065344015443723762216711342377938488165539900653431799319809025", "price": "0.957", "size": "23.99", "side": "BUY", "hash": "12abd057bc67cfa380f7772b8455a976be829a8c", "best_bid": "0.957", "best_ask": "0.972"}], "timestamp": "1769384535074", "event_type": "price_change"}}
{"_local_timestamp": "2026-01-25T23:43:44.916858+00:00", "data": {"market": "0x8fecdb41f3fb6426df679c652197f5318fe1295fee1d4ee6c21884347cfe52ce", "price_changes": [{"asset_id": "86957916764667782498441796985658788962691663276003910300314997765957272233386", "price": "0.045", "size": "32.72", "side": "SELL", "hash": "e3b14129147ffc4ae56a046bef28dc106cd241e7", "best_bid": "0.028", "best_ask": "0.043"}, {"asset_id": "47621660623238065344015443723762216711342377938488165539900653431799319809025", "price": "0.955", "size": "32.72", "side": "BUY", "hash": "66f7ffd066b317f73e3e2bab58bbcf1aec54055a", "best_bid": "0.957", "best_ask": "0.972"}], "timestamp": "1769384624841", "event_type": "price_change"}}
{"_local_timestamp": "2026-01-25T23:43:44.987139+00:00", "data": {"market": "0x8fecdb41f3fb6426df679c652197f5318fe1295fee1d4ee6c21884347cfe52ce", "price_changes": [{"asset_id": "86957916764667782498441796985658788962691663276003910300314997765957272233386", "price": "0.043", "size": "82.99", "side": "SELL", "hash": "51345fba803b2fa4e56fee9954b92e976551a0a4", "best_bid": "0.028", "best_ask": "0.043"}, {"asset_id": "47621660623238065344015443723762216711342377938488165539900653431799319809025", "price": "0.957", "size": "82.99", "side": "BUY", "hash": "e476e58d0071be4e7025bb6e3effd2e277e4d87d", "best_bid": "0.957", "best_ask": "0.972"}], "timestamp": "1769384624916", "event_type": "price_change"}}
{"_local_timestamp": "2026-01-25T23:43:45.897993+00:00", "data": {"market": "0x8fecdb41f3fb6426df679c652197f5318fe1295fee1d4ee6c21884347cfe52ce", "price_changes": [{"asset_id": "86957916764667782498441796985658788962691663276003910300314997765957272233386", "price": "0.044", "size": "0", "side": "SELL", "hash": "c537e2c25cfa3deae5dc7ec3c03e2624f1ea759a", "best_bid": "0.028", "best_ask": "0.043"}, {"asset_id": "47621660623238065344015443723762216711342377938488165539900653431799319809025", "price": "0.956", "size": "0", "side": "BUY", "hash": "5b0aa9c158eeba022996751b859d6ed0977999cb", "best_bid": "0.957", "best_ask": "0.972"}], "timestamp": "1769384625827", "event_type": "price_change"}}
{"_local_timestamp": "2026-01-25T23:43:45.962346+00:00", "data": {"market": "0x8fecdb41f3fb6426df679c652197f5318fe1295fee1d4ee6c21884347cfe52ce", "price_changes": [{"asset_id": "86957916764667782498441796985658788962691663276003910300314997765957272233386", "price": "0.042", "size": "12.98", "side": "SELL", "hash": "50288766f23646486bb34e25a9b63f936d6a3750", "best_bid": "0.028", "best_ask": "0.042"}, {"asset_id": "47621660623238065344015443723762216711342377938488165539900653431799319809025", "price": "0.958", "size": "12.98", "side": "BUY", "hash": "140558c7028a0a3c6e82c2b9e0dc6d6ae6d52f44", "best_bid": "0.958", "best_ask": "0.972"}], "timestamp": "1769384625879", "event_type": "price_change"}}
{"_local_timestamp": "2026-01-25T23:45:18.823569+00:00", "data": {"market": "0x8fecdb41f3fb6426df679c652197f5318fe1295fee1d4ee6c21884347cfe52ce", "price_changes": [{"asset_id": "86957916764667782498441796985658788962691663276003910300314997765957272233386", "price": "0.043", "size": "59", "side": "SELL", "hash": "ec7533f45bd1525fac2fe18beca023b4f70ec737", "best_bid": "0.028", "best_ask": "0.042"}, {"asset_id": "47621660623238065344015443723762216711342377938488165539900653431799319809025", "price": "0.957", "size": "59", "side": "BUY", "hash": "d6ac15c59070904ecd6dda4c0e20ac8022b97241", "best_bid": "0.958", "best_ask": "0.972"}], "timestamp": "1769384718748", "event_type": "price_change"}}
{"_local_timestamp": "2026-01-25T23:45:19.810894+00:00", "data": {"market": "0x8fecdb41f3fb6426df679c652197f5318fe1295fee1d4ee6c21884347cfe52ce", "price_changes": [{"asset_id": "86957916764667782498441796985658788962691663276003910300314997765957272233386", "price": "0.041", "size": "23.99", "side": "SELL", "hash": "186eda6707aaa51af2adc9230fda7ac27a860086", "best_bid": "0.028", "best_ask": "0.041"}, {"asset_id": "47621660623238065344015443723762216711342377938488165539900653431799319809025", "price": "0.959", "size": "23.99", "side": "BUY", "hash": "a875879c6a951ee5e84701f9bdeb428c8631ceb1", "best_bid": "0.959", "best_ask": "0.972"}], "timestamp": "1769384719739", "event_type": "price_change"}}
{"_local_timestamp": "2026-01-25T23:45:48.050020+00:00", "data": {"market": "0x8fecdb41f3fb6426df679c652197f5318fe1295fee1d4ee6c21884347cfe52ce", "price_changes": [{"asset_id": "86957916764667782498441796985658788962691663276003910300314997765957272233386", "price": "0.043", "size": "0", "side": "SELL", "hash": "806bf616d25ddaed8391761d0a88819376fcf94b", "best_bid": "0.028", "best_ask": "0.041"}, {"asset_id": "47621660623238065344015443723762216711342377938488165539900653431799319809025", "price": "0.957", "size": "0", "side": "BUY", "hash": "48bb847caed47e689305d5e5f2b3cb7e0135ce37", "best_bid": "0.959", "best_ask": "0.972"}], "timestamp": "1769384747972", "event_type": "price_change"}}
{"_local_timestamp": "2026-01-25T23:45:48.118195+00:00", "data": {"market": "0x8fecdb41f3fb6426df679c652197f5318fe1295fee1d4ee6c21884347cfe52ce", "price_changes": [{"asset_id": "86957916764667782498441796985658788962691663276003910300314997765957272233386", "price": "0.045", "size": "91.72", "side": "SELL", "hash": "f23d6dc185697f9e409dc249878836c91965cf10", "best_bid": "0.028", "best_ask": "0.041"}, {"asset_id": "47621660623238065344015443723762216711342377938488165539900653431799319809025", "price": "0.955", "size": "91.72", "side": "BUY", "hash": "847cb9692b2ac2666133a966511661f08722794b", "best_bid": "0.959", "best_ask": "0.972"}], "timestamp": "1769384748053", "event_type": "price_change"}}
{"_local_timestamp": "2026-01-25T23:45:49.016777+00:00", "data": {"market": "0x8fecdb41f3fb6426df679c652197f5318fe1295fee1d4ee6c21884347cfe52ce", "price_changes": [{"asset_id": "86957916764667782498441796985658788962691663276003910300314997765957272233386", "price": "0.042", "size": "0", "side": "SELL", "hash": "46c6eb93c513c2bb4aa8e467b9b153cd85817b37", "best_bid": "0.028", "best_ask": "0.041"}, {"asset_id": "47621660623238065344015443723762216711342377938488165539900653431799319809025", "price": "0.958", "size": "0", "side": "BUY", "hash": "4f90169d8dc3cd76040ec8faae44eb15f6869a00", "best_bid": "0.959", "best_ask": "0.972"}], "timestamp": "1769384748943", "event_type": "price_change"}}
{"_local_timestamp": "2026-01-25T23:45:49.067672+00:00", "data": {"market": "0x8fecdb41f3fb6426df679c652197f5318fe1295fee1d4ee6c21884347cfe52ce", "price_changes": [{"asset_id": "86957916764667782498441796985658788962691663276003910300314997765957272233386", "price": "0.044", "size": "12.98", "side": "SELL", "hash": "5168e7752931a820006e138c0333fc7e065c030e", "best_bid": "0.028", "best_ask": "0.041"}, {"asset_id": "47621660623238065344015443723762216711342377938488165539900653431799319809025", "price": "0.956", "size": "12.98", "side": "BUY", "hash": "d0947a08f84e06a04bfb08d3e9b13de72d06bc75", "best_bid": "0.959", "best_ask": "0.972"}], "timestamp": "1769384748994", "event_type": "price_change"}}
{"_local_timestamp": "2026-01-25T23:46:55.594510+00:00", "data": {"market": "0x8fecdb41f3fb6426df679c652197f5318fe1295fee1d4ee6c21884347cfe52ce", "price_changes": [{"asset_id": "86957916764667782498441796985658788962691663276003910300314997765957272233386", "price": "0.041", "size": "0", "side": "SELL", "hash": "aae8f9beacfbca1e731358625ea0cfca6709f459", "best_bid": "0.028", "best_ask": "0.044"}, {"asset_id": "47621660623238065344015443723762216711342377938488165539900653431799319809025", "price": "0.959", "size": "0", "side": "BUY", "hash": "4575f14e4dd2f473dc86943f3bb36e238fd728ab", "best_bid": "0.956", "best_ask": "0.972"}], "timestamp": "1769384815508", "event_type": "price_change"}}
{"_local_timestamp": "2026-01-25T23:46:56.490595+00:00", "data": {"market": "0x8fecdb41f3fb6426df679c652197f5318fe1295fee1d4ee6c21884347cfe52ce", "price_changes": [{"asset_id": "86957916764667782498441796985658788962691663276003910300314997765957272233386", "price": "0.043", "size": "23.99", "side": "SELL", "hash": "e4c5842575cfd0789c5f2cb8339c927cdd529d53", "best_bid": "0.028", "best_ask": "0.043"}, {"asset_id": "47621660623238065344015443723762216711342377938488165539900653431799319809025", "price": "0.957", "size": "23.99", "side": "BUY", "hash": "dabbc9915abb7371e80e19a0d30a4c4eb4748f06", "best_bid": "0.957", "best_ask": "0.972"}], "timestamp": "1769384816414", "event_type": "price_change"}}
{"_local_timestamp": "2026-01-25T23:47:50.749979+00:00", "data": {"market": "0x8fecdb41f3fb6426df679c652197f5318fe1295fee1d4ee6c21884347cfe52ce", "price_changes": [{"asset_id": "86957916764667782498441796985658788962691663276003910300314997765957272233386", "price": "0.045", "size": "32.72", "side": "SELL", "hash": "9e0379f542d73e6e6fcd994cde31960eb8bbf098", "best_bid": "0.028", "best_ask": "0.043"}, {"asset_id": "47621660623238065344015443723762216711342377938488165539900653431799319809025", "price": "0.955", "size": "32.72", "side": "BUY", "hash": "db2aafd87e392f2776cf23adb89801334e863d9c", "best_bid": "0.957", "best_ask": "0.972"}], "timestamp": "1769384870673", "event_type": "price_change"}}
{"_local_timestamp": "2026-01-25T23:47:50.821011+00:00", "data": {"market": "0x8fecdb41f3fb6426df679c652197f5318fe1295fee1d4ee6c21884347cfe52ce", "price_changes": [{"asset_id": "86957916764667782498441796985658788962691663276003910300314997765957272233386", "price": "0.043", "size": "82.99", "side": "SELL", "hash": "57c260e3f74d7b613b12f9edb4ea468fdd6fefc2", "best_bid": "0.028", "best_ask": "0.043"}, {"asset_id": "47621660623238065344015443723762216711342377938488165539900653431799319809025", "price": "0.957", "size": "82.99", "side": "BUY", "hash": "29077d0466fedee9d7c669b15b3070a390445409", "best_bid": "0.957", "best_ask": "0.972"}], "timestamp": "1769384870754", "event_type": "price_change"}}
{"_local_timestamp": "2026-01-25T23:47:51.741789+00:00", "data": {"market": "0x8fecdb41f3fb6426df679c652197f5318fe1295fee1d4ee6c21884347cfe52ce", "price_changes": [{"asset_id": "86957916764667782498441796985658788962691663276003910300314997765957272233386", "price": "0.044", "size": "0", "side": "SELL", "hash": "8ab9efa6bb018c0ef27caa6188020e731e055979", "best_bid": "0.028", "best_ask": "0.043"}, {"asset_id": "47621660623238065344015443723762216711342377938488165539900653431799319809025", "price": "0.956", "size": "0", "side": "BUY", "hash": "ed1dbabc99dc38eb5177640427775dfd49705304", "best_bid": "0.957", "best_ask": "0.972"}], "timestamp": "1769384871665", "event_type": "price_change"}}
{"_local_timestamp": "2026-01-25T23:47:51.804199+00:00", "data": {"market": "0x8fecdb41f3fb6426df679c652197f5318fe1295fee1d4ee6c21884347cfe52ce", "price_changes": [{"asset_id": "86957916764667782498441796985658788962691663276003910300314997765957272233386", "price": "0.042", "size": "12.98", "side": "SELL", "hash": "6ae7d3a7195cff71dd3211930dfd5e3f8e14ec7c", "best_bid": "0.028", "best_ask": "0.042"}, {"asset_id": "47621660623238065344015443723762216711342377938488165539900653431799319809025", "price": "0.958", "size": "12.98", "side": "BUY", "hash": "f5b5f0441225c7a9a0b98f02ec97ce0a24d57c2c", "best_bid": "0.958", "best_ask": "0.972"}], "timestamp": "1769384871724", "event_type": "price_change"}}
{"_local_timestamp": "2026-01-25T23:48:24.854983+00:00", "data": {"market": "0x8fecdb41f3fb6426df679c652197f5318fe1295fee1d4ee6c21884347cfe52ce", "price_changes": [{"asset_id": "86957916764667782498441796985658788962691663276003910300314997765957272233386", "price": "0.043", "size": "59", "side": "SELL", "hash": "d530c4e162d72921e9532a0f24085b960e8e2ee1", "best_bid": "0.028", "best_ask": "0.042"}, {"asset_id": "47621660623238065344015443723762216711342377938488165539900653431799319809025", "price": "0.957", "size": "59", "side": "BUY", "hash": "b902ea499f42acaebb2800371871e3e033868c63", "best_bid": "0.958", "best_ask": "0.972"}], "timestamp": "1769384904783", "event_type": "price_change"}}
{"_local_timestamp": "2026-01-25T23:48:25.526388+00:00", "data": {"market": "0x8fecdb41f3fb6426df679c652197f5318fe1295fee1d4ee6c21884347cfe52ce", "price_changes": [{"asset_id": "86957916764667782498441796985658788962691663276003910300314997765957272233386", "price": "0.041", "size": "23.99", "side": "SELL", "hash": "9368f0d2fc4ea2f07cf21cc889dd8523aea1bf32", "best_bid": "0.028", "best_ask": "0.041"}, {"asset_id": "47621660623238065344015443723762216711342377938488165539900653431799319809025", "price": "0.959", "size": "23.99", "side": "BUY", "hash": "5b00751b99624cf899c30a3bd46577da41dbc898", "best_bid": "0.959", "best_ask": "0.972"}], "timestamp": "1769384905449", "event_type": "price_change"}}
{"_local_timestamp": "2026-01-25T23:49:48.205847+00:00", "data": {"market": "0x8fecdb41f3fb6426df679c652197f5318fe1295fee1d4ee6c21884347cfe52ce", "price_changes": [{"asset_id": "86957916764667782498441796985658788962691663276003910300314997765957272233386", "price": "0.052", "size": "0", "side": "SELL", "hash": "8de6ea604535a74afb9c15a274e31f5c441f8f99", "best_bid": "0.028", "best_ask": "0.041"}, {"asset_id": "47621660623238065344015443723762216711342377938488165539900653431799319809025", "price": "0.948", "size": "0", "side": "BUY", "hash": "26a377aa0dba5994251351f45868d7e97e9e5ef7", "best_bid": "0.959", "best_ask": "0.972"}], "timestamp": "1769384988135", "event_type": "price_change"}}
{"_local_timestamp": "2026-01-25T23:49:52.825932+00:00", "data": {"market": "0x8fecdb41f3fb6426df679c652197f5318fe1295fee1d4ee6c21884347cfe52ce", "price_changes": [{"asset_id": "86957916764667782498441796985658788962691663276003910300314997765957272233386", "price": "0.043", "size": "0", "side": "SELL", "hash": "124d3ccbe665ecbf8ed8e4c88ce1b272c1c32974", "best_bid": "0.028", "best_ask": "0.041"}, {"asset_id": "47621660623238065344015443723762216711342377938488165539900653431799319809025", "price": "0.957", "size": "0", "side": "BUY", "hash": "e13b8589e979676e74cce7d19f80fc5f5046c5f4", "best_bid": "0.959", "best_ask": "0.972"}], "timestamp": "1769384992755", "event_type": "price_change"}}
{"_local_timestamp": "2026-01-25T23:49:52.977559+00:00", "data": {"market": "0x8fecdb41f3fb6426df679c652197f5318fe1295fee1d4ee6c21884347cfe52ce", "price_changes": [{"asset_id": "86957916764667782498441796985658788962691663276003910300314997765957272233386", "price": "0.12", "size": "59", "side": "SELL", "hash": "4f4da955b0843324f9e2aaee78f3d92e27d11a8c", "best_bid": "0.028", "best_ask": "0.041"}, {"asset_id": "47621660623238065344015443723762216711342377938488165539900653431799319809025", "price": "0.88", "size": "59", "side": "BUY", "hash": "084233c717acff31ec08f767121152793309c050", "best_bid": "0.959", "best_ask": "0.972"}], "timestamp": "1769384992907", "event_type": "price_change"}}
{"_local_timestamp": "2026-01-25T23:49:53.643187+00:00", "data": {"market": "0x8fecdb41f3fb6426df679c652197f5318fe1295fee1d4ee6c21884347cfe52ce", "price_changes": [{"asset_id": "86957916764667782498441796985658788962691663276003910300314997765957272233386", "price": "0.042", "size": "0", "side": "SELL", "hash": "51d0d218b26215e0ee254df74fd9c808f1945d65", "best_bid": "0.028", "best_ask": "0.041"}, {"asset_id": "47621660623238065344015443723762216711342377938488165539900653431799319809025", "price": "0.958", "size": "0", "side": "BUY", "hash": "7c145b8f4527bdb54a6bf360c81104669af1908b", "best_bid": "0.959", "best_ask": "0.972"}], "timestamp": "1769384993569", "event_type": "price_change"}}
{"_local_timestamp": "2026-01-25T23:49:53.709700+00:00", "data": {"market": "0x8fecdb41f3fb6426df679c652197f5318fe1295fee1d4ee6c21884347cfe52ce", "price_changes": [{"asset_id": "86957916764667782498441796985658788962691663276003910300314997765957272233386", "price": "0.119", "size": "12.98", "side": "SELL", "hash": "c3b06a8cda849ee2badaae05066e33c3a15c1cc8", "best_bid": "0.028", "best_ask": "0.041"}, {"asset_id": "47621660623238065344015443723762216711342377938488165539900653431799319809025", "price": "0.881", "size": "12.98", "side": "BUY", "hash": "7ca659251ff1beedbad0bd5b6786dbb68c1206e8", "best_bid": "0.959", "best_ask": "0.972"}], "timestamp": "1769384993642", "event_type": "price_change"}}
