{"_local_timestamp": "2026-01-25T23:40:38.181146+00:00", "data": [{"market": "0x8fecdb41f3fb6426df679c652197f5318fe1295fee1d4ee6c21884347cfe52ce", "asset_id": "47621660623238065344015443723762216711342377938488165539900653431799319809025", "timestamp": "1769384378462", "hash": "0def9700cf2b30b7df1c61d46a63efda5168ace2", "bids": [{"price": "0.001", "size": "3861"}, {"price": "0.002", "size": "1250"}, {"price": "0.003", "size": "1400"}, {"price": "0.006", "size": "200"}, {"price": "0.01", "size": "6414.46"}, {"price": "0.02", "size": "2000"}, {"price": "0.05", "size": "330"}, {"price": "0.051", "size": "39"}, {"price": "0.07", "size": "300"}, {"price": "0.1", "size": "560"}, {"price": "0.15", "size": "551.66"}, {"price": "0.19", "size": "418.42"}, {"price": "0.223", "size": "76"}, {"price": "0.24", "size": "316.66"}, {"price": "0.27", "size": "50"}, {"price": "0.29", "size": "89.65"}, {"price": "0.301", "size": "75"}, {"price": "0.34", "size": "70.58"}, {"price": "0.39", "size": "176.28"}, {"price": "0.391", "size": "5"}, {"price": "0.6", "size": "74.07"}, {"price": "0.61", "size": "100"}, {"price": "0.67", "size": "35"}, {"price": "0.747", "size": "20"}, {"price": "0.748", "size": "100"}, {"price": "0.775", "size": "300"}, {"price": "0.823", "size": "5"}, {"price": "0.853", "size": "100"}, {"price": "0.948", "size": "50"}, {"price": "0.955", "size": "32.72"}, {"price": "0.957", "size": "82.99"}, {"price": "0.958", "size": "12.98"}], "asks": [{"price": "0.999", "size": "10067"}, {"price": "0.998", "size": "2000"}, {"price": "0.997", "size": "1000"}, {"price": "0.996", "size": "1250"}, {"price": "0.995", "size": "500"}, {"price": "0.99", "size": "8634.94"}, {"price": "0.989", "size": "250"}, {"price": "0.977", "size": "2857.59"}, {"price": "0.974", "size": "4702.41"}, {"price": "0.973", "size": "433"}, {"price": "0.972", "size": "274.18"}], "event_type": "book", "last_trade_price": ""}, {"market": "0x8fecdb41f3fb6426df679c652197f5318fe1295fee1d4ee6c21884347cfe52ce", "asset_id": "86957916764667782498441796985658788962691663276003910300314997765957272233386", "timestamp": "1769384378462", "hash": "10fcb0b31fc0f3b8cdda94175e2d29c133b37436", "bids": [{"price": "0.001", "size": "10067"}, {"price": "0.002", "size": "2000"}, {"price": "0.003", "size": "1000"}, {"price": "0.004", "size": "1250"}, {"price": "0.005", "size": "500"}, {"price": "0.01", "size": "8634.94"}, {"price": "0.011", "size": "250"}, {"price": "0.023", "size": "2857.59"}, {"price": "0.026", "size": "4702.41"}, {"price": "0.027", "size": "433"}, {"price": "0.028", "size": "274.18"}], "asks": [{"price": "0.999", "size": "3861"}, {"price": "0.998", "size": "1250"}, {"price": "0.997", "size": "1400"}, {"price": "0.994", "size": "200"}, {"price": "0.99", "size": "6414.46"}, {"price": "0.98", "size": "2000"}, {"price": "0.95", "size": "330"}, {"price": "0.949", "size": "39"}, {"price": "0.93", "size": "300"}, {"price": "0.9", "size": "560"}, {"price": "0.85", "size": "551.66"}, {"price": "0.81", "size": "418.42"}, {"price": "0.777", "size": "76"}, {"price": "0.76", "size": "316.66"}, {"price": "0.73", "size": "50"}, {"price": "0.71", "size": "89.65"}, {"price": "0.699", "size": "75"}, {"price": "0.66", "size": "70.58"}, {"price": "0.61", "size": "176.28"}, {"price": "0.609", "size": "5"}, {"price": "0.4", "size": "74.07"}, {"price": "0.39", "size": "100"}, {"price": "0.33", "size": "35"}, {"price": "0.253", "size": "20"}, {"price": "0.252", "size": "100"}, {"price": "0.225", "size": "300"}, {"price": "0.177", "size": "5"}, {"price": "0.147", "size": "100"}, {"price": "0.052", "size": "50"}, {"price": "0.045", "size": "32.72"}, {"price": "0.043", "size": "82.99"}, {"price": "0.042", "size": "12.98"}], "event_type": "book", "last_trade_price": ""}]}
{"_local_timestamp": "2026-01-25T23:40:44.511495+00:00", "data": {"market": "0x8fecdb41f3fb6426df679c652197f5318fe1295fee1d4ee6c21884347cfe52ce", "price_changes": [{"asset_id": "86957916764667782498441796985658788962691663276003910300314997765957272233386", "price": "0.043", "size": "59", "side": "SELL", "hash": "7a4f4ed07b71c46870044cc467682b74f69b0bed", "best_bid": "0.028", "best_ask": "0.042"}, {"asset_id": "47621660623238065344015443723762216711342377938488165539900653431799319809025", "price": "0.957", "size": "59", "side": "BUY", "hash": "0d9840ae4b334ec6c4b779a4943cadc3c518dede", "best_bid": "0.958", "best_ask": "0.972"}], "timestamp": "1769384444437", "event_type": "price_change"}}
{"_local_timestamp": "2026-01-25T23:40:45.581772+00:00", "data": {"market": "0x8fecdb41f3fb6426df679c652197f5318fe1295fee1d4ee6c21884347cfe52ce", "price_changes": [{"asset_id": "86957916764667782498441796985658788962691663276003910300314997765957272233386", "price": "0.041", "size": "23.99", "side": "SELL", "hash": "20f5527ae2bce68c48d1e06968359b9f882bb6eb", "best_bid": "0.028", "best_ask": "0.041"}, {"asset_id": "47621660623238065344015443723762216711342377938488165539900653431799319809025", "price": "0.959", "size": "23.99", "side": "BUY", "hash": "112c97b6c354b8a7831b16b3dc81f05ed4831f50", "best_bid": "0.959", "best_ask": "0.972"}], "timestamp": "1769384445511", "event_type": "price_change"}}
{"_local_timestamp": "2026-01-25T23:41:41.735328+00:00", "data": {"market": "0x8fecdb41f3fb6426df679c652197f5318fe1295fee1d4ee6c21884347cfe52ce", "price_changes": [{"asset_id": "86957916764667782498441796985658788962691663276003910300314997765957272233386", "price": "0.043", "size": "0", "side": "SELL", "hash": "4d3ee6de3b2b626e93dbf11cc656e3db4cd1e7f6", "best_bid": "0.028", "best_ask": "0.041"}, {"asset_id": "47621660623238065344015443723762216711342377938488165539900653431799319809025", "price": "0.957", "size": "0", "side": "BUY", "hash": "0d9ea8bf9369188579cad158de2664609bc1bbef", "best_bid": "0.959", "best_ask": "0.972"}], "timestamp": "1769384501644", "event_type": "price_change"}}
{"_local_timestamp": "2026-01-25T23:41:41.904923+00:00", "data": {"market": "0x8fecdb41f3fb6426df679c652197f5318fe1295fee1d4ee6c21884347cfe52ce", "price_changes": [{"asset_id": "86957916764667782498441796985658788962691663276003910300314997765957272233386", "price": "0.045", "size": "91.72", "side": "SELL", "hash": "1efea75b384bdbe14adca3b8b86e8f96292e6187", "best_bid": "0.028", "best_ask": "0.041"}, {"asset_id": "47621660623238065344015443723762216711342377938488165539900653431799319809025", "price": "0.955", "size": "91.72", "side": "BUY", "hash": "50b61391c64950760035cc194ff4fe3cdc64dbc8", "best_bid": "0.959", "best_ask": "0.972"}], "timestamp": "1769384501822", "event_type": "price_change"}}
{"_local_timestamp": "2026-01-25T23:41:42.749091+00:00", "data": {"market": "0x8fecdb41f3fb6426df679c652197f5318fe1295fee1d4ee6c21884347cfe52ce", "price_changes": [{"asset_id": "86957916764667782498441796985658788962691663276003910300314997765957272233386", "price": "0.042", "size": "0", "side": "SELL", "hash": "f9e83073c9b4e0af650d59bde76581d4c50ea379", "best_bid": "0.028", "best_ask": "0.041"}, {"asset_id": "47621660623238065344015443723762216711342377938488165539900653431799319809025", "price": "0.958", "size": "0", "side": "BUY", "hash": "bb8b136bc829e114630c0b4b07a8ff5187c4e138", "best_bid": "0.959", "best_ask": "0.972"}], "timestamp": "1769384502674", "event_type": "price_change"}}
{"_local_timestamp": "2026-01-25T23:41:42.814415+00:00", "data": {"market": "0x8fecdb41f3fb6426df679c652197f5318fe1295fee1d4ee6c21884347cfe52ce", "price_changes": [{"asset_id": "86957916764667782498441796985658788962691663276003910300314997765957272233386", "price": "0.044", "size": "12.98", "side": "SELL", "hash": "33df4c8583ec380ac48b3eea5f14c7fb7ac56b81", "best_bid": "0.028", "best_ask": "0.041"}, {"asset_id": "47621660623238065344015443723762216711342377938488165539900653431799319809025", "price": "0.956", "size": "12.98", "side": "BUY", "hash": "7723715405c0ea2c11d76c436e44177b4ae4636c", "best_bid": "0.959", "best_ask": "0.972"}], "timestamp": "1769384502740", "event_type": "price_change"}}
{"_local_timestamp": "2026-01-25T23:42:14.202129+00:00", "data": {"market": "0x8fecdb41f3fb6426df679c652197f5318fe1295fee1d4ee6c21884347cfe52ce", "price_changes": [{"asset_id": "86957916764667782498441796985658788962691663276003910300314997765957272233386", "price": "0.041", "size": "0", "side": "SELL", "hash": "55d336a966bedb206fd50d322178335dcd123b01", "best_bid": "0.028", "best_ask": "0.044"}, {"asset_id": "47621660623238065344015443723762216711342377938488165539900653431799319809025", "price": "0.959", "size": "0", "side": "BUY", "hash": "8d7aae563bc1edcb57b46dd286c7ee1b347922c3", "best_bid": "0.956", "best_ask": "0.972"}], "timestamp": "1769384534127", "event_type": "price_change"}}
{"_local_timestamp": "2026-01-25T23:42:15.180031+00:00", "data": {"market": "0x8fecdb41f3fb6426df679c652197f5318fe1295fee1d4ee6c21884347cfe52ce", "price_changes": [{"asset_id": "86957916764667782498441796985658788962691663276003910300314997765957272233386", "price": "0.043", "size": "23.99", "side": "SELL", "hash": "c124cbb3e79af52dc0c9eb548272d115916e3517", "best_bid": "0.028", "best_ask": "0.043"}, {"asset_id": "47621660623238065344015443723762216711342377938488165539900653431799319809025", "price": "0.957", "size": "23.99", "side": "BUY", "hash": "12abd057bc67cfa380f7772b8455a976be829a8c", "best_bid": "0.957", "best_ask": "0.972"}], "timestamp": "1769384535074", "event_type": "price_change"}}
