{"_local_timestamp": "2026-01-25T23:33:24.697419+00:00", "data": [{"market": "0x79148d3ed1e72323ac957de36ac181f962b0e1e54ff0abf92525b40cf21798b3", "asset_id": "82628073719862075742469096966438497548648819758408415196781786965915146651086", "timestamp": "1769384004266", "hash": "7e49779ebc8d0792e415b6c83fed12db4531c6ff", "bids": [{"price": "0.01", "size": "5919.77"}, {"price": "0.02", "size": "2000"}, {"price": "0.03", "size": "8.01"}, {"price": "0.05", "size": "330"}, {"price": "0.06", "size": "33"}, {"price": "0.07", "size": "1400"}, {"price": "0.08", "size": "8.27"}, {"price": "0.12", "size": "725"}, {"price": "0.2", "size": "350"}, {"price": "0.22", "size": "826"}, {"price": "0.23", "size": "300"}, {"price": "0.24", "size": "1798"}, {"price": "0.26", "size": "50"}, {"price": "0.31", "size": "1984"}, {"price": "0.33", "size": "60"}, {"price": "0.34", "size": "50"}, {"price": "0.45", "size": "610.54"}, {"price": "0.46", "size": "3037"}, {"price": "0.51", "size": "270"}, {"price": "0.53", "size": "33.92"}, {"price": "0.6", "size": "305.95"}, {"price": "0.61", "size": "5"}, {"price": "0.64", "size": "6.74"}, {"price": "0.89", "size": "693.6"}, {"price": "0.9", "size": "317.72"}, {"price": "0.91", "size": "9.96"}], "asks": [{"price": "0.99", "size": "96"}, {"price": "0.98", "size": "510.09"}, {"price": "0.97", "size": "363.97"}, {"price": "0.96", "size": "250"}, {"price": "0.95", "size": "3272.56"}, {"price": "0.94", "size": "500"}, {"price": "0.93", "size": "270"}, {"price": "0.92", "size": "345.02"}], "event_type": "book", "last_trade_price": "0.090"}, {"market": "0x79148d3ed1e72323ac957de36ac181f962b0e1e54ff0abf92525b40cf21798b3", "asset_id": "17035310485917291939612447426722860096602275901091258309686768366821361837208", "timestamp": "1769384004266", "hash": "db4daa596b117bc94b038040eb527fe942ab3c84", "bids": [{"price": "0.01", "size": "96"}, {"price": "0.02", "size": "510.09"}, {"price": "0.03", "size": "363.97"}, {"price": "0.04", "size": "250"}, {"price": "0.05", "size": "3272.56"}, {"price": "0.06", "size": "500"}, {"price": "0.07", "size": "270"}, {"price": "0.08", "size": "345.02"}], "asks": [{"price": "0.99", "size": "5919.77"}, {"price": "0.98", "size": "2000"}, {"price": "0.97", "size": "8.01"}, {"price": "0.95", "size": "330"}, {"price": "0.94", "size": "33"}, {"price": "0.93", "size": "1400"}, {"price": "0.92", "size": "8.27"}, {"price": "0.88", "size": "725"}, {"price": "0.8", "size": "350"}, {"price": "0.78", "size": "826"}, {"price": "0.77", "size": "300"}, {"price": "0.76", "size": "1798"}, {"price": "0.74", "size": "50"}, {"price": "0.69", "size": "1984"}, {"price": "0.67", "size": "60"}, {"price": "0.66", "size": "50"}, {"price": "0.55", "size": "610.54"}, {"price": "0.54", "size": "3037"}, {"price": "0.49", "size": "270"}, {"price": "0.47", "size": "33.92"}, {"price": "0.4", "size": "305.95"}, {"price": "0.39", "size": "5"}, {"price": "0.36", "size": "6.74"}, {"price": "0.11", "size": "693.6"}, {"price": "0.1", "size": "317.72"}, {"price": "0.09", "size": "9.96"}], "event_type": "book", "last_trade_price": "0.090"}]}
{"_local_timestamp": "2026-01-25T23:33:33.271589+00:00", "data": {"market": "0x79148d3ed1e72323ac957de36ac181f962b0e1e54ff0abf92525b40cf21798b3", "price_changes": [{"asset_id": "82628073719862075742469096966438497548648819758408415196781786965915146651086", "price": "0.24", "size": "1748", "side": "BUY", "hash": "2b0ce2063408c90affbcdf03e9d286f9e553379e", "best_bid": "0.91", "best_ask": "0.92"}, {"asset_id": "17035310485917291939612447426722860096602275901091258309686768366821361837208", "price": "0.76", "size": "1748", "side": "SELL", "hash": "4f2df99603f63ebb93002e23fc9094ffc48c1f9e", "best_bid": "0.08", "best_ask": "0.09"}], "timestamp": "1769384013131", "event_type": "price_change"}}
{"_local_timestamp": "2026-01-25T23:33:33.663213+00:00", "data": {"market": "0x79148d3ed1e72323ac957de36ac181f962b0e1e54ff0abf92525b40cf21798b3", "price_changes": [{"asset_id": "82628073719862075742469096966438497548648819758408415196781786965915146651086", "price": "0.25", "size": "50", "side": "BUY", "hash": "3821e797368fb3fbd2f9ae924d0d5a13d5e9916a", "best_bid": "0.91", "best_ask": "0.92"}, {"asset_id": "17035310485917291939612447426722860096602275901091258309686768366821361837208", "price": "0.75", "size": "50", "side": "SELL", "hash": "d869de960970ae834a120281519edf1905e00215", "best_bid": "0.08", "best_ask": "0.09"}], "timestamp": "1769384013528", "event_type": "price_change"}}
{"_local_timestamp": "2026-01-25T23:34:04.640491+00:00", "data": {"market": "0x79148d3ed1e72323ac957de36ac181f962b0e1e54ff0abf92525b40cf21798b3", "price_changes": [{"asset_id": "82628073719862075742469096966438497548648819758408415196781786965915146651086", "price": "0.22", "size": "726", "side": "BUY", "hash": "7e3cee80fb115373a96fc38df438b3b1d4b1354d", "best_bid": "0.91", "best_ask": "0.92"}, {"asset_id": "17035310485917291939612447426722860096602275901091258309686768366821361837208", "price": "0.78", "size": "726", "side": "SELL", "hash": "1f7ba311be873a00218aaef3a92d56de5c72b96f", "best_bid": "0.08", "best_ask": "0.09"}], "timestamp": "1769384044566", "event_type": "price_change"}}
{"_local_timestamp": "2026-01-25T23:34:05.008955+00:00", "data": {"market": "0x79148d3ed1e72323ac957de36ac181f962b0e1e54ff0abf92525b40cf21798b3", "price_changes": [{"asset_id": "82628073719862075742469096966438497548648819758408415196781786965915146651086", "price": "0.24", "size": "1848", "side": "BUY", "hash": "6738ea83a23db17e8a5a26ad5d81751ac69a4781", "best_bid": "0.91", "best_ask": "0.92"}, {"asset_id": "17035310485917291939612447426722860096602275901091258309686768366821361837208", "price": "0.76", "size": "1848", "side": "SELL", "hash": "2d3853116a15fa068d25ee4b19384275a45713f8", "best_bid": "0.08", "best_ask": "0.09"}], "timestamp": "1769384044849", "event_type": "price_change"}}
{"_local_timestamp": "2026-01-25T23:34:19.915784+00:00", "data": {"market": "0x79148d3ed1e72323ac957de36ac181f962b0e1e54ff0abf92525b40cf21798b3", "price_changes": [{"asset_id": "82628073719862075742469096966438497548648819758408415196781786965915146651086", "price": "0.24", "size": "100", "side": "BUY", "hash": "9623bf3cbf1247cb34c09114057b148974144e32", "best_bid": "0.91", "best_ask": "0.92"}, {"asset_id": "17035310485917291939612447426722860096602275901091258309686768366821361837208", "price": "0.76", "size": "100", "side": "SELL", "hash": "6eac28596a1af71ebb6ab95be0141e6e78df3f6c", "best_bid": "0.08", "best_ask": "0.09"}], "timestamp": "1769384059759", "event_type": "price_change"}}
{"_local_timestamp": "2026-01-25T23:34:22.273381+00:00", "data": {"market": "0x79148d3ed1e72323ac957de36ac181f962b0e1e54ff0abf92525b40cf21798b3", "price_changes": [{"asset_id": "82628073719862075742469096966438497548648819758408415196781786965915146651086", "price": "0.25", "size": "1730", "side": "BUY", "hash": "757141e1fe23a4768c1260f0fceab88ea6c690d3", "best_bid": "0.91", "best_ask": "0.92"}, {"asset_id": "17035310485917291939612447426722860096602275901091258309686768366821361837208", "price": "0.75", "size": "1730", "side": "SELL", "hash": "e102ec90bf17749d01f72c3e47a87e2761e85d4c", "best_bid": "0.08", "best_ask": "0.09"}], "timestamp": "1769384062200", "event_type": "price_change"}}
{"_local_timestamp": "2026-01-25T23:35:07.079985+00:00", "data": {"market": "0x79148d3ed1e72323ac957de36ac181f962b0e1e54ff0abf92525b40cf21798b3", "price_changes": [{"asset_id": "82628073719862075742469096966438497548648819758408415196781786965915146651086", "price": "0.9", "size": "417.72", "side": "BUY", "hash": "29ec3a4a90646b41c1109ad1464aa9f845434263", "best_bid": "0.91", "best_ask": "0.92"}, {"asset_id": "17035310485917291939612447426722860096602275901091258309686768366821361837208", "price": "0.1", "size": "417.72", "side": "SELL", "hash": "3eb59de7e1dca7c6834f86145e62eb2bb24fb316", "best_bid": "0.08", "best_ask": "0.09"}], "timestamp": "1769384106885", "event_type": "price_change"}}
{"_local_timestamp": "2026-01-25T23:35:07.080961+00:00", "data": {"market": "0x79148d3ed1e72323ac957de36ac181f962b0e1e54ff0abf92525b40cf21798b3", "price_changes": [{"asset_id": "17035310485917291939612447426722860096602275901091258309686768366821361837208", "price": "0.07", "size": "370", "side": "BUY", "hash": "d15e1e2fcc82ea416996c59a9ceef2434d504da8", "best_bid": "0.08", "best_ask": "0.09"}, {"asset_id": "82628073719862075742469096966438497548648819758408415196781786965915146651086", "price": "0.93", "size": "370", "side": "SELL", "hash": "3223995b5580fd1b41912e7e7e18ccf1b205ed34", "best_bid": "0.91", "best_ask": "0.92"}], "timestamp": "1769384106886", "event_type": "price_change"}}
{"_local_timestamp": "2026-01-25T23:35:23.929995+00:00", "data": {"market": "0x79148d3ed1e72323ac957de36ac181f962b0e1e54ff0abf92525b40cf21798b3", "price_changes": [{"asset_id": "82628073719862075742469096966438497548648819758408415196781786965915146651086", "price": "0.24", "size": "0", "side": "BUY", "hash": "eaa6be1707fcb00462a7b0f4f765d33939ddc6d4", "best_bid": "0.91", "best_ask": "0.92"}, {"asset_id": "17035310485917291939612447426722860096602275901091258309686768366821361837208", "price": "0.76", "size": "0", "side": "SELL", "hash": "b2dd98d69206d388c6e663619e8acb89dc296cc6", "best_bid": "0.08", "best_ask": "0.09"}], "timestamp": "1769384123680", "event_type": "price_change"}}
{"_local_timestamp": "2026-01-25T23:35:23.991159+00:00", "data": {"market": "0x79148d3ed1e72323ac957de36ac181f962b0e1e54ff0abf92525b40cf21798b3", "price_changes": [{"asset_id": "17035310485917291939612447426722860096602275901091258309686768366821361837208", "price": "0.08", "size": "300.37", "side": "BUY", "hash": "8c1cdc2cbfd4f5819db9cc690e95d4bf31a39ca9", "best_bid": "0.08", "best_ask": "0.09"}, {"asset_id": "82628073719862075742469096966438497548648819758408415196781786965915146651086", "price": "0.92", "size": "300.37", "side": "SELL", "hash": "c6db79523f829382fa0ff24dd4a330154c147ae3", "best_bid": "0.91", "best_ask": "0.92"}], "timestamp": "1769384123778", "event_type": "price_change"}}
{"_local_timestamp": "2026-01-25T23:35:23.991644+00:00", "data": {"market": "0x79148d3ed1e72323ac957de36ac181f962b0e1e54ff0abf92525b40cf21798b3", "asset_id": "17035310485917291939612447426722860096602275901091258309686768366821361837208", "bids": [{"price": "0.01", "size": "96"}, {"price": "0.02", "size": "510.09"}, {"price": "0.03", "size": "363.97"}, {"price": "0.04", "size": "250"}, {"price": "0.05", "size": "3272.56"}, {"price": "0.06", "size": "500"}, {"price": "0.07", "size": "370"}, {"price": "0.08", "size": "300.37"}], "asks": [{"price": "0.99", "size": "5919.77"}, {"price": "0.98", "size": "2000"}, {"price": "0.97", "size": "8.01"}, {"price": "0.95", "size": "330"}, {"price": "0.94", "size": "33"}, {"price": "0.93", "size": "1400"}, {"price": "0.92", "size": "8.27"}, {"price": "0.88", "size": "725"}, {"price": "0.8", "size": "350"}, {"price": "0.78", "size": "726"}, {"price": "0.77", "size": "300"}, {"price": "0.75", "size": "1730"}, {"price": "0.74", "size": "50"}, {"price": "0.69", "size": "1984"}, {"price": "0.67", "size": "60"}, {"price": "0.66", "size": "50"}, {"price": "0.55", "size": "610.54"}, {"price": "0.54", "size": "3037"}, {"price": "0.49", "size": "270"}, {"price": "0.47", "size": "33.92"}, {"price": "0.4", "size": "305.95"}, {"price": "0.39", "size": "5"}, {"price": "0.36", "size": "6.74"}, {"price": "0.11", "size": "693.6"}, {"price": "0.1", "size": "417.72"}, {"price": "0.09", "size": "9.96"}], "hash": "8c1cdc2cbfd4f5819db9cc690e95d4bf31a39ca9", "timestamp": "1769384123778", "event_type": "book"}}
{"_local_timestamp": "2026-01-25T23:35:23.992140+00:00", "data": {"market": "0x79148d3ed1e72323ac957de36ac181f962b0e1e54ff0abf92525b40cf21798b3", "asset_id": "82628073719862075742469096966438497548648819758408415196781786965915146651086", "bids": [{"price": "0.01", "size": "5919.77"}, {"price": "0.02", "size": "2000"}, {"price": "0.03", "size": "8.01"}, {"price": "0.05", "size": "330"}, {"price": "0.06", "size": "33"}, {"price": "0.07", "size": "1400"}, {"price": "0.08", "size": "8.27"}, {"price": "0.12", "size": "725"}, {"price": "0.2", "size": "350"}, {"price": "0.22", "size": "726"}, {"price": "0.23", "size": "300"}, {"price": "0.25", "size": "1730"}, {"price": "0.26", "size": "50"}, {"price": "0.31", "size": "1984"}, {"price": "0.33", "size": "60"}, {"price": "0.34", "size": "50"}, {"price": "0.45", "size": "610.54"}, {"price": "0.46", "size": "3037"}, {"price": "0.51", "size": "270"}, {"price": "0.53", "size": "33.92"}, {"price": "0.6", "size": "305.95"}, {"price": "0.61", "size": "5"}, {"price": "0.64", "size": "6.74"}, {"price": "0.89", "size": "693.6"}, {"price": "0.9", "size": "417.72"}, {"price": "0.91", "size": "9.96"}], "asks": [{"price": "0.99", "size": "96"}, {"price": "0.98", "size": "510.09"}, {"price": "0.97", "size": "363.97"}, {"price": "0.96", "size": "250"}, {"price": "0.95", "size": "3272.56"}, {"price": "0.94", "size": "500"}, {"price": "0.93", "size": "370"}, {"price": "0.92", "size": "300.37"}], "hash": "c6db79523f829382fa0ff24dd4a330154c147ae3", "timestamp": "1769384123778", "event_type": "book"}}
{"_local_timestamp": "2026-01-25T23:35:24.007366+00:00", "data": {"market": "0x79148d3ed1e72323ac957de36ac181f962b0e1e54ff0abf92525b40cf21798b3", "asset_id": "82628073719862075742469096966438497548648819758408415196781786965915146651086", "price": "0.92", "size": "44.65", "fee_rate_bps": "0", "side": "BUY", "timestamp": "1769384123808", "event_type": "last_trade_price", "transaction_hash": "0x35ee407b4afa2f7b9ec319655aa4e3193da3db42f3776039bf4dc54497468432"}}
{"_local_timestamp": "2026-01-25T23:35:24.459414+00:00", "data": {"market": "0x79148d3ed1e72323ac957de36ac181f962b0e1e54ff0abf92525b40cf21798b3", "price_changes": [{"asset_id": "82628073719862075742469096966438497548648819758408415196781786965915146651086", "price": "0.25", "size": "1830", "side": "BUY", "hash": "86d7ac16ed2c6111db7b6d896a25d78b77eb2180", "best_bid": "0.91", "best_ask": "0.92"}, {"asset_id": "17035310485917291939612447426722860096602275901091258309686768366821361837208", "price": "0.75", "size": "1830", "side": "SELL", "hash": "eca4812c2b3b9a7a472e1499572d370f2019b0b1", "best_bid": "0.08", "best_ask": "0.09"}], "timestamp": "1769384124070", "event_type": "price_change"}}
