{"_local_timestamp": "2026-01-25T23:40:54.570032+00:00", "data": [{"market": "0x46aef361abc7c75d6b0a03b779d7f4090bace2389fbcbb5287150df05e9e8ded", "asset_id": "112237736732818504372540869464294233199370893266482178940150942986256000188974", "timestamp": "1769384440622", "hash": "63e8ae249ccd7e5c0699801b2c15213741a0d35a", "bids": [{"price": "0.01", "size": "3580.65"}, {"price": "0.02", "size": "1250"}, {"price": "0.03", "size": "13.8"}, {"price": "0.04", "size": "150"}, {"price": "0.08", "size": "18.89"}, {"price": "0.12", "size": "161.11"}, {"price": "0.13", "size": "151.29"}, {"price": "0.14", "size": "259.42"}, {"price": "0.15", "size": "934.3"}, {"price": "0.16", "size": "299.67"}], "asks": [{"price": "0.99", "size": "1685.08"}, {"price": "0.98", "size": "17.85"}, {"price": "0.95", "size": "970"}, {"price": "0.9", "size": "300"}, {"price": "0.89", "size": "5.38"}, {"price": "0.88", "size": "2500"}, {"price": "0.86", "size": "100"}, {"price": "0.85", "size": "2457"}, {"price": "0.82", "size": "50"}, {"price": "0.8", "size": "250"}, {"price": "0.79", "size": "1998"}, {"price": "0.78", "size": "50"}, {"price": "0.76", "size": "20"}, {"price": "0.74", "size": "7"}, {"price": "0.73", "size": "350"}, {"price": "0.54", "size": "400"}, {"price": "0.5", "size": "500"}, {"price": "0.49", "size": "50"}, {"price": "0.42", "size": "55.8"}, {"price": "0.38", "size": "5"}, {"price": "0.35", "size": "300"}, {"price": "0.25", "size": "50"}, {"price": "0.21", "size": "56.78"}, {"price": "0.2", "size": "150.25"}, {"price": "0.19", "size": "361.76"}, {"price": "0.18", "size": "231.08"}], "event_type": "book", "last_trade_price": "0.840"}, {"market": "0x46aef361abc7c75d6b0a03b779d7f4090bace2389fbcbb5287150df05e9e8ded", "asset_id": "7750233334727183776020451987210476612473417250046172925264668014691295235575", "timestamp": "1769384440622", "hash": "947f137b2505af584aa9bce0417236b4c0363276", "bids": [{"price": "0.01", "size": "1685.08"}, {"price": "0.02", "size": "17.85"}, {"price": "0.05", "size": "970"}, {"price": "0.1", "size": "300"}, {"price": "0.11", "size": "5.38"}, {"price": "0.12", "size": "2500"}, {"price": "0.14", "size": "100"}, {"price": "0.15", "size": "2457"}, {"price": "0.18", "size": "50"}, {"price": "0.2", "size": "250"}, {"price": "0.21", "size": "1998"}, {"price": "0.22", "size": "50"}, {"price": "0.24", "size": "20"}, {"price": "0.26", "size": "7"}, {"price": "0.27", "size": "350"}, {"price": "0.46", "size": "400"}, {"price": "0.5", "size": "500"}, {"price": "0.51", "size": "50"}, {"price": "0.58", "size": "55.8"}, {"price": "0.62", "size": "5"}, {"price": "0.65", "size": "300"}, {"price": "0.75", "size": "50"}, {"price": "0.79", "size": "56.78"}, {"price": "0.8", "size": "150.25"}, {"price": "0.81", "size": "361.76"}, {"price": "0.82", "size": "231.08"}], "asks": [{"price": "0.99", "size": "3580.65"}, {"price": "0.98", "size": "1250"}, {"price": "0.97", "size": "13.8"}, {"price": "0.96", "size": "150"}, {"price": "0.92", "size": "18.89"}, {"price": "0.88", "size": "161.11"}, {"price": "0.87", "size": "151.29"}, {"price": "0.86", "size": "259.42"}, {"price": "0.85", "size": "934.3"}, {"price": "0.84", "size": "299.67"}], "event_type": "book", "last_trade_price": "0.840"}]}
{"_local_timestamp": "2026-01-25T23:41:06.319584+00:00", "data": {"market": "0x46aef361abc7c75d6b0a03b779d7f4090bace2389fbcbb5287150df05e9e8ded", "price_changes": [{"asset_id": "7750233334727183776020451987210476612473417250046172925264668014691295235575", "price": "0.8", "size": "50.25", "side": "BUY", "hash": "13068f1ecf6e7dbbd3dfd9c4d4550700ec8cdd07", "best_bid": "0.82", "best_ask": "0.84"}, {"asset_id": "112237736732818504372540869464294233199370893266482178940150942986256000188974", "price": "0.2", "size": "50.25", "side": "SELL", "hash": "d7b7a827efd458a5beb56aa1360f619f6b9bcf3a", "best_bid": "0.16", "best_ask": "0.18"}], "timestamp": "1769384466197", "event_type": "price_change"}}
{"_local_timestamp": "2026-01-25T23:41:06.336476+00:00", "data": {"market": "0x46aef361abc7c75d6b0a03b779d7f4090bace2389fbcbb5287150df05e9e8ded", "price_changes": [{"asset_id": "112237736732818504372540869464294233199370893266482178940150942986256000188974", "price": "0.14", "size": "159.42", "side": "BUY", "hash": "8489cfffd7ec6b020d66507b1f73830314ebc469", "best_bid": "0.16", "best_ask": "0.18"}, {"asset_id": "7750233334727183776020451987210476612473417250046172925264668014691295235575", "price": "0.86", "size": "159.42", "side": "SELL", "hash": "7d81e251c9e3e1e18f18e6731ef8ea5a4b33767e", "best_bid": "0.82", "best_ask": "0.84"}], "timestamp": "1769384466200", "event_type": "price_change"}}
{"_local_timestamp": "2026-01-25T23:41:06.348309+00:00", "data": {"market": "0x46aef361abc7c75d6b0a03b779d7f4090bace2389fbcbb5287150df05e9e8ded", "price_changes": [{"asset_id": "112237736732818504372540869464294233199370893266482178940150942986256000188974", "price": "0.15", "size": "955.3", "side": "BUY", "hash": "bafcd53915dd78f57a6e3bb09f1a169f5af21a0b", "best_bid": "0.16", "best_ask": "0.18"}, {"asset_id": "7750233334727183776020451987210476612473417250046172925264668014691295235575", "price": "0.85", "size": "955.3", "side": "SELL", "hash": "e896b47d63659be18803bc71617d9de5bbabbc16", "best_bid": "0.82", "best_ask": "0.84"}], "timestamp": "1769384466249", "event_type": "price_change"}}
{"_local_timestamp": "2026-01-25T23:41:07.488742+00:00", "data": {"market": "0x46aef361abc7c75d6b0a03b779d7f4090bace2389fbcbb5287150df05e9e8ded", "price_changes": [{"asset_id": "112237736732818504372540869464294233199370893266482178940150942986256000188974", "price": "0.15", "size": "934.3", "side": "BUY", "hash": "92be7117f8e0780806a12a4a8236f49ce5689d3f", "best_bid": "0.16", "best_ask": "0.18"}, {"asset_id": "7750233334727183776020451987210476612473417250046172925264668014691295235575", "price": "0.85", "size": "934.3", "side": "SELL", "hash": "a1ddf416d87621d1046c586f7122f5838980e966", "best_bid": "0.82", "best_ask": "0.84"}], "timestamp": "1769384467420", "event_type": "price_change"}}
{"_local_timestamp": "2026-01-25T23:41:12.920787+00:00", "data": {"market": "0x46aef361abc7c75d6b0a03b779d7f4090bace2389fbcbb5287150df05e9e8ded", "price_changes": [{"asset_id": "112237736732818504372540869464294233199370893266482178940150942986256000188974", "price": "0.14", "size": "259.42", "side": "BUY", "hash": "b984f90e4870adb765badde427cfe5228f2331a7", "best_bid": "0.16", "best_ask": "0.18"}, {"asset_id": "7750233334727183776020451987210476612473417250046172925264668014691295235575", "price": "0.86", "size": "259.42", "side": "SELL", "hash": "2f228129eead40737375a81aa27dc61e9a9f15e0", "best_bid": "0.82", "best_ask": "0.84"}], "timestamp": "1769384472854", "event_type": "price_change"}}
{"_local_timestamp": "2026-01-25T23:41:12.961300+00:00", "data": {"market": "0x46aef361abc7c75d6b0a03b779d7f4090bace2389fbcbb5287150df05e9e8ded", "price_changes": [{"asset_id": "112237736732818504372540869464294233199370893266482178940150942986256000188974", "price": "0.15", "size": "955.3", "side": "BUY", "hash": "9fc32b41e0df54a38f704918c8d6abe26224c0a6", "best_bid": "0.16", "best_ask": "0.18"}, {"asset_id": "7750233334727183776020451987210476612473417250046172925264668014691295235575", "price": "0.85", "size": "955.3", "side": "SELL", "hash": "141d379e630d05b7af7b80cb466f69dc2fea5a13", "best_bid": "0.82", "best_ask": "0.84"}], "timestamp": "1769384472890", "event_type": "price_change"}}
{"_local_timestamp": "2026-01-25T23:41:14.645428+00:00", "data": {"market": "0x46aef361abc7c75d6b0a03b779d7f4090bace2389fbcbb5287150df05e9e8ded", "price_changes": [{"asset_id": "7750233334727183776020451987210476612473417250046172925264668014691295235575", "price": "0.21", "size": "0", "side": "BUY", "hash": "bf49560dde5f2230afd474964b804cd7ed9c63b0", "best_bid": "0.82", "best_ask": "0.84"}, {"asset_id": "112237736732818504372540869464294233199370893266482178940150942986256000188974", "price": "0.79", "size": "0", "side": "SELL", "hash": "434d878b2e0cf703ad9e21c986d445f0124e38f7", "best_bid": "0.16", "best_ask": "0.18"}], "timestamp": "1769384474531", "event_type": "price_change"}}
