{"_local_timestamp": "2026-01-25T23:40:54.570032+00:00", "data": [{"market": "0x46aef361abc7c75d6b0a03b779d7f4090bace2389fbcbb5287150df05e9e8ded", "asset_id": "112237736732818504372540869464294233199370893266482178940150942986256000188974", "timestamp": "1769384440622", "hash": "63e8ae249ccd7e5c0699801b2c15213741a0d35a", "bids": [{"price": "0.01", "size": "3580.65"}, {"price": "0.02", "size": "1250"}, {"price": "0.03", "size": "13.8"}, {"price": "0.04", "size": "150"}, {"price": "0.08", "size": "18.89"}, {"price": "0.12", "size": "161.11"}, {"price": "0.13", "size": "151.29"}, {"price": "0.14", "size": "259.42"}, {"price": "0.15", "size": "934.3"}, {"price": "0.16", "size": "299.67"}], "asks": [{"price": "0.99", "size": "1685.08"}, {"price": "0.98", "size": "17.85"}, {"price": "0.95", "size": "970"}, {"price": "0.9", "size": "300"}, {"price": "0.89", "size": "5.38"}, {"price": "0.88", "size": "2500"}, {"price": "0.86", "size": "100"}, {"price": "0.85", "size": "2457"}, {"price": "0.82", "size": "50"}, {"price": "0.8", "size": "250"}, {"price": "0.79", "size": "1998"}, {"price": "0.78", "size": "50"}, {"price": "0.76", "size": "20"}, {"price": "0.74", "size": "7"}, {"price": "0.73", "size": "350"}, {"price": "0.54", "size": "400"}, {"price": "0.5", "size": "500"}, {"price": "0.49", "size": "50"}, {"price": "0.42", "size": "55.8"}, {"price": "0.38", "size": "5"}, {"price": "0.35", "size": "300"}, {"price": "0.25", "size": "50"}, {"price": "0.21", "size": "56.78"}, {"price": "0.2", "size": "150.25"}, {"price": "0.19", "size": "361.76"}, {"price": "0.18", "size": "231.08"}], "event_type": "book", "last_trade_price": "0.840"}, {"market": "0x46aef361abc7c75d6b0a03b779d7f4090bace2389fbcbb5287150df05e9e8ded", "asset_id": "7750233334727183776020451987210476612473417250046172925264668014691295235575", "timestamp": "1769384440622", "hash": "947f137b2505af584aa9bce0417236b4c0363276", "bids": [{"price": "0.01", "size": "1685.08"}, {"price": "0.02", "size": "17.85"}, {"price": "0.05", "size": "970"}, {"price": "0.1", "size": "300"}, {"price": "0.11", "size": "5.38"}, {"price": "0.12", "size": "2500"}, {"price": "0.14", "size": "100"}, {"price": "0.15", "size": "2457"}, {"price": "0.18", "size": "50"}, {"price": "0.2", "size": "250"}, {"price": "0.21", "size": "1998"}, {"price": "0.22", "size": "50"}, {"price": "0.24", "size": "20"}, {"price": "0.26", "size": "7"}, {"price": "0.27", "size": "350"}, {"price": "0.46", "size": "400"}, {"price": "0.5", "size": "500"}, {"price": "0.51", "size": "50"}, {"price": "0.58", "size": "55.8"}, {"price": "0.62", "size": "5"}, {"price": "0.65", "size": "300"}, {"price": "0.75", "size": "50"}, {"price": "0.79", "size": "56.78"}, {"price": "0.8", "size": "150.25"}, {"price": "0.81", "size": "361.76"}, {"price": "0.82", "size": "231.08"}], "asks": [{"price": "0.99", "size": "3580.65"}, {"price": "0.98", "size": "1250"}, {"price": "0.97", "size": "13.8"}, {"price": "0.96", "size": "150"}, {"price": "0.92", "size": "18.89"}, {"price": "0.88", "size": "161.11"}, {"price": "0.87", "size": "151.29"}, {"price": "0.86", "size": "259.42"}, {"price": "0.85", "size": "934.3"}, {"price": "0.84", "size": "299.67"}], "event_type": "book", "last_trade_price": "0.840"}]}
{"_local_timestamp": "2026-01-25T23:41:06.319584+00:00", "data": {"market": "0x46aef361abc7c75d6b0a03b779d7f4090bace2389fbcbb5287150df05e9e8ded", "price_changes": [{"asset_id": "7750233334727183776020451987210476612473417250046172925264668014691295235575", "price": "0.8", "size": "50.25", "side": "BUY", "hash": "13068f1ecf6e7dbbd3dfd9c4d4550700ec8cdd07", "best_bid": "0.82", "best_ask": "0.84"}, {"asset_id": "112237736732818504372540869464294233199370893266482178940150942986256000188974", "price": "0.2", "size": "50.25", "side": "SELL", "hash": "d7b7a827efd458a5beb56aa1360f619f6b9bcf3a", "best_bid": "0.16", "best_ask": "0.18"}], "timestamp": "1769384466197", "event_type": "price_change"}}
{"_local_timestamp": "2026-01-25T23:41:06.336476+00:00", "data": {"market": "0x46aef361abc7c75d6b0a03b779d7f4090bace2389fbcbb5287150df05e9e8ded", "price_changes": [{"asset_id": "112237736732818504372540869464294233199370893266482178940150942986256000188974", "price": "0.14", "size": "159.42", "side": "BUY", "hash": "8489cfffd7ec6b020d66507b1f73830314ebc469", "best_bid": "0.16", "best_ask": "0.18"}, {"asset_id": "7750233334727183776020451987210476612473417250046172925264668014691295235575", "price": "0.86", "size": "159.42", "side": "SELL", "hash": "7d81e251c9e3e1e18f18e6731ef8ea5a4b33767e", "best_bid": "0.82", "best_ask": "0.84"}], "timestamp": "1769384466200", "event_type": "price_change"}}
{"_local_timestamp": "2026-01-25T23:41:06.348309+00:00", "data": {"market": "0x46aef361abc7c75d6b0a03b779d7f4090bace2389fbcbb5287150df05e9e8ded", "price_changes": [{"asset_id": "112237736732818504372540869464294233199370893266482178940150942986256000188974", "price": "0.15", "size": "955.3", "side": "BUY", "hash": "bafcd53915dd78f57a6e3bb09f1a169f5af21a0b", "best_bid": "0.16", "best_ask": "0.18"}, {"asset_id": "7750233334727183776020451987210476612473417250046172925264668014691295235575", "price": "0.85", "size": "955.3", "side": "SELL", "hash": "e896b47d63659be18803bc71617d9de5bbabbc16", "best_bid": "0.82", "best_ask": "0.84"}], "timestamp": "1769384466249", "event_type": "price_change"}}
{"_local_timestamp": "2026-01-25T23:41:07.488742+00:00", "data": {"market": "0x46aef361abc7c75d6b0a03b779d7f4090bace2389fbcbb5287150df05e9e8ded", "price_changes": [{"asset_id": "112237736732818504372540869464294233199370893266482178940150942986256000188974", "price": "0.15", "size": "934.3", "side": "BUY", "hash": "92be7117f8e0780806a12a4a8236f49ce5689d3f", "best_bid": "0.16", "best_ask": "0.18"}, {"asset_id": "7750233334727183776020451987210476612473417250046172925264668014691295235575", "price": "0.85", "size": "934.3", "side": "SELL", "hash": "a1ddf416d87621d1046c586f7122f5838980e966", "best_bid": "0.82", "best_ask": "0.84"}], "timestamp": "1769384467420", "event_type": "price_change"}}
{"_local_timestamp": "2026-01-25T23:41:12.920787+00:00", "data": {"market": "0x46aef361abc7c75d6b0a03b779d7f4090bace2389fbcbb5287150df05e9e8ded", "price_changes": [{"asset_id": "112237736732818504372540869464294233199370893266482178940150942986256000188974", "price": "0.14", "size": "259.42", "side": "BUY", "hash": "b984f90e4870adb765badde427cfe5228f2331a7", "best_bid": "0.16", "best_ask": "0.18"}, {"asset_id": "7750233334727183776020451987210476612473417250046172925264668014691295235575", "price": "0.86", "size": "259.42", "side": "SELL", "hash": "2f228129eead40737375a81aa27dc61e9a9f15e0", "best_bid": "0.82", "best_ask": "0.84"}], "timestamp": "1769384472854", "event_type": "price_change"}}
{"_local_timestamp": "2026-01-25T23:41:12.961300+00:00", "data": {"market": "0x46aef361abc7c75d6b0a03b779d7f4090bace2389fbcbb5287150df05e9e8ded", "price_changes": [{"asset_id": "112237736732818504372540869464294233199370893266482178940150942986256000188974", "price": "0.15", "size": "955.3", "side": "BUY", "hash": "9fc32b41e0df54a38f704918c8d6abe26224c0a6", "best_bid": "0.16", "best_ask": "0.18"}, {"asset_id": "7750233334727183776020451987210476612473417250046172925264668014691295235575", "price": "0.85", "size": "955.3", "side": "SELL", "hash": "141d379e630d05b7af7b80cb466f69dc2fea5a13", "best_bid": "0.82", "best_ask": "0.84"}], "timestamp": "1769384472890", "event_type": "price_change"}}
{"_local_timestamp": "2026-01-25T23:41:14.645428+00:00", "data": {"market": "0x46aef361abc7c75d6b0a03b779d7f4090bace2389fbcbb5287150df05e9e8ded", "price_changes": [{"asset_id": "7750233334727183776020451987210476612473417250046172925264668014691295235575", "price": "0.21", "size": "0", "side": "BUY", "hash": "bf49560dde5f2230afd474964b804cd7ed9c63b0", "best_bid": "0.82", "best_ask": "0.84"}, {"asset_id": "112237736732818504372540869464294233199370893266482178940150942986256000188974", "price": "0.79", "size": "0", "side": "SELL", "hash": "434d878b2e0cf703ad9e21c986d445f0124e38f7", "best_bid": "0.16", "best_ask": "0.18"}], "timestamp": "1769384474531", "event_type": "price_change"}}
{"_local_timestamp": "2026-01-25T23:41:41.859115+00:00", "data": {"market": "0x46aef361abc7c75d6b0a03b779d7f4090bace2389fbcbb5287150df05e9e8ded", "price_changes": [{"asset_id": "7750233334727183776020451987210476612473417250046172925264668014691295235575", "price": "0.8", "size": "150.25", "side": "BUY", "hash": "56d73f7dbfdf5079c0d3482da49cde850abec47b", "best_bid": "0.82", "best_ask": "0.84"}, {"asset_id": "112237736732818504372540869464294233199370893266482178940150942986256000188974", "price": "0.2", "size": "150.25", "side": "SELL", "hash": "699cb69a8f1731d8b1ae2d51cc91d6ecdb06e4a2", "best_bid": "0.16", "best_ask": "0.18"}], "timestamp": "1769384501785", "event_type": "price_change"}}
{"_local_timestamp": "2026-01-25T23:41:44.698527+00:00", "data": {"market": "0x46aef361abc7c75d6b0a03b779d7f4090bace2389fbcbb5287150df05e9e8ded", "price_changes": [{"asset_id": "7750233334727183776020451987210476612473417250046172925264668014691295235575", "price": "0.22", "size": "1958", "side": "BUY", "hash": "98329ae5e10d8f44aafc6290bcb18423bc702c18", "best_bid": "0.82", "best_ask": "0.84"}, {"asset_id": "112237736732818504372540869464294233199370893266482178940150942986256000188974", "price": "0.78", "size": "1958", "side": "SELL", "hash": "f1f45dc78bab9f15a005c0c607d4384b2a7424e9", "best_bid": "0.16", "best_ask": "0.18"}], "timestamp": "1769384504631", "event_type": "price_change"}}
{"_local_timestamp": "2026-01-25T23:41:44.724065+00:00", "data": {"market": "0x46aef361abc7c75d6b0a03b779d7f4090bace2389fbcbb5287150df05e9e8ded", "price_changes": [{"asset_id": "112237736732818504372540869464294233199370893266482178940150942986256000188974", "price": "0.15", "size": "934.3", "side": "BUY", "hash": "05016e16c9697ef041e54966116ec91296176a0f", "best_bid": "0.16", "best_ask": "0.18"}, {"asset_id": "7750233334727183776020451987210476612473417250046172925264668014691295235575", "price": "0.85", "size": "934.3", "side": "SELL", "hash": "253ac04715f3ed91d0dd56cd1b18943fd65e5890", "best_bid": "0.82", "best_ask": "0.84"}], "timestamp": "1769384504654", "event_type": "price_change"}}
{"_local_timestamp": "2026-01-25T23:42:24.592781+00:00", "data": {"market": "0x46aef361abc7c75d6b0a03b779d7f4090bace2389fbcbb5287150df05e9e8ded", "price_changes": [{"asset_id": "7750233334727183776020451987210476612473417250046172925264668014691295235575", "price": "0.22", "size": "1908", "side": "BUY", "hash": "bbc6e60d7ef5fbba2b35076102daf8e227906226", "best_bid": "0.82", "best_ask": "0.84"}, {"asset_id": "112237736732818504372540869464294233199370893266482178940150942986256000188974", "price": "0.78", "size": "1908", "side": "SELL", "hash": "5aa8f75471328ea391e72f60baae3dd6548d2b90", "best_bid": "0.16", "best_ask": "0.18"}], "timestamp": "1769384544481", "event_type": "price_change"}}
{"_local_timestamp": "2026-01-25T23:42:25.046609+00:00", "data": {"market": "0x46aef361abc7c75d6b0a03b779d7f4090bace2389fbcbb5287150df05e9e8ded", "price_changes": [{"asset_id": "7750233334727183776020451987210476612473417250046172925264668014691295235575", "price": "0.21", "size": "50", "side": "BUY", "hash": "f5b5eef711d5db599b2739a9b0d5e611fcae8fb4", "best_bid": "0.82", "best_ask": "0.84"}, {"asset_id": "112237736732818504372540869464294233199370893266482178940150942986256000188974", "price": "0.79", "size": "50", "side": "SELL", "hash": "8db1fbcf4d5c0d7ba01aed215d2e1f4a725b57a9", "best_bid": "0.16", "best_ask": "0.18"}], "timestamp": "1769384544921", "event_type": "price_change"}}
{"_local_timestamp": "2026-01-25T23:42:47.251490+00:00", "data": {"market": "0x46aef361abc7c75d6b0a03b779d7f4090bace2389fbcbb5287150df05e9e8ded", "price_changes": [{"asset_id": "7750233334727183776020451987210476612473417250046172925264668014691295235575", "price": "0.22", "size": "0", "side": "BUY", "hash": "e13eb2ccb1b1efe79ee8c3bed450416d1184f84d", "best_bid": "0.82", "best_ask": "0.84"}, {"asset_id": "112237736732818504372540869464294233199370893266482178940150942986256000188974", "price": "0.78", "size": "0", "side": "SELL", "hash": "3890839700f87b501e45c75554c15e77e650e503", "best_bid": "0.16", "best_ask": "0.18"}], "timestamp": "1769384566987", "event_type": "price_change"}}
{"_local_timestamp": "2026-01-25T23:42:55.971710+00:00", "data": {"market": "0x46aef361abc7c75d6b0a03b779d7f4090bace2389fbcbb5287150df05e9e8ded", "price_changes": [{"asset_id": "112237736732818504372540869464294233199370893266482178940150942986256000188974", "price": "0.03", "size": "6.19", "side": "BUY", "hash": "a3359c49080b27d456fa35f84996550b1688968f", "best_bid": "0.16", "best_ask": "0.18"}, {"asset_id": "7750233334727183776020451987210476612473417250046172925264668014691295235575", "price": "0.97", "size": "6.19", "side": "SELL", "hash": "acfd4a148b505a7e4063e163148162f1344ddfef", "best_bid": "0.82", "best_ask": "0.84"}], "timestamp": "1769384575795", "event_type": "price_change"}}
{"_local_timestamp": "2026-01-25T23:42:55.972152+00:00", "data": {"market": "0x46aef361abc7c75d6b0a03b779d7f4090bace2389fbcbb5287150df05e9e8ded", "price_changes": [{"asset_id": "112237736732818504372540869464294233199370893266482178940150942986256000188974", "price": "0.08", "size": "12.5", "side": "BUY", "hash": "a3359c49080b27d456fa35f84996550b1688968f", "best_bid": "0.16", "best_ask": "0.18"}, {"asset_id": "7750233334727183776020451987210476612473417250046172925264668014691295235575", "price": "0.92", "size": "12.5", "side": "SELL", "hash": "acfd4a148b505a7e4063e163148162f1344ddfef", "best_bid": "0.82", "best_ask": "0.84"}], "timestamp": "1769384575795", "event_type": "price_change"}}
{"_local_timestamp": "2026-01-25T23:42:56.309958+00:00", "data": {"market": "0x46aef361abc7c75d6b0a03b779d7f4090bace2389fbcbb5287150df05e9e8ded", "price_changes": [{"asset_id": "112237736732818504372540869464294233199370893266482178940150942986256000188974", "price": "0.05", "size": "14.8", "side": "BUY", "hash": "e09310c21350b02d3a5b8c722315d09142f6e6e3", "best_bid": "0.16", "best_ask": "0.18"}, {"asset_id": "7750233334727183776020451987210476612473417250046172925264668014691295235575", "price": "0.95", "size": "14.8", "side": "SELL", "hash": "bfca2a35c62b8404f9014aacba56719326912f36", "best_bid": "0.82", "best_ask": "0.84"}], "timestamp": "1769384576133", "event_type": "price_change"}}
{"_local_timestamp": "2026-01-25T23:43:11.711232+00:00", "data": {"market": "0x46aef361abc7c75d6b0a03b779d7f4090bace2389fbcbb5287150df05e9e8ded", "price_changes": [{"asset_id": "7750233334727183776020451987210476612473417250046172925264668014691295235575", "price": "0.21", "size": "2048", "side": "BUY", "hash": "2110e95c453948c4d55d7d92be95da73c565e9a3", "best_bid": "0.82", "best_ask": "0.84"}, {"asset_id": "112237736732818504372540869464294233199370893266482178940150942986256000188974", "price": "0.79", "size": "2048", "side": "SELL", "hash": "41ba4ad1a148ef859a8f71d1b429974281c9e00a", "best_bid": "0.16", "best_ask": "0.18"}], "timestamp": "1769384591642", "event_type": "price_change"}}
{"_local_timestamp": "2026-01-25T23:44:08.536396+00:00", "data": {"market": "0x46aef361abc7c75d6b0a03b779d7f4090bace2389fbcbb5287150df05e9e8ded", "price_changes": [{"asset_id": "7750233334727183776020451987210476612473417250046172925264668014691295235575", "price": "0.21", "size": "1998", "side": "BUY", "hash": "45a19c9f8e5b4660199e004751d5442b7141c0aa", "best_bid": "0.82", "best_ask": "0.84"}, {"asset_id": "112237736732818504372540869464294233199370893266482178940150942986256000188974", "price": "0.79", "size": "1998", "side": "SELL", "hash": "1d251aa6af7917628eca131fa9d65056d0841dfe", "best_bid": "0.16", "best_ask": "0.18"}], "timestamp": "1769384648368", "event_type": "price_change"}}
{"_local_timestamp": "2026-01-25T23:44:09.025980+00:00", "data": {"market": "0x46aef361abc7c75d6b0a03b779d7f4090bace2389fbcbb5287150df05e9e8ded", "price_changes": [{"asset_id": "7750233334727183776020451987210476612473417250046172925264668014691295235575", "price": "0.22", "size": "50", "side": "BUY", "hash": "fdd7780e277d80f1347146e55cf18c1e1a34ce9b", "best_bid": "0.82", "best_ask": "0.84"}, {"asset_id": "112237736732818504372540869464294233199370893266482178940150942986256000188974", "price": "0.78", "size": "50", "side": "SELL", "hash": "6938da76011c1194c19da018f8060267ec00e72e", "best_bid": "0.16", "best_ask": "0.18"}], "timestamp": "1769384648778", "event_type": "price_change"}}
{"_local_timestamp": "2026-01-25T23:44:32.460214+00:00", "data": {"market": "0x46aef361abc7c75d6b0a03b779d7f4090bace2389fbcbb5287150df05e9e8ded", "price_changes": [{"asset_id": "7750233334727183776020451987210476612473417250046172925264668014691295235575", "price": "0.21", "size": "0", "side": "BUY", "hash": "1fe5765465a1903b4fcf6ec6992858738b5ea536", "best_bid": "0.82", "best_ask": "0.84"}, {"asset_id": "112237736732818504372540869464294233199370893266482178940150942986256000188974", "price": "0.79", "size": "0", "side": "SELL", "hash": "fa3e2589fe1ad223d8328cff5e4ce9bbb525c164", "best_bid": "0.16", "best_ask": "0.18"}], "timestamp": "1769384672303", "event_type": "price_change"}}
{"_local_timestamp": "2026-01-25T23:44:58.470812+00:00", "data": {"market": "0x46aef361abc7c75d6b0a03b779d7f4090bace2389fbcbb5287150df05e9e8ded", "price_changes": [{"asset_id": "7750233334727183776020451987210476612473417250046172925264668014691295235575", "price": "0.22", "size": "1958", "side": "BUY", "hash": "6948f9b448b18c8168d20d32cb214c0b606cf27e", "best_bid": "0.82", "best_ask": "0.84"}, {"asset_id": "112237736732818504372540869464294233199370893266482178940150942986256000188974", "price": "0.78", "size": "1958", "side": "SELL", "hash": "b713dd7e984313516d7c2b088d6766cbd890b85b", "best_bid": "0.16", "best_ask": "0.18"}], "timestamp": "1769384698304", "event_type": "price_change"}}
{"_local_timestamp": "2026-01-25T23:45:53.175867+00:00", "data": {"market": "0x46aef361abc7c75d6b0a03b779d7f4090bace2389fbcbb5287150df05e9e8ded", "price_changes": [{"asset_id": "7750233334727183776020451987210476612473417250046172925264668014691295235575", "price": "0.22", "size": "1908", "side": "BUY", "hash": "477db85845d8f72d8c252a4ec52686c62ccf6a74", "best_bid": "0.82", "best_ask": "0.84"}, {"asset_id": "112237736732818504372540869464294233199370893266482178940150942986256000188974", "price": "0.78", "size": "1908", "side": "SELL", "hash": "1062348b8b4cb37ec56f62ec16c353059767772a", "best_bid": "0.16", "best_ask": "0.18"}], "timestamp": "1769384753009", "event_type": "price_change"}}
{"_local_timestamp": "2026-01-25T23:45:53.741064+00:00", "data": {"market": "0x46aef361abc7c75d6b0a03b779d7f4090bace2389fbcbb5287150df05e9e8ded", "price_changes": [{"asset_id": "7750233334727183776020451987210476612473417250046172925264668014691295235575", "price": "0.21", "size": "50", "side": "BUY", "hash": "305470b988d943e5e6242936e5908c4d22a85009", "best_bid": "0.82", "best_ask": "0.84"}, {"asset_id": "112237736732818504372540869464294233199370893266482178940150942986256000188974", "price": "0.79", "size": "50", "side": "SELL", "hash": "f0e697fecf71add2cb1e77cac2fa90f7099e3845", "best_bid": "0.16", "best_ask": "0.18"}], "timestamp": "1769384753534", "event_type": "price_change"}}
{"_local_timestamp": "2026-01-25T23:46:10.570553+00:00", "data": {"market": "0x46aef361abc7c75d6b0a03b779d7f4090bace2389fbcbb5287150df05e9e8ded", "price_changes": [{"asset_id": "7750233334727183776020451987210476612473417250046172925264668014691295235575", "price": "0.22", "size": "0", "side": "BUY", "hash": "b5fcc2847aeeb3f4ef1be9e1ffbebd19139aeb56", "best_bid": "0.82", "best_ask": "0.84"}, {"asset_id": "112237736732818504372540869464294233199370893266482178940150942986256000188974", "price": "0.78", "size": "0", "side": "SELL", "hash": "9e5acf8744a139aac1edd7b166a7c8816191f399", "best_bid": "0.16", "best_ask": "0.18"}], "timestamp": "1769384770465", "event_type": "price_change"}}
{"_local_timestamp": "2026-01-25T23:46:13.129071+00:00", "data": {"market": "0x46aef361abc7c75d6b0a03b779d7f4090bace2389fbcbb5287150df05e9e8ded", "price_changes": [{"asset_id": "7750233334727183776020451987210476612473417250046172925264668014691295235575", "price": "0.21", "size": "2048", "side": "BUY", "hash": "2f5b9a7540d00714dbeaf4e6131a9686d67c2a0d", "best_bid": "0.82", "best_ask": "0.84"}, {"asset_id": "112237736732818504372540869464294233199370893266482178940150942986256000188974", "price": "0.79", "size": "2048", "side": "SELL", "hash": "f7da30659e7a5b76987f0b82130f7faff80c6cf7", "best_bid": "0.16", "best_ask": "0.18"}], "timestamp": "1769384773064", "event_type": "price_change"}}
{"_local_timestamp": "2026-01-25T23:46:56.848002+00:00", "data": {"market": "0x46aef361abc7c75d6b0a03b779d7f4090bace2389fbcbb5287150df05e9e8ded", "price_changes": [{"asset_id": "112237736732818504372540869464294233199370893266482178940150942986256000188974", "price": "0.05", "size": "0", "side": "BUY", "hash": "1222f32c353263dca2fe6be098faecbda85b5f52", "best_bid": "0.16", "best_ask": "0.18"}, {"asset_id": "7750233334727183776020451987210476612473417250046172925264668014691295235575", "price": "0.95", "size": "0", "side": "SELL", "hash": "e7cdac369934e5cb8407383a412b316db514fb42", "best_bid": "0.82", "best_ask": "0.84"}], "timestamp": "1769384816734", "event_type": "price_change"}}
{"_local_timestamp": "2026-01-25T23:46:57.247158+00:00", "data": {"market": "0x46aef361abc7c75d6b0a03b779d7f4090bace2389fbcbb5287150df05e9e8ded", "price_changes": [{"asset_id": "112237736732818504372540869464294233199370893266482178940150942986256000188974", "price": "0.05", "size": "14.8", "side": "BUY", "hash": "7aa87e117ee425a1a58869bd8e4eb91c786a077b", "best_bid": "0.16", "best_ask": "0.18"}, {"asset_id": "7750233334727183776020451987210476612473417250046172925264668014691295235575", "price": "0.95", "size": "14.8", "side": "SELL", "hash": "da17752f37a6e2d55f864cff0f99f7833a305e0c", "best_bid": "0.82", "best_ask": "0.84"}], "timestamp": "1769384817135", "event_type": "price_change"}}
{"_local_timestamp": "2026-01-25T23:47:37.826935+00:00", "data": {"market": "0x46aef361abc7c75d6b0a03b779d7f4090bace2389fbcbb5287150df05e9e8ded", "price_changes": [{"asset_id": "7750233334727183776020451987210476612473417250046172925264668014691295235575", "price": "0.21", "size": "1998", "side": "BUY", "hash": "cb263dac35be0907a2a776ca07ff1b0009033f2f", "best_bid": "0.82", "best_ask": "0.84"}, {"asset_id": "112237736732818504372540869464294233199370893266482178940150942986256000188974", "price": "0.79", "size": "1998", "side": "SELL", "hash": "46a9c9616d8180658268f6f08bed3f0af1fe490a", "best_bid": "0.16", "best_ask": "0.18"}], "timestamp": "1769384857528", "event_type": "price_change"}}
{"_local_timestamp": "2026-01-25T23:47:38.545088+00:00", "data": {"market": "0x46aef361abc7c75d6b0a03b779d7f4090bace2389fbcbb5287150df05e9e8ded", "price_changes": [{"asset_id": "7750233334727183776020451987210476612473417250046172925264668014691295235575", "price": "0.22", "size": "50", "side": "BUY", "hash": "a72578c8d011c35c7c276b330d567c5949803e54", "best_bid": "0.82", "best_ask": "0.84"}, {"asset_id": "112237736732818504372540869464294233199370893266482178940150942986256000188974", "price": "0.78", "size": "50", "side": "SELL", "hash": "58440562ba2673b5f0b0c661155c961e53140756", "best_bid": "0.16", "best_ask": "0.18"}], "timestamp": "1769384858085", "event_type": "price_change"}}
{"_local_timestamp": "2026-01-25T23:47:55.573259+00:00", "data": {"market": "0x46aef361abc7c75d6b0a03b779d7f4090bace2389fbcbb5287150df05e9e8ded", "price_changes": [{"asset_id": "7750233334727183776020451987210476612473417250046172925264668014691295235575", "price": "0.21", "size": "0", "side": "BUY", "hash": "8a95a1dc7e403ee18c9512f1ef983da77ec19aac", "best_bid": "0.82", "best_ask": "0.84"}, {"asset_id": "112237736732818504372540869464294233199370893266482178940150942986256000188974", "price": "0.79", "size": "0", "side": "SELL", "hash": "f26827bd6a35ecdab76e5029df5dab1243737f23", "best_bid": "0.16", "best_ask": "0.18"}], "timestamp": "1769384875409", "event_type": "price_change"}}
{"_local_timestamp": "2026-01-25T23:48:01.296606+00:00", "data": {"market": "0x46aef361abc7c75d6b0a03b779d7f4090bace2389fbcbb5287150df05e9e8ded", "price_changes": [{"asset_id": "7750233334727183776020451987210476612473417250046172925264668014691295235575", "price": "0.22", "size": "1958", "side": "BUY", "hash": "8c61edce8d08c4250a864d42319eb1e51d388b3b", "best_bid": "0.82", "best_ask": "0.84"}, {"asset_id": "112237736732818504372540869464294233199370893266482178940150942986256000188974", "price": "0.78", "size": "1958", "side": "SELL", "hash": "bd98a96f483148243b696af437ec93ced6fe7a76", "best_bid": "0.16", "best_ask": "0.18"}], "timestamp": "1769384881227", "event_type": "price_change"}}
{"_local_timestamp": "2026-01-25T23:49:25.391942+00:00", "data": {"market": "0x46aef361abc7c75d6b0a03b779d7f4090bace2389fbcbb5287150df05e9e8ded", "price_changes": [{"asset_id": "7750233334727183776020451987210476612473417250046172925264668014691295235575", "price": "0.22", "size": "1908", "side": "BUY", "hash": "acb226cd6328d6b14cdbc4aa53f4ae8d65082d93", "best_bid": "0.82", "best_ask": "0.84"}, {"asset_id": "112237736732818504372540869464294233199370893266482178940150942986256000188974", "price": "0.78", "size": "1908", "side": "SELL", "hash": "4b06f87db4ead1ffe080d74c5e60d79dd1f66402", "best_bid": "0.16", "best_ask": "0.18"}], "timestamp": "1769384965274", "event_type": "price_change"}}
{"_local_timestamp": "2026-01-25T23:49:26.017618+00:00", "data": {"market": "0x46aef361abc7c75d6b0a03b779d7f4090bace2389fbcbb5287150df05e9e8ded", "price_changes": [{"asset_id": "7750233334727183776020451987210476612473417250046172925264668014691295235575", "price": "0.21", "size": "50", "side": "BUY", "hash": "f8b7b8311498f9659515347bd7618e0a3a2743cd", "best_bid": "0.82", "best_ask": "0.84"}, {"asset_id": "112237736732818504372540869464294233199370893266482178940150942986256000188974", "price": "0.79", "size": "50", "side": "SELL", "hash": "d2c6c395e933c0234812954d80a35b26f5f00973", "best_bid": "0.16", "best_ask": "0.18"}], "timestamp": "1769384965798", "event_type": "price_change"}}
{"_local_timestamp": "2026-01-25T23:49:51.275005+00:00", "data": {"market": "0x46aef361abc7c75d6b0a03b779d7f4090bace2389fbcbb5287150df05e9e8ded", "price_changes": [{"asset_id": "7750233334727183776020451987210476612473417250046172925264668014691295235575", "price": "0.22", "size": "0", "side": "BUY", "hash": "de1ddec211ed36722f15d8d18981bb890161e185", "best_bid": "0.82", "best_ask": "0.84"}, {"asset_id": "112237736732818504372540869464294233199370893266482178940150942986256000188974", "price": "0.78", "size": "0", "side": "SELL", "hash": "2a1d8f9dd8e365075d9342f0e65520a2d27d92d2", "best_bid": "0.16", "best_ask": "0.18"}], "timestamp": "1769384991050", "event_type": "price_change"}}
{"_local_timestamp": "2026-01-25T23:49:56.113287+00:00", "data": {"market": "0x46aef361abc7c75d6b0a03b779d7f4090bace2389fbcbb5287150df05e9e8ded", "price_changes": [{"asset_id": "7750233334727183776020451987210476612473417250046172925264668014691295235575", "price": "0.21", "size": "2048", "side": "BUY", "hash": "46c5c019cbcb2ee97b2935dc9a9e29ba67737a7a", "best_bid": "0.82", "best_ask": "0.84"}, {"asset_id": "112237736732818504372540869464294233199370893266482178940150942986256000188974", "price": "0.79", "size": "2048", "side": "SELL", "hash": "e2f86957e31b2e02648121925a53429c7e4b8cee", "best_bid": "0.16", "best_ask": "0.18"}], "timestamp": "1769384996008", "event_type": "price_change"}}
{"_local_timestamp": "2026-01-25T23:50:02.840288+00:00", "data": {"market": "0x46aef361abc7c75d6b0a03b779d7f4090bace2389fbcbb5287150df05e9e8ded", "price_changes": [{"asset_id": "7750233334727183776020451987210476612473417250046172925264668014691295235575", "price": "0.15", "size": "1391", "side": "BUY", "hash": "2cb2eab2e3b34edc7b2151771002b8a5f6d40a94", "best_bid": "0.82", "best_ask": "0.84"}, {"asset_id": "112237736732818504372540869464294233199370893266482178940150942986256000188974", "price": "0.85", "size": "1391", "side": "SELL", "hash": "4974e7b6c087615fb38f6d8beda1fc8217ac449e", "best_bid": "0.16", "best_ask": "0.18"}], "timestamp": "1769385002286", "event_type": "price_change"}}
{"_local_timestamp": "2026-01-25T23:50:03.173421+00:00", "data": {"market": "0x46aef361abc7c75d6b0a03b779d7f4090bace2389fbcbb5287150df05e9e8ded", "price_changes": [{"asset_id": "7750233334727183776020451987210476612473417250046172925264668014691295235575", "price": "0.15", "size": "325", "side": "BUY", "hash": "a051e9fec257434ba1803c466478d02c21950a99", "best_bid": "0.82", "best_ask": "0.84"}, {"asset_id": "112237736732818504372540869464294233199370893266482178940150942986256000188974", "price": "0.85", "size": "325", "side": "SELL", "hash": "cb4ddb79a11440b4960929134a7209288f0b73cb", "best_bid": "0.16", "best_ask": "0.18"}], "timestamp": "1769385002727", "event_type": "price_change"}}
{"_local_timestamp": "2026-01-25T23:50:03.238579+00:00", "data": {"market": "0x46aef361abc7c75d6b0a03b779d7f4090bace2389fbcbb5287150df05e9e8ded", "price_changes": [{"asset_id": "7750233334727183776020451987210476612473417250046172925264668014691295235575", "price": "0.12", "size": "0", "side": "BUY", "hash": "8e528c5ee79715e209cfdbdd53aa75464e5802ea", "best_bid": "0.82", "best_ask": "0.84"}, {"asset_id": "112237736732818504372540869464294233199370893266482178940150942986256000188974", "price": "0.88", "size": "0", "side": "SELL", "hash": "31ec3cbc612d830a182800d36eed21ace52c99b9", "best_bid": "0.16", "best_ask": "0.18"}], "timestamp": "1769385002857", "event_type": "price_change"}}
{"_local_timestamp": "2026-01-25T23:50:18.113956+00:00", "data": {"market": "0x46aef361abc7c75d6b0a03b779d7f4090bace2389fbcbb5287150df05e9e8ded", "price_changes": [{"asset_id": "7750233334727183776020451987210476612473417250046172925264668014691295235575", "price": "0.11", "size": "2731.38", "side": "BUY", "hash": "63f46cdb5cd001a16f7ededb902a83fe879a89ec", "best_bid": "0.82", "best_ask": "0.84"}, {"asset_id": "112237736732818504372540869464294233199370893266482178940150942986256000188974", "price": "0.89", "size": "2731.38", "side": "SELL", "hash": "a1b1dd4a5fa8fa3dcd782a820586e2483979bc35", "best_bid": "0.16", "best_ask": "0.18"}], "timestamp": "1769385018022", "event_type": "price_change"}}
{"_local_timestamp": "2026-01-25T23:50:18.922160+00:00", "data": {"market": "0x46aef361abc7c75d6b0a03b779d7f4090bace2389fbcbb5287150df05e9e8ded", "price_changes": [{"asset_id": "7750233334727183776020451987210476612473417250046172925264668014691295235575", "price": "0.16", "size": "1000", "side": "BUY", "hash": "b15fa7110771e987e253da739f600acc63f77468", "best_bid": "0.82", "best_ask": "0.84"}, {"asset_id": "112237736732818504372540869464294233199370893266482178940150942986256000188974", "price": "0.84", "size": "1000", "side": "SELL", "hash": "e771303c0ac1c7424174a95f8414ffb4abad151a", "best_bid": "0.16", "best_ask": "0.18"}], "timestamp": "1769385018847", "event_type": "price_change"}}
