{"_local_timestamp": "2026-01-25T23:41:17.880965+00:00", "data": [{"market": "0xa3cf11c4cd5c39be6af763782278dd2ae871286e50413c736fc02e378c7b194a", "asset_id": "47098692578463382240924923935626520236879739693617300734585244751793795800081", "timestamp": "1769384474532", "hash": "3edb78a2f186b41dd72cb1f62690353601b584e3", "bids": [{"price": "0.01", "size": "2063.99"}, {"price": "0.02", "size": "256.14"}, {"price": "0.03", "size": "34.93"}, {"price": "0.08", "size": "93"}, {"price": "0.09", "size": "112"}, {"price": "0.1", "size": "6"}, {"price": "0.11", "size": "1000"}, {"price": "0.15", "size": "500"}, {"price": "0.16", "size": "398.8"}, {"price": "0.17", "size": "30"}, {"price": "0.2", "size": "8.5"}, {"price": "0.21", "size": "10"}, {"price": "0.22", "size": "500"}, {"price": "0.24", "size": "180"}], "asks": [{"price": "0.99", "size": "2217.49"}, {"price": "0.98", "size": "1405.26"}, {"price": "0.97", "size": "17.72"}, {"price": "0.95", "size": "20"}, {"price": "0.93", "size": "300"}, {"price": "0.92", "size": "6.23"}, {"price": "0.9", "size": "200"}, {"price": "0.87", "size": "3030"}, {"price": "0.84", "size": "400"}, {"price": "0.83", "size": "20"}, {"price": "0.8", "size": "5"}, {"price": "0.76", "size": "268"}, {"price": "0.72", "size": "150"}, {"price": "0.61", "size": "196.45"}, {"price": "0.55", "size": "26.4"}, {"price": "0.5", "size": "5"}, {"price": "0.48", "size": "21.15"}, {"price": "0.47", "size": "125"}, {"price": "0.4", "size": "5"}, {"price": "0.39", "size": "10"}, {"price": "0.36", "size": "20.31"}, {"price": "0.35", "size": "67.95"}, {"price": "0.34", "size": "5"}], "event_type": "book", "last_trade_price": "0.200"}, {"market": "0xa3cf11c4cd5c39be6af763782278dd2ae871286e50413c736fc02e378c7b194a", "asset_id": "115499136196208654254049968774021214764893087674315074576157301876433223848835", "timestamp": "1769384474532", "hash": "2ba54b969d4465f8bd0c3afae8b552a080a3708e", "bids": [{"price": "0.01", "size": "2217.49"}, {"price": "0.02", "size": "1405.26"}, {"price": "0.03", "size": "17.72"}, {"price": "0.05", "size": "20"}, {"price": "0.07", "size": "300"}, {"price": "0.08", "size": "6.23"}, {"price": "0.1", "size": "200"}, {"price": "0.13", "size": "3030"}, {"price": "0.16", "size": "400"}, {"price": "0.17", "size": "20"}, {"price": "0.2", "size": "5"}, {"price": "0.24", "size": "268"}, {"price": "0.28", "size": "150"}, {"price": "0.39", "size": "196.45"}, {"price": "0.45", "size": "26.4"}, {"price": "0.5", "size": "5"}, {"price": "0.52", "size": "21.15"}, {"price": "0.53", "size": "125"}, {"price": "0.6", "size": "5"}, {"price": "0.61", "size": "10"}, {"price": "0.64", "size": "20.31"}, {"price": "0.65", "size": "67.95"}, {"price": "0.66", "size": "5"}], "asks": [{"price": "0.99", "size": "2063.99"}, {"price": "0.98", "size": "256.14"}, {"price": "0.97", "size": "34.93"}, {"price": "0.92", "size": "93"}, {"price": "0.91", "size": "112"}, {"price": "0.9", "size": "6"}, {"price": "0.89", "size": "1000"}, {"price": "0.85", "size": "500"}, {"price": "0.84", "size": "398.8"}, {"price": "0.83", "size": "30"}, {"price": "0.8", "size": "8.5"}, {"price": "0.79", "size": "10"}, {"price": "0.78", "size": "500"}, {"price": "0.76", "size": "180"}], "event_type": "book", "last_trade_price": "0.200"}]}
{"_local_timestamp": "2026-01-25T23:41:21.057998+00:00", "data": {"market": "0xa3cf11c4cd5c39be6af763782278dd2ae871286e50413c736fc02e378c7b194a", "price_changes": [{"asset_id": "115499136196208654254049968774021214764893087674315074576157301876433223848835", "price": "0.11", "size": "3818", "side": "BUY", "hash": "eeeeb9a9395d8a3bfb85475a661be6de75e49b30", "best_bid": "0.66", "best_ask": "0.76"}, {"asset_id": "47098692578463382240924923935626520236879739693617300734585244751793795800081", "price": "0.89", "size": "3818", "side": "SELL", "hash": "1fbe76a9c1f4c20e4ca15a87b960fa7d20165f95", "best_bid": "0.24", "best_ask": "0.34"}], "timestamp": "1769384480988", "event_type": "price_change"}}
{"_local_timestamp": "2026-01-25T23:41:50.790307+00:00", "data": {"market": "0xa3cf11c4cd5c39be6af763782278dd2ae871286e50413c736fc02e378c7b194a", "price_changes": [{"asset_id": "115499136196208654254049968774021214764893087674315074576157301876433223848835", "price": "0.07", "size": "0", "side": "BUY", "hash": "e03d47a472539c7d2c69ec91361c46d2f299052b", "best_bid": "0.66", "best_ask": "0.76"}, {"asset_id": "47098692578463382240924923935626520236879739693617300734585244751793795800081", "price": "0.93", "size": "0", "side": "SELL", "hash": "727dd5b5322e85230b4b15027b28c0184b3cee0c", "best_bid": "0.24", "best_ask": "0.34"}], "timestamp": "1769384510719", "event_type": "price_change"}}
{"_local_timestamp": "2026-01-25T23:41:52.918836+00:00", "data": {"market": "0xa3cf11c4cd5c39be6af763782278dd2ae871286e50413c736fc02e378c7b194a", "price_changes": [{"asset_id": "115499136196208654254049968774021214764893087674315074576157301876433223848835", "price": "0.1", "size": "500", "side": "BUY", "hash": "32b12a1735de91989e557fa395cae4c27be3f747", "best_bid": "0.66", "best_ask": "0.76"}, {"asset_id": "47098692578463382240924923935626520236879739693617300734585244751793795800081", "price": "0.9", "size": "500", "side": "SELL", "hash": "9a26dc51bb4fe87f2f3179040d96c9aec3fa0947", "best_bid": "0.24", "best_ask": "0.34"}], "timestamp": "1769384511848", "event_type": "price_change"}}
{"_local_timestamp": "2026-01-25T23:42:25.101015+00:00", "data": {"market": "0xa3cf11c4cd5c39be6af763782278dd2ae871286e50413c736fc02e378c7b194a", "price_changes": [{"asset_id": "115499136196208654254049968774021214764893087674315074576157301876433223848835", "price": "0.13", "size": "2805", "side": "BUY", "hash": "3517f5198a5f8c633587703ded46d83fe52437ba", "best_bid": "0.66", "best_ask": "0.76"}, {"asset_id": "47098692578463382240924923935626520236879739693617300734585244751793795800081", "price": "0.87", "size": "2805", "side": "SELL", "hash": "9c5ba7ebea8a1a673647ef66debb73e111fc38be", "best_bid": "0.24", "best_ask": "0.34"}], "timestamp": "1769384544877", "event_type": "price_change"}}
{"_local_timestamp": "2026-01-25T23:42:25.355921+00:00", "data": {"market": "0xa3cf11c4cd5c39be6af763782278dd2ae871286e50413c736fc02e378c7b194a", "price_changes": [{"asset_id": "115499136196208654254049968774021214764893087674315074576157301876433223848835", "price": "0.11", "size": "4043", "side": "BUY", "hash": "0fdedff901a7170538a76ca036b212134af42460", "best_bid": "0.66", "best_ask": "0.76"}, {"asset_id": "47098692578463382240924923935626520236879739693617300734585244751793795800081", "price": "0.89", "size": "4043", "side": "SELL", "hash": "eb021052bef0f542ae269084d7751c8cb540335e", "best_bid": "0.24", "best_ask": "0.34"}], "timestamp": "1769384545146", "event_type": "price_change"}}
{"_local_timestamp": "2026-01-25T23:42:40.322403+00:00", "data": {"market": "0xa3cf11c4cd5c39be6af763782278dd2ae871286e50413c736fc02e378c7b194a", "price_changes": [{"asset_id": "115499136196208654254049968774021214764893087674315074576157301876433223848835", "price": "0.03", "size": "0", "side": "BUY", "hash": "6f4a3c41852688a7399a0f2fae6e69238660d9e9", "best_bid": "0.66", "best_ask": "0.76"}, {"asset_id": "47098692578463382240924923935626520236879739693617300734585244751793795800081", "price": "0.97", "size": "0", "side": "SELL", "hash": "ea4cccfc468dd6b99f38311047c9c99343972796", "best_bid": "0.24", "best_ask": "0.34"}], "timestamp": "1769384560019", "event_type": "price_change"}}
{"_local_timestamp": "2026-01-25T23:42:40.322773+00:00", "data": {"market": "0xa3cf11c4cd5c39be6af763782278dd2ae871286e50413c736fc02e378c7b194a", "price_changes": [{"asset_id": "115499136196208654254049968774021214764893087674315074576157301876433223848835", "price": "0.08", "size": "0", "side": "BUY", "hash": "6f4a3c41852688a7399a0f2fae6e69238660d9e9", "best_bid": "0.66", "best_ask": "0.76"}, {"asset_id": "47098692578463382240924923935626520236879739693617300734585244751793795800081", "price": "0.92", "size": "0", "side": "SELL", "hash": "ea4cccfc468dd6b99f38311047c9c99343972796", "best_bid": "0.24", "best_ask": "0.34"}], "timestamp": "1769384560019", "event_type": "price_change"}}
{"_local_timestamp": "2026-01-25T23:42:40.524246+00:00", "data": {"market": "0xa3cf11c4cd5c39be6af763782278dd2ae871286e50413c736fc02e378c7b194a", "price_changes": [{"asset_id": "115499136196208654254049968774021214764893087674315074576157301876433223848835", "price": "0.04", "size": "5.34", "side": "BUY", "hash": "c0c0b82b5a5d63c8c9122a555fa684a4bbbed6d7", "best_bid": "0.66", "best_ask": "0.76"}, {"asset_id": "47098692578463382240924923935626520236879739693617300734585244751793795800081", "price": "0.96", "size": "5.34", "side": "SELL", "hash": "6536f7a86dddc2dae2d287cb59978d2654826d7f", "best_bid": "0.24", "best_ask": "0.34"}], "timestamp": "1769384560392", "event_type": "price_change"}}
{"_local_timestamp": "2026-01-25T23:42:40.533955+00:00", "data": {"market": "0xa3cf11c4cd5c39be6af763782278dd2ae871286e50413c736fc02e378c7b194a", "price_changes": [{"asset_id": "115499136196208654254049968774021214764893087674315074576157301876433223848835", "price": "0.06", "size": "11.44", "side": "BUY", "hash": "d205753a28fd09ad65f925c09bd7f5503edece67", "best_bid": "0.66", "best_ask": "0.76"}, {"asset_id": "47098692578463382240924923935626520236879739693617300734585244751793795800081", "price": "0.94", "size": "11.44", "side": "SELL", "hash": "3160392ed30789f9f47ce09d1c6296fce93cf141", "best_bid": "0.24", "best_ask": "0.34"}], "timestamp": "1769384560401", "event_type": "price_change"}}
{"_local_timestamp": "2026-01-25T23:42:40.545419+00:00", "data": {"market": "0xa3cf11c4cd5c39be6af763782278dd2ae871286e50413c736fc02e378c7b194a", "price_changes": [{"asset_id": "115499136196208654254049968774021214764893087674315074576157301876433223848835", "price": "0.02", "size": "1411.7", "side": "BUY", "hash": "30ee58f08c4e307084c9ae05425d50fe180c90c0", "best_bid": "0.66", "best_ask": "0.76"}, {"asset_id": "47098692578463382240924923935626520236879739693617300734585244751793795800081", "price": "0.98", "size": "1411.7", "side": "SELL", "hash": "d889937d08e9a773be19d0027fc46be968a3488e", "best_bid": "0.24", "best_ask": "0.34"}], "timestamp": "1769384560407", "event_type": "price_change"}}
{"_local_timestamp": "2026-01-25T23:43:45.136551+00:00", "data": {"market": "0xa3cf11c4cd5c39be6af763782278dd2ae871286e50413c736fc02e378c7b194a", "price_changes": [{"asset_id": "47098692578463382240924923935626520236879739693617300734585244751793795800081", "price": "0.01", "size": "63.99", "side": "BUY", "hash": "31b4c4773ae57babff581e4e42ad046d70b3a5eb", "best_bid": "0.24", "best_ask": "0.34"}, {"asset_id": "115499136196208654254049968774021214764893087674315074576157301876433223848835", "price": "0.99", "size": "63.99", "side": "SELL", "hash": "4f06b7e34aa8320d240d43b20b2d33392f7f2153", "best_bid": "0.66", "best_ask": "0.76"}], "timestamp": "1769384625001", "event_type": "price_change"}}
{"_local_timestamp": "2026-01-25T23:43:45.141323+00:00", "data": {"market": "0xa3cf11c4cd5c39be6af763782278dd2ae871286e50413c736fc02e378c7b194a", "price_changes": [{"asset_id": "47098692578463382240924923935626520236879739693617300734585244751793795800081", "price": "0.09", "size": "0", "side": "BUY", "hash": "9e7a8b8de427c2c2988d6a27837f7ce4479a4515", "best_bid": "0.24", "best_ask": "0.34"}, {"asset_id": "115499136196208654254049968774021214764893087674315074576157301876433223848835", "price": "0.91", "size": "0", "side": "SELL", "hash": "110e98a8762ef8e4ac257191d8f68fafe1fdc24d", "best_bid": "0.66", "best_ask": "0.76"}], "timestamp": "1769384625002", "event_type": "price_change"}}
