{"_local_timestamp": "2026-01-25T23:40:29.768611+00:00", "data": [{"market": "0x3e685c84773bd018fff4219185b904b2ef194671320f47648121d07d2ae2cc17", "asset_id": "38577956202894813911522423295759441226459985692799781876715891336671282746369", "timestamp": "1769380896496", "hash": "a282c1bf07ff3a2edcead9bbbf3d5bc5757a7c98", "bids": [{"price": "0.001", "size": "200"}, {"price": "0.002", "size": "92.76"}, {"price": "0.01", "size": "73"}, {"price": "0.011", "size": "100"}, {"price": "0.012", "size": "13.26"}, {"price": "0.02", "size": "25"}, {"price": "0.021", "size": "8.03"}, {"price": "0.03", "size": "74"}, {"price": "0.031", "size": "5.17"}, {"price": "0.04", "size": "20"}, {"price": "0.041", "size": "7.95"}, {"price": "0.06", "size": "218.26"}, {"price": "0.061", "size": "205"}], "asks": [{"price": "0.999", "size": "2205.08"}, {"price": "0.998", "size": "1255.04"}, {"price": "0.997", "size": "1000"}, {"price": "0.996", "size": "20.45"}, {"price": "0.99", "size": "73"}, {"price": "0.98", "size": "25"}, {"price": "0.979", "size": "14.47"}, {"price": "0.95", "size": "20"}, {"price": "0.91", "size": "400"}, {"price": "0.9", "size": "1000"}, {"price": "0.899", "size": "5.93"}, {"price": "0.86", "size": "242.85"}, {"price": "0.81", "size": "168.42"}, {"price": "0.77", "size": "121.73"}, {"price": "0.72", "size": "92.85"}, {"price": "0.67", "size": "72.72"}, {"price": "0.63", "size": "54.05"}, {"price": "0.13", "size": "665.44"}, {"price": "0.12", "size": "50018.94"}, {"price": "0.09", "size": "330"}, {"price": "0.088", "size": "20"}, {"price": "0.08", "size": "251.04"}, {"price": "0.079", "size": "92.34"}, {"price": "0.077", "size": "53.04"}], "event_type": "book", "last_trade_price": ""}, {"market": "0x3e685c84773bd018fff4219185b904b2ef194671320f47648121d07d2ae2cc17", "asset_id": "31239779091556707685216681559343622450417987997527657281659332570836878668226", "timestamp": "1769380896496", "hash": "4c06194e323d0cba01a4f7ecd835c71c1b49f73b", "bids": [{"price": "0.001", "size": "2205.08"}, {"price": "0.002", "size": "1255.04"}, {"price": "0.003", "size": "1000"}, {"price": "0.004", "size": "20.45"}, {"price": "0.01", "size": "73"}, {"price": "0.02", "size": "25"}, {"price": "0.021", "size": "14.47"}, {"price": "0.05", "size": "20"}, {"price": "0.09", "size": "400"}, {"price": "0.1", "size": "1000"}, {"price": "0.101", "size": "5.93"}, {"price": "0.14", "size": "242.85"}, {"price": "0.19", "size": "168.42"}, {"price": "0.23", "size": "121.73"}, {"price": "0.28", "size": "92.85"}, {"price": "0.33", "size": "72.72"}, {"price": "0.37", "size": "54.05"}, {"price": "0.87", "size": "665.44"}, {"price": "0.88", "size": "50018.94"}, {"price": "0.91", "size": "330"}, {"price": "0.912", "size": "20"}, {"price": "0.92", "size": "251.04"}, {"price": "0.921", "size": "92.34"}, {"price": "0.923", "size": "53.04"}], "asks": [{"price": "0.999", "size": "200"}, {"price": "0.998", "size": "92.76"}, {"price": "0.99", "size": "73"}, {"price": "0.989", "size": "100"}, {"price": "0.988", "size": "13.26"}, {"price": "0.98", "size": "25"}, {"price": "0.979", "size": "8.03"}, {"price": "0.97", "size": "74"}, {"price": "0.969", "size": "5.17"}, {"price": "0.96", "size": "20"}, {"price": "0.959", "size": "7.95"}, {"price": "0.94", "size": "218.26"}, {"price": "0.939", "size": "205"}], "event_type": "book", "last_trade_price": ""}]}
{"_local_timestamp": "2026-01-25T23:40:36.105029+00:00", "data": {"market": "0x3e685c84773bd018fff4219185b904b2ef194671320f47648121d07d2ae2cc17", "price_changes": [{"asset_id": "38577956202894813911522423295759441226459985692799781876715891336671282746369", "price": "0.041", "size": "0", "side": "BUY", "hash": "9262c9e40b8f63c773c11fd7be824b4f65d1e8a0", "best_bid": "0.061", "best_ask": "0.077"}, {"asset_id": "31239779091556707685216681559343622450417987997527657281659332570836878668226", "price": "0.959", "size": "0", "side": "SELL", "hash": "2d28bce111321d70673cf3635bc1357f0a8ee424", "best_bid": "0.923", "best_ask": "0.939"}], "timestamp": "1769384436000", "event_type": "price_change"}}
{"_local_timestamp": "2026-01-25T23:40:36.111375+00:00", "data": {"market": "0x3e685c84773bd018fff4219185b904b2ef194671320f47648121d07d2ae2cc17", "price_changes": [{"asset_id": "31239779091556707685216681559343622450417987997527657281659332570836878668226", "price": "0.101", "size": "0", "side": "BUY", "hash": "5509d7b482159c66e217bae58559b51db66f860b", "best_bid": "0.923", "best_ask": "0.939"}, {"asset_id": "38577956202894813911522423295759441226459985692799781876715891336671282746369", "price": "0.899", "size": "0", "side": "SELL", "hash": "6d37714e4714b8f035fc95a7e27e6f282ef6edb3", "best_bid": "0.061", "best_ask": "0.077"}], "timestamp": "1769384436036", "event_type": "price_change"}}
{"_local_timestamp": "2026-01-25T23:40:36.124261+00:00", "data": {"market": "0x3e685c84773bd018fff4219185b904b2ef194671320f47648121d07d2ae2cc17", "price_changes": [{"asset_id": "31239779091556707685216681559343622450417987997527657281659332570836878668226", "price": "0.021", "size": "0", "side": "BUY", "hash": "5509d7b482159c66e217bae58559b51db66f860b", "best_bid": "0.923", "best_ask": "0.939"}, {"asset_id": "38577956202894813911522423295759441226459985692799781876715891336671282746369", "price": "0.979", "size": "0", "side": "SELL", "hash": "6d37714e4714b8f035fc95a7e27e6f282ef6edb3", "best_bid": "0.061", "best_ask": "0.077"}], "timestamp": "1769384436036", "event_type": "price_change"}}
{"_local_timestamp": "2026-01-25T23:40:36.125284+00:00", "data": {"market": "0x3e685c84773bd018fff4219185b904b2ef194671320f47648121d07d2ae2cc17", "price_changes": [{"asset_id": "31239779091556707685216681559343622450417987997527657281659332570836878668226", "price": "0.004", "size": "0", "side": "BUY", "hash": "06ee0d50983d233ef74ecb2db0c49d1c3ab3fb92", "best_bid": "0.923", "best_ask": "0.939"}, {"asset_id": "38577956202894813911522423295759441226459985692799781876715891336671282746369", "price": "0.996", "size": "0", "side": "SELL", "hash": "2ef617b4cad8913b37a1d0a8a477eabac31fa2df", "best_bid": "0.061", "best_ask": "0.077"}], "timestamp": "1769384436038", "event_type": "price_change"}}
{"_local_timestamp": "2026-01-25T23:40:36.125860+00:00", "data": {"market": "0x3e685c84773bd018fff4219185b904b2ef194671320f47648121d07d2ae2cc17", "price_changes": [{"asset_id": "38577956202894813911522423295759441226459985692799781876715891336671282746369", "price": "0.012", "size": "0", "side": "BUY", "hash": "2ef617b4cad8913b37a1d0a8a477eabac31fa2df", "best_bid": "0.061", "best_ask": "0.077"}, {"asset_id": "31239779091556707685216681559343622450417987997527657281659332570836878668226", "price": "0.988", "size": "0", "side": "SELL", "hash": "06ee0d50983d233ef74ecb2db0c49d1c3ab3fb92", "best_bid": "0.923", "best_ask": "0.939"}], "timestamp": "1769384436038", "event_type": "price_change"}}
{"_local_timestamp": "2026-01-25T23:40:36.126623+00:00", "data": {"market": "0x3e685c84773bd018fff4219185b904b2ef194671320f47648121d07d2ae2cc17", "price_changes": [{"asset_id": "38577956202894813911522423295759441226459985692799781876715891336671282746369", "price": "0.002", "size": "0", "side": "BUY", "hash": "32f931964d971c4922ee621690f8aa9a2bc1cdb9", "best_bid": "0.061", "best_ask": "0.077"}, {"asset_id": "31239779091556707685216681559343622450417987997527657281659332570836878668226", "price": "0.998", "size": "0", "side": "SELL", "hash": "7699931cee71a90b5c0fc6580f1afbe63cf56b2a", "best_bid": "0.923", "best_ask": "0.939"}], "timestamp": "1769384436039", "event_type": "price_change"}}
{"_local_timestamp": "2026-01-25T23:40:36.127401+00:00", "data": {"market": "0x3e685c84773bd018fff4219185b904b2ef194671320f47648121d07d2ae2cc17", "price_changes": [{"asset_id": "38577956202894813911522423295759441226459985692799781876715891336671282746369", "price": "0.031", "size": "0", "side": "BUY", "hash": "32f931964d971c4922ee621690f8aa9a2bc1cdb9", "best_bid": "0.061", "best_ask": "0.077"}, {"asset_id": "31239779091556707685216681559343622450417987997527657281659332570836878668226", "price": "0.969", "size": "0", "side": "SELL", "hash": "7699931cee71a90b5c0fc6580f1afbe63cf56b2a", "best_bid": "0.923", "best_ask": "0.939"}], "timestamp": "1769384436039", "event_type": "price_change"}}
{"_local_timestamp": "2026-01-25T23:40:36.127773+00:00", "data": {"market": "0x3e685c84773bd018fff4219185b904b2ef194671320f47648121d07d2ae2cc17", "price_changes": [{"asset_id": "31239779091556707685216681559343622450417987997527657281659332570836878668226", "price": "0.001", "size": "2200", "side": "BUY", "hash": "7699931cee71a90b5c0fc6580f1afbe63cf56b2a", "best_bid": "0.923", "best_ask": "0.939"}, {"asset_id": "38577956202894813911522423295759441226459985692799781876715891336671282746369", "price": "0.999", "size": "2200", "side": "SELL", "hash": "32f931964d971c4922ee621690f8aa9a2bc1cdb9", "best_bid": "0.061", "best_ask": "0.077"}], "timestamp": "1769384436039", "event_type": "price_change"}}
{"_local_timestamp": "2026-01-25T23:40:36.128081+00:00", "data": {"market": "0x3e685c84773bd018fff4219185b904b2ef194671320f47648121d07d2ae2cc17", "price_changes": [{"asset_id": "38577956202894813911522423295759441226459985692799781876715891336671282746369", "price": "0.021", "size": "0", "side": "BUY", "hash": "32f931964d971c4922ee621690f8aa9a2bc1cdb9", "best_bid": "0.061", "best_ask": "0.077"}, {"asset_id": "31239779091556707685216681559343622450417987997527657281659332570836878668226", "price": "0.979", "size": "0", "side": "SELL", "hash": "7699931cee71a90b5c0fc6580f1afbe63cf56b2a", "best_bid": "0.923", "best_ask": "0.939"}], "timestamp": "1769384436039", "event_type": "price_change"}}
{"_local_timestamp": "2026-01-25T23:40:36.128450+00:00", "data": {"market": "0x3e685c84773bd018fff4219185b904b2ef194671320f47648121d07d2ae2cc17", "price_changes": [{"asset_id": "31239779091556707685216681559343622450417987997527657281659332570836878668226", "price": "0.002", "size": "1250", "side": "BUY", "hash": "3f788557e1307400fd20ee43446b7c44e513c1a6", "best_bid": "0.923", "best_ask": "0.939"}, {"asset_id": "38577956202894813911522423295759441226459985692799781876715891336671282746369", "price": "0.998", "size": "1250", "side": "SELL", "hash": "28759e00eff93d62d0e2038f6281d685603c7046", "best_bid": "0.061", "best_ask": "0.077"}], "timestamp": "1769384436040", "event_type": "price_change"}}
{"_local_timestamp": "2026-01-25T23:40:38.115957+00:00", "data": {"market": "0x3e685c84773bd018fff4219185b904b2ef194671320f47648121d07d2ae2cc17", "price_changes": [{"asset_id": "31239779091556707685216681559343622450417987997527657281659332570836878668226", "price": "0.021", "size": "14.47", "side": "BUY", "hash": "b703e8651cd05c40a486915ed7971bf684ad3ea3", "best_bid": "0.923", "best_ask": "0.939"}, {"asset_id": "38577956202894813911522423295759441226459985692799781876715891336671282746369", "price": "0.979", "size": "14.47", "side": "SELL", "hash": "52426133afd491d9ea13aa83856359d8fac98ac8", "best_bid": "0.061", "best_ask": "0.077"}], "timestamp": "1769384438045", "event_type": "price_change"}}
{"_local_timestamp": "2026-01-25T23:40:38.116458+00:00", "data": {"market": "0x3e685c84773bd018fff4219185b904b2ef194671320f47648121d07d2ae2cc17", "price_changes": [{"asset_id": "31239779091556707685216681559343622450417987997527657281659332570836878668226", "price": "0.004", "size": "20.45", "side": "BUY", "hash": "46dfe414c37a502203c8fbaa5afc6fa8b23a6738", "best_bid": "0.923", "best_ask": "0.939"}, {"asset_id": "38577956202894813911522423295759441226459985692799781876715891336671282746369", "price": "0.996", "size": "20.45", "side": "SELL", "hash": "5ea16069dcd86e4dc5ad4dcceb7c384d8091dcae", "best_bid": "0.061", "best_ask": "0.077"}], "timestamp": "1769384438046", "event_type": "price_change"}}
{"_local_timestamp": "2026-01-25T23:40:38.116838+00:00", "data": {"market": "0x3e685c84773bd018fff4219185b904b2ef194671320f47648121d07d2ae2cc17", "price_changes": [{"asset_id": "31239779091556707685216681559343622450417987997527657281659332570836878668226", "price": "0.002", "size": "1255.04", "side": "BUY", "hash": "ca25451d1b14a4f968118ea0c6c0787abb7e5fd5", "best_bid": "0.923", "best_ask": "0.939"}, {"asset_id": "38577956202894813911522423295759441226459985692799781876715891336671282746369", "price": "0.998", "size": "1255.04", "side": "SELL", "hash": "bf5ce806456220bf59b02bc68c18eb25767797f1", "best_bid": "0.061", "best_ask": "0.077"}], "timestamp": "1769384438047", "event_type": "price_change"}}
{"_local_timestamp": "2026-01-25T23:40:38.123863+00:00", "data": {"market": "0x3e685c84773bd018fff4219185b904b2ef194671320f47648121d07d2ae2cc17", "price_changes": [{"asset_id": "38577956202894813911522423295759441226459985692799781876715891336671282746369", "price": "0.021", "size": "8.03", "side": "BUY", "hash": "02be023690196184911c93594f8d9471d61e8613", "best_bid": "0.061", "best_ask": "0.077"}, {"asset_id": "31239779091556707685216681559343622450417987997527657281659332570836878668226", "price": "0.979", "size": "8.03", "side": "SELL", "hash": "8e3f45c21b5d165b1a7fccc55f7b3fc01afe6f71", "best_bid": "0.923", "best_ask": "0.939"}], "timestamp": "1769384438048", "event_type": "price_change"}}
{"_local_timestamp": "2026-01-25T23:40:38.124599+00:00", "data": {"market": "0x3e685c84773bd018fff4219185b904b2ef194671320f47648121d07d2ae2cc17", "price_changes": [{"asset_id": "38577956202894813911522423295759441226459985692799781876715891336671282746369", "price": "0.041", "size": "7.95", "side": "BUY", "hash": "7c3aad1697a620fe4ca4af61231dd6747316bfbe", "best_bid": "0.061", "best_ask": "0.077"}, {"asset_id": "31239779091556707685216681559343622450417987997527657281659332570836878668226", "price": "0.959", "size": "7.95", "side": "SELL", "hash": "0110291467b1c8ec9cf5f00a4f200e2b5bab7237", "best_bid": "0.923", "best_ask": "0.939"}], "timestamp": "1769384438049", "event_type": "price_change"}}
{"_local_timestamp": "2026-01-25T23:40:38.124909+00:00", "data": {"market": "0x3e685c84773bd018fff4219185b904b2ef194671320f47648121d07d2ae2cc17", "price_changes": [{"asset_id": "38577956202894813911522423295759441226459985692799781876715891336671282746369", "price": "0.031", "size": "5.17", "side": "BUY", "hash": "8f60a20f8b3f5ee4f20b8d7d68c3c36b09cc56e8", "best_bid": "0.061", "best_ask": "0.077"}, {"asset_id": "31239779091556707685216681559343622450417987997527657281659332570836878668226", "price": "0.969", "size": "5.17", "side": "SELL", "hash": "0503a85984906495c9d5aaf3c4fafda8f05e8317", "best_bid": "0.923", "best_ask": "0.939"}], "timestamp": "1769384438050", "event_type": "price_change"}}
{"_local_timestamp": "2026-01-25T23:40:38.125178+00:00", "data": {"market": "0x3e685c84773bd018fff4219185b904b2ef194671320f47648121d07d2ae2cc17", "price_changes": [{"asset_id": "31239779091556707685216681559343622450417987997527657281659332570836878668226", "price": "0.101", "size": "5.93", "side": "BUY", "hash": "23586c62eb22ad3f631824fc8f9b567d5d9a685b", "best_bid": "0.923", "best_ask": "0.939"}, {"asset_id": "38577956202894813911522423295759441226459985692799781876715891336671282746369", "price": "0.899", "size": "5.93", "side": "SELL", "hash": "f3844ba473a6ce904901112778965dbb07cb7263", "best_bid": "0.061", "best_ask": "0.077"}], "timestamp": "1769384438051", "event_type": "price_change"}}
{"_local_timestamp": "2026-01-25T23:40:38.125460+00:00", "data": {"market": "0x3e685c84773bd018fff4219185b904b2ef194671320f47648121d07d2ae2cc17", "price_changes": [{"asset_id": "31239779091556707685216681559343622450417987997527657281659332570836878668226", "price": "0.001", "size": "2205.08", "side": "BUY", "hash": "b770a3b36fc008bdae69bde356b300f852a3bc3d", "best_bid": "0.923", "best_ask": "0.939"}, {"asset_id": "38577956202894813911522423295759441226459985692799781876715891336671282746369", "price": "0.999", "size": "2205.08", "side": "SELL", "hash": "fda827eb89de408e25a6ec5c6c7faf4e1676a2a8", "best_bid": "0.061", "best_ask": "0.077"}], "timestamp": "1769384438052", "event_type": "price_change"}}
{"_local_timestamp": "2026-01-25T23:40:38.125700+00:00", "data": {"market": "0x3e685c84773bd018fff4219185b904b2ef194671320f47648121d07d2ae2cc17", "price_changes": [{"asset_id": "38577956202894813911522423295759441226459985692799781876715891336671282746369", "price": "0.012", "size": "13.26", "side": "BUY", "hash": "850119200e20562e3d729c7fec7be6974919ef65", "best_bid": "0.061", "best_ask": "0.077"}, {"asset_id": "31239779091556707685216681559343622450417987997527657281659332570836878668226", "price": "0.988", "size": "13.26", "side": "SELL", "hash": "b6f534aca49c6c1cc85732edce73df9d82194db3", "best_bid": "0.923", "best_ask": "0.939"}], "timestamp": "1769384438053", "event_type": "price_change"}}
{"_local_timestamp": "2026-01-25T23:40:38.126621+00:00", "data": {"market": "0x3e685c84773bd018fff4219185b904b2ef194671320f47648121d07d2ae2cc17", "price_changes": [{"asset_id": "38577956202894813911522423295759441226459985692799781876715891336671282746369", "price": "0.002", "size": "92.76", "side": "BUY", "hash": "1343ae8db524ac083fa7829b1ff30b3d4f9b79af", "best_bid": "0.061", "best_ask": "0.077"}, {"asset_id": "31239779091556707685216681559343622450417987997527657281659332570836878668226", "price": "0.998", "size": "92.76", "side": "SELL", "hash": "89e3b91043f2857887ce6f4f991659e7741e8f8c", "best_bid": "0.923", "best_ask": "0.939"}], "timestamp": "1769384438054", "event_type": "price_change"}}
