{"_local_timestamp": "2026-01-25T23:34:08.940169+00:00", "data": [{"market": "0xc8afc523ed503b2ba4ccddb9264849f3c7ba762955fe076d7e9f99956d4d4fe3", "asset_id": "96294011355260316189025971928658663903638053525490956346546465817337788010886", "timestamp": "1769379276548", "hash": "01a877cabe530fba29652b8b63fda9cf71aef010", "bids": [{"price": "0.01", "size": "639.02"}, {"price": "0.02", "size": "12.78"}, {"price": "0.05", "size": "80"}, {"price": "0.06", "size": "33"}], "asks": [{"price": "0.99", "size": "239.46"}, {"price": "0.98", "size": "12.08"}, {"price": "0.95", "size": "100"}, {"price": "0.94", "size": "33"}, {"price": "0.86", "size": "92.85"}, {"price": "0.85", "size": "73.33"}, {"price": "0.66", "size": "200"}, {"price": "0.63", "size": "100"}], "event_type": "book", "last_trade_price": ""}, {"market": "0xf4230713146e5c81f377690cea9e0efa7f60f689c43780ff723f5e5a7e44e24a", "asset_id": "37995865710190270179718547366538390732962615179038427678158754150161845674066", "timestamp": "1769383483974", "hash": "e4f2826e8ebbf0049190d3f71ed21fbdc72e0370", "bids": [{"price": "0.01", "size": "239.02"}, {"price": "0.02", "size": "10.6"}, {"price": "0.05", "size": "90"}, {"price": "0.06", "size": "49.66"}], "asks": [{"price": "0.99", "size": "238.99"}, {"price": "0.98", "size": "12.33"}, {"price": "0.95", "size": "100"}, {"price": "0.94", "size": "33"}, {"price": "0.81", "size": "200"}, {"price": "0.78", "size": "100"}], "event_type": "book", "last_trade_price": ""}, {"market": "0xd227c464e2c777a38b84a399391338f75ae93e38b46d48510f1572b39a6328b6", "asset_id": "83105879256740045765392271323804331012797641535329556973861145863972293860851", "timestamp": "1769379304287", "hash": "0d78c5decef9e2f9dbfb3bffdd663f4d1af10c39", "bids": [{"price": "0.01", "size": "238.97"}, {"price": "0.02", "size": "12.31"}, {"price": "0.03", "size": "150"}, {"price": "0.05", "size": "100"}, {"price": "0.06", "size": "33"}], "asks": [{"price": "0.99", "size": "230"}, {"price": "0.98", "size": "12.31"}, {"price": "0.95", "size": "100"}, {"price": "0.94", "size": "233"}, {"price": "0.93", "size": "100"}], "event_type": "book", "last_trade_price": ""}, {"market": "0x9936e890461bde9060ee99691b74da02adcab5a747fbba1d3c405790061693e0", "asset_id": "107858301529340728445525312512876189677950200234681190667574745009713722997771", "timestamp": "1769382224344", "hash": "e58be1a16fd7f73fa51c7f40810bc9b87d5decc1", "bids": [{"price": "0.01", "size": "236.56"}, {"price": "0.02", "size": "12.34"}, {"price": "0.05", "size": "75.47"}], "asks": [{"price": "0.99", "size": "238.99"}, {"price": "0.98", "size": "12.33"}, {"price": "0.95", "size": "100"}, {"price": "0.94", "size": "33"}, {"price": "0.55", "size": "200"}, {"price": "0.52", "size": "100"}], "event_type": "book", "last_trade_price": ""}, {"market": "0xc8afc523ed503b2ba4ccddb9264849f3c7ba762955fe076d7e9f99956d4d4fe3", "asset_id": "83069012264367788714347829034975731487214864835846458443027457908961244667530", "timestamp": "1769379276548", "hash": "1da7b3d8837df4d1d2a843962169d803f4e53c04", "bids": [{"price": "0.01", "size": "239.46"}, {"price": "0.02", "size": "12.08"}, {"price": "0.05", "size": "100"}, {"price": "0.06", "size": "33"}, {"price": "0.14", "size": "92.85"}, {"price": "0.15", "size": "73.33"}, {"price": "0.34", "size": "200"}, {"price": "0.37", "size": "100"}], "asks": [{"price": "0.99", "size": "639.02"}, {"price": "0.98", "size": "12.78"}, {"price": "0.95", "size": "80"}, {"price": "0.94", "size": "33"}], "event_type": "book", "last_trade_price": ""}, {"market": "0x9e0794ad0e1cdbbc57feacff108df96586433835a3446313e32662c4e8324f45", "asset_id": "75657299777896508948613741784258662033752645986858134595108416876784824625543", "timestamp": "1769383721981", "hash": "f19080a1cee47d00f23f35872e79b93ae920c6be", "bids": [{"price": "0.01", "size": "238.96"}, {"price": "0.02", "size": "10.53"}, {"price": "0.05", "size": "100"}, {"price": "0.06", "size": "33"}, {"price": "0.08", "size": "162.5"}, {"price": "0.09", "size": "61.11"}, {"price": "0.1", "size": "200"}, {"price": "0.13", "size": "100"}], "asks": [{"price": "0.99", "size": "789.07"}, {"price": "0.98", "size": "10.49"}, {"price": "0.95", "size": "100"}, {"price": "0.94", "size": "33"}], "event_type": "book", "last_trade_price": ""}, {"market": "0xd227c464e2c777a38b84a399391338f75ae93e38b46d48510f1572b39a6328b6", "asset_id": "49086467146523825248838707655266273867553195767761764968124598508128487309815", "timestamp": "1769379304287", "hash": "0675ba4367e63e1d0740ae358abadf4b8140cb23", "bids": [{"price": "0.01", "size": "230"}, {"price": "0.02", "size": "12.31"}, {"price": "0.05", "size": "100"}, {"price": "0.06", "size": "233"}, {"price": "0.07", "size": "100"}], "asks": [{"price": "0.99", "size": "238.97"}, {"price": "0.98", "size": "12.31"}, {"price": "0.97", "size": "150"}, {"price": "0.95", "size": "100"}, {"price": "0.94", "size": "33"}], "event_type": "book", "last_trade_price": ""}, {"market": "0x9936e890461bde9060ee99691b74da02adcab5a747fbba1d3c405790061693e0", "asset_id": "17268853822244402964249435214328566258125707802212354252475465176548792103744", "timestamp": "1769382224344", "hash": "f8367df8971235e7974c88eb42d7aba273250523", "bids": [{"price": "0.01", "size": "238.99"}, {"price": "0.02", "size": "12.33"}, {"price": "0.05", "size": "100"}, {"price": "0.06", "size": "33"}, {"price": "0.45", "size": "200"}, {"price": "0.48", "size": "100"}], "asks": [{"price": "0.99", "size": "236.56"}, {"price": "0.98", "size": "12.34"}, {"price": "0.95", "size": "75.47"}], "event_type": "book", "last_trade_price": ""}, {"market": "0xf4230713146e5c81f377690cea9e0efa7f60f689c43780ff723f5e5a7e44e24a", "asset_id": "62230842629413492817708012096114421171405373482829733833512083750271283303324", "timestamp": "1769383483974", "hash": "7e6f9299dfaf072c9eae83b39982eaaf18d1f9b3", "bids": [{"price": "0.01", "size": "238.99"}, {"price": "0.02", "size": "12.33"}, {"price": "0.05", "size": "100"}, {"price": "0.06", "size": "33"}, {"price": "0.19", "size": "200"}, {"price": "0.22", "size": "100"}], "asks": [{"price": "0.99", "size": "239.02"}, {"price": "0.98", "size": "10.6"}, {"price": "0.95", "size": "90"}, {"price": "0.94", "size": "49.66"}], "event_type": "book", "last_trade_price": ""}, {"market": "0x9e0794ad0e1cdbbc57feacff108df96586433835a3446313e32662c4e8324f45", "asset_id": "100527511200165536898458617516240683974795907825453095748533795622283192641675", "timestamp": "1769383721981", "hash": "ce4df37ed1385d0a8dcfd6408356567d3699d588", "bids": [{"price": "0.01", "size": "789.07"}, {"price": "0.02", "size": "10.49"}, {"price": "0.05", "size": "100"}, {"price": "0.06", "size": "33"}], "asks": [{"price": "0.99", "size": "238.96"}, {"price": "0.98", "size": "10.53"}, {"price": "0.95", "size": "100"}, {"price": "0.94", "size": "33"}, {"price": "0.92", "size": "162.5"}, {"price": "0.91", "size": "61.11"}, {"price": "0.9", "size": "200"}, {"price": "0.87", "size": "100"}], "event_type": "book", "last_trade_price": ""}]}
