{"_local_timestamp": "2026-01-25T23:41:07.842472+00:00", "data": [{"market": "0xbcd59ea0d92fa49520ae6aeb29fd9789df9e3ef5fe93e596502216452ae000ae", "asset_id": "40960086398108214612732823753433381935048063454018894181505477869533494027111", "timestamp": "1769383673200", "hash": "78f5938df3c0a4ea76d980e676cccde6e3461d03", "bids": [{"price": "0.01", "size": "752.54"}, {"price": "0.02", "size": "661.64"}, {"price": "0.03", "size": "200"}, {"price": "0.04", "size": "119.7"}, {"price": "0.05", "size": "20"}, {"price": "0.06", "size": "5.47"}], "asks": [{"price": "0.99", "size": "354.81"}, {"price": "0.98", "size": "163.06"}, {"price": "0.97", "size": "183.33"}, {"price": "0.96", "size": "631.33"}, {"price": "0.95", "size": "105"}, {"price": "0.94", "size": "10.98"}, {"price": "0.93", "size": "185.71"}, {"price": "0.9", "size": "5"}, {"price": "0.89", "size": "158"}, {"price": "0.88", "size": "5.65"}, {"price": "0.8", "size": "10"}], "event_type": "book", "last_trade_price": ""}, {"market": "0x10f80ef986200b932bb0ca55843ee3e651299a74142cfa7ddcbeedb37c838f1c", "asset_id": "75402977420904612575747771429727735883351598285790889985044969018176285240846", "timestamp": "1769383623632", "hash": "c62eb1cdf4df9d6fd11be71a216ee964f88e82a6", "bids": [{"price": "0.01", "size": "264.81"}, {"price": "0.02", "size": "164.03"}, {"price": "0.03", "size": "183.33"}, {"price": "0.04", "size": "506.53"}, {"price": "0.05", "size": "230"}, {"price": "0.06", "size": "7.83"}, {"price": "0.08", "size": "162.5"}, {"price": "0.11", "size": "83"}, {"price": "0.12", "size": "7"}, {"price": "0.2", "size": "10"}], "asks": [{"price": "0.99", "size": "662.54"}, {"price": "0.98", "size": "855.96"}, {"price": "0.97", "size": "14.06"}, {"price": "0.96", "size": "12"}, {"price": "0.95", "size": "20"}, {"price": "0.94", "size": "184.7"}, {"price": "0.93", "size": "10.57"}], "event_type": "book", "last_trade_price": ""}, {"market": "0xf75921433a80f4eb6509775ca3fddaaa66d8a25c8de9dea593fb9d6d94ab224d", "asset_id": "93080325080196787034680135516308415636066931800765613554249477144102222069825", "timestamp": "1769382483678", "hash": "3ee07077e511efd8c0752aa51a0f281ee3396d34", "bids": [{"price": "0.01", "size": "354.81"}, {"price": "0.02", "size": "164.03"}, {"price": "0.03", "size": "183.33"}, {"price": "0.04", "size": "506.53"}, {"price": "0.05", "size": "230"}, {"price": "0.06", "size": "5.97"}, {"price": "0.07", "size": "185.71"}, {"price": "0.08", "size": "92"}, {"price": "0.09", "size": "158"}, {"price": "0.1", "size": "9.51"}, {"price": "0.2", "size": "10"}], "asks": [{"price": "0.99", "size": "752.54"}, {"price": "0.98", "size": "855.97"}, {"price": "0.97", "size": "14.06"}, {"price": "0.96", "size": "12"}, {"price": "0.95", "size": "20"}, {"price": "0.94", "size": "169"}, {"price": "0.93", "size": "19.67"}], "event_type": "book", "last_trade_price": ""}, {"market": "0x10f80ef986200b932bb0ca55843ee3e651299a74142cfa7ddcbeedb37c838f1c", "asset_id": "81982686617513250007993653756701592427021011614222973580992780591206392927177", "timestamp": "1769383623632", "hash": "9abc2c2f34ea86eb77ad65124c1216fcc4fa71b6", "bids": [{"price": "0.01", "size": "662.54"}, {"price": "0.02", "size": "855.96"}, {"price": "0.03", "size": "14.06"}, {"price": "0.04", "size": "12"}, {"price": "0.05", "size": "20"}, {"price": "0.06", "size": "184.7"}, {"price": "0.07", "size": "10.57"}], "asks": [{"price": "0.99", "size": "264.81"}, {"price": "0.98", "size": "164.03"}, {"price": "0.97", "size": "183.33"}, {"price": "0.96", "size": "506.53"}, {"price": "0.95", "size": "230"}, {"price": "0.94", "size": "7.83"}, {"price": "0.92", "size": "162.5"}, {"price": "0.89", "size": "83"}, {"price": "0.88", "size": "7"}, {"price": "0.8", "size": "10"}], "event_type": "book", "last_trade_price": ""}, {"market": "0xbcd59ea0d92fa49520ae6aeb29fd9789df9e3ef5fe93e596502216452ae000ae", "asset_id": "36371368452295028443999748942836682872535233852959055248105098267859378632196", "timestamp": "1769383673200", "hash": "255602a54955b0bae050185ba19a1ef47b610805", "bids": [{"price": "0.01", "size": "354.81"}, {"price": "0.02", "size": "163.06"}, {"price": "0.03", "size": "183.33"}, {"price": "0.04", "size": "631.33"}, {"price": "0.05", "size": "105"}, {"price": "0.06", "size": "10.98"}, {"price": "0.07", "size": "185.71"}, {"price": "0.1", "size": "5"}, {"price": "0.11", "size": "158"}, {"price": "0.12", "size": "5.65"}, {"price": "0.2", "size": "10"}], "asks": [{"price": "0.99", "size": "752.54"}, {"price": "0.98", "size": "661.64"}, {"price": "0.97", "size": "200"}, {"price": "0.96", "size": "119.7"}, {"price": "0.95", "size": "20"}, {"price": "0.94", "size": "5.47"}], "event_type": "book", "last_trade_price": ""}, {"market": "0xf75921433a80f4eb6509775ca3fddaaa66d8a25c8de9dea593fb9d6d94ab224d", "asset_id": "23890407451275456662262820105356908739114917070550936577453189524091513340712", "timestamp": "1769382483678", "hash": "25a677c7d4a039b17ed3a314f5055456248b7a97", "bids": [{"price": "0.01", "size": "752.54"}, {"price": "0.02", "size": "855.97"}, {"price": "0.03", "size": "14.06"}, {"price": "0.04", "size": "12"}, {"price": "0.05", "size": "20"}, {"price": "0.06", "size": "169"}, {"price": "0.07", "size": "19.67"}], "asks": [{"price": "0.99", "size": "354.81"}, {"price": "0.98", "size": "164.03"}, {"price": "0.97", "size": "183.33"}, {"price": "0.96", "size": "506.53"}, {"price": "0.95", "size": "230"}, {"price": "0.94", "size": "5.97"}, {"price": "0.93", "size": "185.71"}, {"price": "0.92", "size": "92"}, {"price": "0.91", "size": "158"}, {"price": "0.9", "size": "9.51"}, {"price": "0.8", "size": "10"}], "event_type": "book", "last_trade_price": ""}]}
{"_local_timestamp": "2026-01-25T23:43:08.187071+00:00", "data": {"market": "0xf75921433a80f4eb6509775ca3fddaaa66d8a25c8de9dea593fb9d6d94ab224d", "price_changes": [{"asset_id": "93080325080196787034680135516308415636066931800765613554249477144102222069825", "price": "0.02", "size": "14.03", "side": "BUY", "hash": "093ce462e6fc01292d8838737e7e979f4266fb7b", "best_bid": "0.2", "best_ask": "0.93"}, {"asset_id": "23890407451275456662262820105356908739114917070550936577453189524091513340712", "price": "0.98", "size": "14.03", "side": "SELL", "hash": "d1e276195d35b5307113a15a83bf0f89a17c5f44", "best_bid": "0.07", "best_ask": "0.8"}], "timestamp": "1769384588003", "event_type": "price_change"}}
{"_local_timestamp": "2026-01-25T23:43:08.190675+00:00", "data": {"market": "0xf75921433a80f4eb6509775ca3fddaaa66d8a25c8de9dea593fb9d6d94ab224d", "price_changes": [{"asset_id": "23890407451275456662262820105356908739114917070550936577453189524091513340712", "price": "0.02", "size": "705.97", "side": "BUY", "hash": "1a62dac9a136a881c0fcac2159da39773352e4f4", "best_bid": "0.07", "best_ask": "0.8"}, {"asset_id": "93080325080196787034680135516308415636066931800765613554249477144102222069825", "price": "0.98", "size": "705.97", "side": "SELL", "hash": "fc1f02986cecb152d2e5be61ee54e9ee26623b61", "best_bid": "0.2", "best_ask": "0.93"}], "timestamp": "1769384588006", "event_type": "price_change"}}
{"_local_timestamp": "2026-01-25T23:43:20.823499+00:00", "data": {"market": "0xf75921433a80f4eb6509775ca3fddaaa66d8a25c8de9dea593fb9d6d94ab224d", "price_changes": [{"asset_id": "23890407451275456662262820105356908739114917070550936577453189524091513340712", "price": "0.02", "size": "855.97", "side": "BUY", "hash": "b589b773d24b2a333e6c122497cccee1a968f4f9", "best_bid": "0.07", "best_ask": "0.8"}, {"asset_id": "93080325080196787034680135516308415636066931800765613554249477144102222069825", "price": "0.98", "size": "855.97", "side": "SELL", "hash": "0a544523c96ef0a36169eed6f7e2d935f4c56458", "best_bid": "0.2", "best_ask": "0.93"}], "timestamp": "1769384600758", "event_type": "price_change"}}
{"_local_timestamp": "2026-01-25T23:43:20.827101+00:00", "data": {"market": "0xf75921433a80f4eb6509775ca3fddaaa66d8a25c8de9dea593fb9d6d94ab224d", "price_changes": [{"asset_id": "93080325080196787034680135516308415636066931800765613554249477144102222069825", "price": "0.02", "size": "164.03", "side": "BUY", "hash": "ac086ae59843730fc28f376044f3f3581c2d74ea", "best_bid": "0.2", "best_ask": "0.93"}, {"asset_id": "23890407451275456662262820105356908739114917070550936577453189524091513340712", "price": "0.98", "size": "164.03", "side": "SELL", "hash": "1e43661486481e0fe3f70c07ef3b7c7530b15e70", "best_bid": "0.07", "best_ask": "0.8"}], "timestamp": "1769384600759", "event_type": "price_change"}}
