{"_local_timestamp": "2026-01-25T23:41:07.604808+00:00", "data": [{"market": "0x8694a94688f47d2931fad38573d09ddba1978a07f944b373a6d2136f6c457170", "asset_id": "87902460269109848416207297447577341258390822586986029876122593751376704736025", "timestamp": "1769384002825", "hash": "e3371e647fe5cf876417194e163cafc79f73dbf2", "bids": [{"price": "0.01", "size": "354.81"}, {"price": "0.02", "size": "431.67"}, {"price": "0.03", "size": "22.54"}, {"price": "0.04", "size": "300"}, {"price": "0.05", "size": "430"}, {"price": "0.06", "size": "8.22"}, {"price": "0.07", "size": "185.71"}, {"price": "0.09", "size": "46"}, {"price": "0.1", "size": "5.49"}, {"price": "0.2", "size": "10"}], "asks": [{"price": "0.99", "size": "752.54"}, {"price": "0.98", "size": "855.96"}, {"price": "0.97", "size": "14.06"}, {"price": "0.96", "size": "12"}, {"price": "0.95", "size": "20"}, {"price": "0.94", "size": "169"}, {"price": "0.93", "size": "19.67"}], "event_type": "book", "last_trade_price": ""}, {"market": "0xd817e382a80f5350f0dc114b8fe8b9d47da255289a600ad8b16cf3557065cca0", "asset_id": "6550457033679724328731407395135166148385425306671334159417624699101164497595", "timestamp": "1769383986008", "hash": "a548d7d8be92c6a972eb3a3687ecc660b7d8c653", "bids": [{"price": "0.01", "size": "271.95"}, {"price": "0.02", "size": "460.27"}, {"price": "0.03", "size": "406.6"}, {"price": "0.04", "size": "144.03"}, {"price": "0.05", "size": "30"}, {"price": "0.06", "size": "19.43"}, {"price": "0.07", "size": "185.71"}, {"price": "0.1", "size": "44"}, {"price": "0.13", "size": "10"}], "asks": [{"price": "0.99", "size": "667.54"}, {"price": "0.98", "size": "855.96"}, {"price": "0.97", "size": "264.06"}, {"price": "0.96", "size": "12"}, {"price": "0.95", "size": "20"}, {"price": "0.94", "size": "5.47"}], "event_type": "book", "last_trade_price": ""}, {"market": "0xd817e382a80f5350f0dc114b8fe8b9d47da255289a600ad8b16cf3557065cca0", "asset_id": "58232267264266421462647803129618281840929540940391644539280543555268453284850", "timestamp": "1769383986008", "hash": "cf55a406d68d43e321cad17f3438682a276e45b2", "bids": [{"price": "0.01", "size": "667.54"}, {"price": "0.02", "size": "855.96"}, {"price": "0.03", "size": "264.06"}, {"price": "0.04", "size": "12"}, {"price": "0.05", "size": "20"}, {"price": "0.06", "size": "5.47"}], "asks": [{"price": "0.99", "size": "271.95"}, {"price": "0.98", "size": "460.27"}, {"price": "0.97", "size": "406.6"}, {"price": "0.96", "size": "144.03"}, {"price": "0.95", "size": "30"}, {"price": "0.94", "size": "19.43"}, {"price": "0.93", "size": "185.71"}, {"price": "0.9", "size": "44"}, {"price": "0.87", "size": "10"}], "event_type": "book", "last_trade_price": ""}, {"market": "0x8694a94688f47d2931fad38573d09ddba1978a07f944b373a6d2136f6c457170", "asset_id": "41659579534286261863868801538607616064529809497507130570728323871064053762543", "timestamp": "1769384002825", "hash": "972c140e93ce81b398907bd146c5bcf721e6c8a0", "bids": [{"price": "0.01", "size": "752.54"}, {"price": "0.02", "size": "855.96"}, {"price": "0.03", "size": "14.06"}, {"price": "0.04", "size": "12"}, {"price": "0.05", "size": "20"}, {"price": "0.06", "size": "169"}, {"price": "0.07", "size": "19.67"}], "asks": [{"price": "0.99", "size": "354.81"}, {"price": "0.98", "size": "431.67"}, {"price": "0.97", "size": "22.54"}, {"price": "0.96", "size": "300"}, {"price": "0.95", "size": "430"}, {"price": "0.94", "size": "8.22"}, {"price": "0.93", "size": "185.71"}, {"price": "0.91", "size": "46"}, {"price": "0.9", "size": "5.49"}, {"price": "0.8", "size": "10"}], "event_type": "book", "last_trade_price": ""}, {"market": "0x7d400632be3d850aebd2ae723dcbd33c22e20018862ccb3fdd360e2ecd5dde72", "asset_id": "65156804756117301962822649930390392660535666320994496017649079317799822057374", "timestamp": "1769383986009", "hash": "af1bd7343013f5bd3167c86108b1e6ca171ef894", "bids": [{"price": "0.01", "size": "264.81"}, {"price": "0.02", "size": "431.67"}, {"price": "0.03", "size": "22.54"}, {"price": "0.04", "size": "300"}, {"price": "0.05", "size": "430"}, {"price": "0.06", "size": "8.22"}, {"price": "0.07", "size": "185.71"}, {"price": "0.09", "size": "46"}, {"price": "0.1", "size": "5.49"}, {"price": "0.2", "size": "10"}], "asks": [{"price": "0.99", "size": "662.54"}, {"price": "0.98", "size": "855.96"}, {"price": "0.97", "size": "14.06"}, {"price": "0.96", "size": "12"}, {"price": "0.95", "size": "26"}, {"price": "0.94", "size": "20.77"}], "event_type": "book", "last_trade_price": ""}, {"market": "0x7d400632be3d850aebd2ae723dcbd33c22e20018862ccb3fdd360e2ecd5dde72", "asset_id": "56127573391683344391340803172371175878957080738622962421345562340627377274608", "timestamp": "1769383986009", "hash": "a458cb9e5b7ba9010e5e51085f114e9aca7db77e", "bids": [{"price": "0.01", "size": "662.54"}, {"price": "0.02", "size": "855.96"}, {"price": "0.03", "size": "14.06"}, {"price": "0.04", "size": "12"}, {"price": "0.05", "size": "26"}, {"price": "0.06", "size": "20.77"}], "asks": [{"price": "0.99", "size": "264.81"}, {"price": "0.98", "size": "431.67"}, {"price": "0.97", "size": "22.54"}, {"price": "0.96", "size": "300"}, {"price": "0.95", "size": "430"}, {"price": "0.94", "size": "8.22"}, {"price": "0.93", "size": "185.71"}, {"price": "0.91", "size": "46"}, {"price": "0.9", "size": "5.49"}, {"price": "0.8", "size": "10"}], "event_type": "book", "last_trade_price": ""}]}
{"_local_timestamp": "2026-01-25T23:41:27.201917+00:00", "data": {"market": "0x8694a94688f47d2931fad38573d09ddba1978a07f944b373a6d2136f6c457170", "price_changes": [{"asset_id": "41659579534286261863868801538607616064529809497507130570728323871064053762543", "price": "0.02", "size": "705.96", "side": "BUY", "hash": "80ab6268d9fa02bc3850c86f91a09c4ff93ca525", "best_bid": "0.07", "best_ask": "0.8"}, {"asset_id": "87902460269109848416207297447577341258390822586986029876122593751376704736025", "price": "0.98", "size": "705.96", "side": "SELL", "hash": "6810c5515603a3dbf243c6b517fe7e528541e691", "best_bid": "0.2", "best_ask": "0.93"}], "timestamp": "1769384487000", "event_type": "price_change"}}
{"_local_timestamp": "2026-01-25T23:41:36.138089+00:00", "data": {"market": "0x8694a94688f47d2931fad38573d09ddba1978a07f944b373a6d2136f6c457170", "price_changes": [{"asset_id": "41659579534286261863868801538607616064529809497507130570728323871064053762543", "price": "0.02", "size": "855.96", "side": "BUY", "hash": "6bfea63c43aac9b387a8f10b8aae7e82665ea476", "best_bid": "0.07", "best_ask": "0.8"}, {"asset_id": "87902460269109848416207297447577341258390822586986029876122593751376704736025", "price": "0.98", "size": "855.96", "side": "SELL", "hash": "7127bc470cf64ddc4e4aeb8db8ae33010b21a0f7", "best_bid": "0.2", "best_ask": "0.93"}], "timestamp": "1769384496060", "event_type": "price_change"}}
