{"_local_timestamp": "2026-01-25T23:41:07.812786+00:00", "data": [{"market": "0x422351967adba4ae145571abdcb6b363327123ac3865e8829a79b3d7806f00d0", "asset_id": "109531586994142262473600650400360629448756690722439308348005741112599176760384", "timestamp": "1769383989353", "hash": "6fbea50bc80439371d75523a4007c393e068931d", "bids": [{"price": "0.01", "size": "265.43"}, {"price": "0.02", "size": "432.44"}, {"price": "0.03", "size": "18.73"}, {"price": "0.04", "size": "300"}, {"price": "0.05", "size": "355"}, {"price": "0.06", "size": "75"}, {"price": "0.07", "size": "191.52"}, {"price": "0.1", "size": "79"}, {"price": "0.11", "size": "6.62"}, {"price": "0.19", "size": "10"}], "asks": [{"price": "0.99", "size": "662.54"}, {"price": "0.98", "size": "855.96"}, {"price": "0.97", "size": "264.06"}, {"price": "0.95", "size": "46.2"}, {"price": "0.94", "size": "5.47"}], "event_type": "book", "last_trade_price": ""}, {"market": "0xbda51376f2c852f34faa93d9d759d4e9a78656fafbaea93f6cd8097aa9e2b9ca", "asset_id": "106367870117615356192040036985617876733125439937747354714209990315577045667493", "timestamp": "1769383986665", "hash": "be3f7bba09b2a2d31d2fc2bfdab9e3a19e5723bc", "bids": [{"price": "0.01", "size": "554.25"}, {"price": "0.02", "size": "163.02"}, {"price": "0.03", "size": "625"}, {"price": "0.04", "size": "83.92"}, {"price": "0.05", "size": "30"}, {"price": "0.06", "size": "216.66"}, {"price": "0.07", "size": "73.99"}, {"price": "0.11", "size": "7.45"}, {"price": "0.19", "size": "10"}], "asks": [{"price": "0.99", "size": "752.54"}, {"price": "0.98", "size": "855.96"}, {"price": "0.97", "size": "264.06"}, {"price": "0.95", "size": "42.4"}, {"price": "0.94", "size": "5.47"}], "event_type": "book", "last_trade_price": ""}, {"market": "0xbda51376f2c852f34faa93d9d759d4e9a78656fafbaea93f6cd8097aa9e2b9ca", "asset_id": "72043813054655777181383270868878490299020809096070248493164398023706006276765", "timestamp": "1769383986665", "hash": "1e95447e4c2b698fbf177638e09aa687806049fa", "bids": [{"price": "0.01", "size": "752.54"}, {"price": "0.02", "size": "855.96"}, {"price": "0.03", "size": "264.06"}, {"price": "0.05", "size": "42.4"}, {"price": "0.06", "size": "5.47"}], "asks": [{"price": "0.99", "size": "554.25"}, {"price": "0.98", "size": "163.02"}, {"price": "0.97", "size": "625"}, {"price": "0.96", "size": "83.92"}, {"price": "0.95", "size": "30"}, {"price": "0.94", "size": "216.66"}, {"price": "0.93", "size": "73.99"}, {"price": "0.89", "size": "7.45"}, {"price": "0.81", "size": "10"}], "event_type": "book", "last_trade_price": ""}, {"market": "0xa853f627908c47fd0d99565e1f65c3ca3102c6fa4ca538d36f3ff8106f4549eb", "asset_id": "96960670192579224434002372035584914274234581410790034947041460205724408076383", "timestamp": "1769383562194", "hash": "e7bd57510486f09e96d22adb71350279c619e78e", "bids": [{"price": "0.01", "size": "354.48"}, {"price": "0.02", "size": "163.72"}, {"price": "0.03", "size": "183.33"}, {"price": "0.04", "size": "506.51"}, {"price": "0.05", "size": "230"}, {"price": "0.06", "size": "6.81"}, {"price": "0.07", "size": "185.71"}, {"price": "0.09", "size": "22"}, {"price": "0.1", "size": "9.11"}, {"price": "0.19", "size": "10"}], "asks": [{"price": "0.99", "size": "752.54"}, {"price": "0.98", "size": "461.64"}, {"price": "0.97", "size": "400"}, {"price": "0.96", "size": "207.7"}, {"price": "0.95", "size": "42.4"}, {"price": "0.94", "size": "5.47"}], "event_type": "book", "last_trade_price": ""}, {"market": "0xa853f627908c47fd0d99565e1f65c3ca3102c6fa4ca538d36f3ff8106f4549eb", "asset_id": "39455007276838249409805107706982548693927471735257099965183979328089866017061", "timestamp": "1769383562194", "hash": "0a8c6f4b3dd387b21dbfc4f56b47aba90e2b7de2", "bids": [{"price": "0.01", "size": "752.54"}, {"price": "0.02", "size": "461.64"}, {"price": "0.03", "size": "400"}, {"price": "0.04", "size": "207.7"}, {"price": "0.05", "size": "42.4"}, {"price": "0.06", "size": "5.47"}], "asks": [{"price": "0.99", "size": "354.48"}, {"price": "0.98", "size": "163.72"}, {"price": "0.97", "size": "183.33"}, {"price": "0.96", "size": "506.51"}, {"price": "0.95", "size": "230"}, {"price": "0.94", "size": "6.81"}, {"price": "0.93", "size": "185.71"}, {"price": "0.91", "size": "22"}, {"price": "0.9", "size": "9.11"}, {"price": "0.81", "size": "10"}], "event_type": "book", "last_trade_price": ""}, {"market": "0x422351967adba4ae145571abdcb6b363327123ac3865e8829a79b3d7806f00d0", "asset_id": "3378959698470205492122507359095696389602132363888066623692698067155429003405", "timestamp": "1769383989353", "hash": "1ef54c49a49d85b3ea348ff31fe57d16670e9126", "bids": [{"price": "0.01", "size": "662.54"}, {"price": "0.02", "size": "855.96"}, {"price": "0.03", "size": "264.06"}, {"price": "0.05", "size": "46.2"}, {"price": "0.06", "size": "5.47"}], "asks": [{"price": "0.99", "size": "265.43"}, {"price": "0.98", "size": "432.44"}, {"price": "0.97", "size": "18.73"}, {"price": "0.96", "size": "300"}, {"price": "0.95", "size": "355"}, {"price": "0.94", "size": "75"}, {"price": "0.93", "size": "191.52"}, {"price": "0.9", "size": "79"}, {"price": "0.89", "size": "6.62"}, {"price": "0.81", "size": "10"}], "event_type": "book", "last_trade_price": ""}]}
