{"_local_timestamp": "2026-01-25T23:34:29.368494+00:00", "data": [{"market": "0x83257a8441077030ca790356dd1faaf9e4b3bdfec5c514df96cba3bf2484bc76", "asset_id": "22435746279419381560124435864190029757930745800974796156357112693297751867769", "timestamp": "1769382483701", "hash": "89f1a3a4a0e948fdf53a4467e7223a48923e17c5", "bids": [{"price": "0.01", "size": "572.8"}, {"price": "0.02", "size": "133.1"}, {"price": "0.03", "size": "20.33"}, {"price": "0.04", "size": "5.47"}], "asks": [{"price": "0.99", "size": "385.01"}, {"price": "0.98", "size": "32.49"}], "event_type": "book", "last_trade_price": ""}, {"market": "0x83257a8441077030ca790356dd1faaf9e4b3bdfec5c514df96cba3bf2484bc76", "asset_id": "20790838417314422213194390309196938815940347304962513022927743546596430701582", "timestamp": "1769382483701", "hash": "fa0162b9b7630d88f97cb80c5b773d9b16e19651", "bids": [{"price": "0.01", "size": "385.01"}, {"price": "0.02", "size": "32.49"}], "asks": [{"price": "0.99", "size": "572.8"}, {"price": "0.98", "size": "133.1"}, {"price": "0.97", "size": "20.33"}, {"price": "0.96", "size": "5.47"}], "event_type": "book", "last_trade_price": ""}, {"market": "0x6466a1eba6dee8ac0e7a08811149c649f410c17519863c52bf8ba0d72e9d3a36", "asset_id": "39844394350976473085471894156964898988793067904084635624041026281422385992135", "timestamp": "1769382483695", "hash": "9f8494f83f2957f5c918961307d9601e395c894d", "bids": [{"price": "0.01", "size": "571.56"}, {"price": "0.02", "size": "257.86"}, {"price": "0.03", "size": "20.9"}, {"price": "0.04", "size": "5.47"}], "asks": [{"price": "0.99", "size": "385.01"}, {"price": "0.98", "size": "32.49"}], "event_type": "book", "last_trade_price": ""}, {"market": "0x88ea8a1ee6fe41644f0e8f72ef75726fba5f14524c116659d04e125c0ca82343", "asset_id": "3967007110182332509215492067994621049168494661024220209165753708435416681989", "timestamp": "1769382483696", "hash": "97cc8acdd1fcd41ef439eee3805149de658a8b47", "bids": [{"price": "0.01", "size": "385.01"}, {"price": "0.02", "size": "32.49"}], "asks": [{"price": "0.99", "size": "570.76"}, {"price": "0.98", "size": "262.79"}, {"price": "0.97", "size": "17.88"}, {"price": "0.96", "size": "5.47"}], "event_type": "book", "last_trade_price": ""}, {"market": "0x7d04538fafd226a2afe94be4167302f25750c13efa16a10a2e5bb0528fed8c2f", "asset_id": "113820945982748079021570767791980359155544422707533337583035307241758691634634", "timestamp": "1769382483683", "hash": "b17bcf42f01a04c2e05f37702c9f08a8265f0ad9", "bids": [{"price": "0.01", "size": "385.01"}, {"price": "0.02", "size": "32.49"}], "asks": [{"price": "0.99", "size": "572.8"}, {"price": "0.98", "size": "133.1"}, {"price": "0.97", "size": "20.33"}, {"price": "0.96", "size": "5.47"}], "event_type": "book", "last_trade_price": ""}, {"market": "0x6466a1eba6dee8ac0e7a08811149c649f410c17519863c52bf8ba0d72e9d3a36", "asset_id": "74870991884924065267775046991317124862624872331279375769667300652025146024692", "timestamp": "1769382483695", "hash": "949faad0dcf6147d7f4bb3fc3b05bc6aded8ed3d", "bids": [{"price": "0.01", "size": "385.01"}, {"price": "0.02", "size": "32.49"}], "asks": [{"price": "0.99", "size": "571.56"}, {"price": "0.98", "size": "257.86"}, {"price": "0.97", "size": "20.9"}, {"price": "0.96", "size": "5.47"}], "event_type": "book", "last_trade_price": ""}, {"market": "0x5a464fe59acdef365624d0f6606abde1d9c39727921d89bc4bf249c29a0ef8fe", "asset_id": "31959233822488607746355014713999637747031642341446451488523998398127622141090", "timestamp": "1769382484884", "hash": "a6c08dbc11aecf42123be6046dd9b63ace34ea36", "bids": [{"price": "0.01", "size": "714.79"}, {"price": "0.02", "size": "13.72"}, {"price": "0.03", "size": "132"}, {"price": "0.04", "size": "72.21"}, {"price": "0.05", "size": "60"}, {"price": "0.06", "size": "10.95"}], "asks": [{"price": "0.99", "size": "726.9"}, {"price": "0.98", "size": "612.79"}, {"price": "0.97", "size": "15.83"}], "event_type": "book", "last_trade_price": ""}, {"market": "0x7d04538fafd226a2afe94be4167302f25750c13efa16a10a2e5bb0528fed8c2f", "asset_id": "96327944555233963558438611285536036542449523563323324187167044425599623351236", "timestamp": "1769382483683", "hash": "f34a89392a56df9147a02341a1962b2fcd593dc1", "bids": [{"price": "0.01", "size": "572.8"}, {"price": "0.02", "size": "133.1"}, {"price": "0.03", "size": "20.33"}, {"price": "0.04", "size": "5.47"}], "asks": [{"price": "0.99", "size": "385.01"}, {"price": "0.98", "size": "32.49"}], "event_type": "book", "last_trade_price": ""}, {"market": "0x88ea8a1ee6fe41644f0e8f72ef75726fba5f14524c116659d04e125c0ca82343", "asset_id": "48463953034298189857872248279535113156705066153392466101672032564577558746709", "timestamp": "1769382483696", "hash": "79d87f5309d9eb30175c99f4f937eee0964be58c", "bids": [{"price": "0.01", "size": "570.76"}, {"price": "0.02", "size": "262.79"}, {"price": "0.03", "size": "17.88"}, {"price": "0.04", "size": "5.47"}], "asks": [{"price": "0.99", "size": "385.01"}, {"price": "0.98", "size": "32.49"}], "event_type": "book", "last_trade_price": ""}, {"market": "0x5a464fe59acdef365624d0f6606abde1d9c39727921d89bc4bf249c29a0ef8fe", "asset_id": "94136637294516991517356627925253657612215322696200175855444181384646519849463", "timestamp": "1769382484884", "hash": "30c2e0aef72676811e98bfd29bdc5bd89e828fe7", "bids": [{"price": "0.01", "size": "726.9"}, {"price": "0.02", "size": "612.79"}, {"price": "0.03", "size": "15.83"}], "asks": [{"price": "0.99", "size": "714.79"}, {"price": "0.98", "size": "13.72"}, {"price": "0.97", "size": "132"}, {"price": "0.96", "size": "72.21"}, {"price": "0.95", "size": "60"}, {"price": "0.94", "size": "10.95"}], "event_type": "book", "last_trade_price": ""}]}
