{"_local_timestamp": "2026-01-25T23:41:06.389926+00:00", "data": [{"market": "0x106c1f44bcbf36170ab5fa4695a07ae8a712fe8b4d8c555d21c7651762b37e45", "asset_id": "108221465664266419365199244488744252005499609669128180280158043252062409955704", "timestamp": "1769384000056", "hash": "3d372e8ab960c38ce91440a7b508d9ac1c5aafc4", "bids": [{"price": "0.01", "size": "752.54"}, {"price": "0.02", "size": "855.96"}, {"price": "0.03", "size": "264.06"}, {"price": "0.05", "size": "30"}, {"price": "0.06", "size": "20.77"}], "asks": [{"price": "0.99", "size": "354.81"}, {"price": "0.98", "size": "161.07"}, {"price": "0.97", "size": "183.33"}, {"price": "0.96", "size": "506.53"}, {"price": "0.95", "size": "230"}, {"price": "0.94", "size": "5.14"}, {"price": "0.92", "size": "162.5"}, {"price": "0.91", "size": "81"}, {"price": "0.9", "size": "10.6"}, {"price": "0.8", "size": "10"}], "event_type": "book", "last_trade_price": ""}, {"market": "0xb99588dab916f0bed62cc63e43ff041b7b855df5ab657b52c5de55241112457f", "asset_id": "46601830751700924692470670352662873493308386000730731615364823966964843118638", "timestamp": "1769384002835", "hash": "25a0f8e7c7a92f16e096ac06b14d4323bb78ba31", "bids": [{"price": "0.01", "size": "752.54"}, {"price": "0.02", "size": "855.96"}, {"price": "0.03", "size": "264.06"}, {"price": "0.05", "size": "30"}, {"price": "0.07", "size": "19.67"}], "asks": [{"price": "0.99", "size": "353.84"}, {"price": "0.98", "size": "463.2"}, {"price": "0.97", "size": "583.33"}, {"price": "0.96", "size": "5.54"}, {"price": "0.95", "size": "30"}, {"price": "0.94", "size": "5.35"}, {"price": "0.93", "size": "185.71"}, {"price": "0.92", "size": "92"}, {"price": "0.91", "size": "11.71"}, {"price": "0.8", "size": "10"}], "event_type": "book", "last_trade_price": ""}, {"market": "0x1cec5ceb15a8aa3374b36b219c2208ef60d8e990ebdc8e2bbc14897d23fed481", "asset_id": "26592336864246561090051360720237383751862914412429139979530643840981033042731", "timestamp": "1769384172570", "hash": "63367a203864957936fae166dc30c6425f9571ce", "bids": [{"price": "0.01", "size": "662.54"}, {"price": "0.02", "size": "855.96"}, {"price": "0.03", "size": "264.06"}, {"price": "0.05", "size": "30"}, {"price": "0.07", "size": "19.67"}], "asks": [{"price": "0.99", "size": "263.58"}, {"price": "0.98", "size": "162.61"}, {"price": "0.97", "size": "183.33"}, {"price": "0.96", "size": "305.86"}, {"price": "0.95", "size": "430"}, {"price": "0.94", "size": "7.02"}, {"price": "0.93", "size": "294.71"}, {"price": "0.9", "size": "9.55"}, {"price": "0.8", "size": "10"}], "event_type": "book", "last_trade_price": ""}, {"market": "0x106c1f44bcbf36170ab5fa4695a07ae8a712fe8b4d8c555d21c7651762b37e45", "asset_id": "104720533342907932234792921953834039693447830804168111366510260054364130146437", "timestamp": "1769384000056", "hash": "c0e82fdc72a0163e9e20d285fb3090d84fabc5ea", "bids": [{"price": "0.01", "size": "354.81"}, {"price": "0.02", "size": "161.07"}, {"price": "0.03", "size": "183.33"}, {"price": "0.04", "size": "506.53"}, {"price": "0.05", "size": "230"}, {"price": "0.06", "size": "5.14"}, {"price": "0.08", "size": "162.5"}, {"price": "0.09", "size": "81"}, {"price": "0.1", "size": "10.6"}, {"price": "0.2", "size": "10"}], "asks": [{"price": "0.99", "size": "752.54"}, {"price": "0.98", "size": "855.96"}, {"price": "0.97", "size": "264.06"}, {"price": "0.95", "size": "30"}, {"price": "0.94", "size": "20.77"}], "event_type": "book", "last_trade_price": ""}, {"market": "0x1cec5ceb15a8aa3374b36b219c2208ef60d8e990ebdc8e2bbc14897d23fed481", "asset_id": "669785133574883171898286063189593204442320010578148558296738044219519889882", "timestamp": "1769384172570", "hash": "911b5c4da1fe8cd0694cc0a3b898dadceb3057b5", "bids": [{"price": "0.01", "size": "263.58"}, {"price": "0.02", "size": "162.61"}, {"price": "0.03", "size": "183.33"}, {"price": "0.04", "size": "305.86"}, {"price": "0.05", "size": "430"}, {"price": "0.06", "size": "7.02"}, {"price": "0.07", "size": "294.71"}, {"price": "0.1", "size": "9.55"}, {"price": "0.2", "size": "10"}], "asks": [{"price": "0.99", "size": "662.54"}, {"price": "0.98", "size": "855.96"}, {"price": "0.97", "size": "264.06"}, {"price": "0.95", "size": "30"}, {"price": "0.93", "size": "19.67"}], "event_type": "book", "last_trade_price": ""}, {"market": "0xb99588dab916f0bed62cc63e43ff041b7b855df5ab657b52c5de55241112457f", "asset_id": "19720440463778189428120337205471068121117163743353818354639267673693573784255", "timestamp": "1769384002835", "hash": "2055c90652e2eed1ccefb0829163d2bbf93d0d5f", "bids": [{"price": "0.01", "size": "353.84"}, {"price": "0.02", "size": "463.2"}, {"price": "0.03", "size": "583.33"}, {"price": "0.04", "size": "5.54"}, {"price": "0.05", "size": "30"}, {"price": "0.06", "size": "5.35"}, {"price": "0.07", "size": "185.71"}, {"price": "0.08", "size": "92"}, {"price": "0.09", "size": "11.71"}, {"price": "0.2", "size": "10"}], "asks": [{"price": "0.99", "size": "752.54"}, {"price": "0.98", "size": "855.96"}, {"price": "0.97", "size": "264.06"}, {"price": "0.95", "size": "30"}, {"price": "0.93", "size": "19.67"}], "event_type": "book", "last_trade_price": ""}]}
