{"_local_timestamp": "2026-01-25T23:41:25.573900+00:00", "data": [{"market": "0x01276e4e15cda02d7f68581335e9616c855067775a4f6337826929c74b4f65f9", "asset_id": "62885345726775768605457818093628641569779700318980616940681933286630991406297", "timestamp": "1769384403800", "hash": "084e230b120f24be11ef495dfc1459d4c2fbad01", "bids": [{"price": "0.01", "size": "550"}, {"price": "0.02", "size": "392"}], "asks": [{"price": "0.99", "size": "572.09"}, {"price": "0.98", "size": "160.48"}, {"price": "0.97", "size": "198.65"}, {"price": "0.96", "size": "9.25"}, {"price": "0.95", "size": "5.47"}], "event_type": "book", "last_trade_price": ""}, {"market": "0x735219f4867a92786a2f7194f77b132b1adc091cc85f6deaa727ad7e517e416f", "asset_id": "516532276789585520214552339339799242722754525977396130780570354325359245937", "timestamp": "1769384403800", "hash": "42f341cad1f54ff224c428d32e9463ca5af6d5da", "bids": [{"price": "0.01", "size": "550"}, {"price": "0.02", "size": "392"}], "asks": [{"price": "0.99", "size": "572.79"}, {"price": "0.98", "size": "160.48"}, {"price": "0.97", "size": "198.65"}, {"price": "0.95", "size": "12.73"}], "event_type": "book", "last_trade_price": ""}, {"market": "0xe41c8b53a18e65cb76a4d0a5d1be480c226fccc654eeab4b9996fe22a45327e3", "asset_id": "87438818293115571192985866032672507070695909446102284934214014286951430387343", "timestamp": "1769382484882", "hash": "80d4c99cb65a3fb273296b1922402c1172db565b", "bids": [{"price": "0.01", "size": "714.79"}, {"price": "0.02", "size": "238.72"}, {"price": "0.03", "size": "33"}, {"price": "0.04", "size": "109.21"}, {"price": "0.05", "size": "40"}, {"price": "0.06", "size": "38.48"}], "asks": [{"price": "0.99", "size": "714.79"}, {"price": "0.98", "size": "163.72"}, {"price": "0.97", "size": "33"}, {"price": "0.96", "size": "22.21"}, {"price": "0.95", "size": "80"}, {"price": "0.94", "size": "43.95"}], "event_type": "book", "last_trade_price": ""}, {"market": "0xe41c8b53a18e65cb76a4d0a5d1be480c226fccc654eeab4b9996fe22a45327e3", "asset_id": "39357025880199248706047734278825410293991324963466891301532251167134305690963", "timestamp": "1769382484882", "hash": "83c7a240981b501a5bb5b92fb5c5840e0782db0c", "bids": [{"price": "0.01", "size": "714.79"}, {"price": "0.02", "size": "163.72"}, {"price": "0.03", "size": "33"}, {"price": "0.04", "size": "22.21"}, {"price": "0.05", "size": "80"}, {"price": "0.06", "size": "43.95"}], "asks": [{"price": "0.99", "size": "714.79"}, {"price": "0.98", "size": "238.72"}, {"price": "0.97", "size": "33"}, {"price": "0.96", "size": "109.21"}, {"price": "0.95", "size": "40"}, {"price": "0.94", "size": "38.48"}], "event_type": "book", "last_trade_price": ""}, {"market": "0x735219f4867a92786a2f7194f77b132b1adc091cc85f6deaa727ad7e517e416f", "asset_id": "13221340129292897885938622467694695352371936547343077132850389120640096430130", "timestamp": "1769384403800", "hash": "990173e1be8385b9a461153199256da62db80d33", "bids": [{"price": "0.01", "size": "572.79"}, {"price": "0.02", "size": "160.48"}, {"price": "0.03", "size": "198.65"}, {"price": "0.05", "size": "12.73"}], "asks": [{"price": "0.99", "size": "550"}, {"price": "0.98", "size": "392"}], "event_type": "book", "last_trade_price": ""}, {"market": "0x29a46ba100b4effbfab5b1049d37581d9f2b8ff43e0f17c135eca9aaa59e51f6", "asset_id": "53207188996027635839880529851810613637243560499829619400783281798804757164019", "timestamp": "1769384403756", "hash": "ef76d2db1cecd1528c0fa2f6ba27ad434c404553", "bids": [{"price": "0.01", "size": "550"}, {"price": "0.02", "size": "392"}], "asks": [{"price": "0.99", "size": "572.09"}, {"price": "0.98", "size": "160.48"}, {"price": "0.97", "size": "198.65"}, {"price": "0.96", "size": "9.25"}, {"price": "0.95", "size": "5.47"}], "event_type": "book", "last_trade_price": ""}, {"market": "0x27a5d2a20b5500f3a0ffaf335387b4bc23374af1f75f227b4bbd16516ba94452", "asset_id": "85569585892580517296949194038419636729157938897568144878362630997907938579076", "timestamp": "1769382645412", "hash": "cfd01248f22c33720ca3cd5dc4b831ccc0f9263d", "bids": [{"price": "0.01", "size": "572.09"}, {"price": "0.02", "size": "160.48"}, {"price": "0.03", "size": "198.65"}, {"price": "0.04", "size": "9.25"}, {"price": "0.05", "size": "5.47"}], "asks": [{"price": "0.99", "size": "550"}, {"price": "0.98", "size": "392"}], "event_type": "book", "last_trade_price": ""}, {"market": "0x01276e4e15cda02d7f68581335e9616c855067775a4f6337826929c74b4f65f9", "asset_id": "14774080776750777167457589801160212183824602093807444426232142351652187644731", "timestamp": "1769384403800", "hash": "3085dfec640d41e11bca00499d418e330d229cee", "bids": [{"price": "0.01", "size": "572.09"}, {"price": "0.02", "size": "160.48"}, {"price": "0.03", "size": "198.65"}, {"price": "0.04", "size": "9.25"}, {"price": "0.05", "size": "5.47"}], "asks": [{"price": "0.99", "size": "550"}, {"price": "0.98", "size": "392"}], "event_type": "book", "last_trade_price": ""}, {"market": "0x29a46ba100b4effbfab5b1049d37581d9f2b8ff43e0f17c135eca9aaa59e51f6", "asset_id": "39147053521449190613041617567542489660013600465887380719826466300845136580229", "timestamp": "1769384403756", "hash": "c9ab0ae22e05de053e1297f765b27672f87a622c", "bids": [{"price": "0.01", "size": "572.09"}, {"price": "0.02", "size": "160.48"}, {"price": "0.03", "size": "198.65"}, {"price": "0.04", "size": "9.25"}, {"price": "0.05", "size": "5.47"}], "asks": [{"price": "0.99", "size": "550"}, {"price": "0.98", "size": "392"}], "event_type": "book", "last_trade_price": ""}, {"market": "0x27a5d2a20b5500f3a0ffaf335387b4bc23374af1f75f227b4bbd16516ba94452", "asset_id": "66135733666274871060621439707536987912858235703041007784051004700529302906718", "timestamp": "1769382645412", "hash": "aa124e28ecd2496d76331c2e28c1f37280d78b74", "bids": [{"price": "0.01", "size": "550"}, {"price": "0.02", "size": "392"}], "asks": [{"price": "0.99", "size": "572.09"}, {"price": "0.98", "size": "160.48"}, {"price": "0.97", "size": "198.65"}, {"price": "0.96", "size": "9.25"}, {"price": "0.95", "size": "5.47"}], "event_type": "book", "last_trade_price": ""}]}
