{"_local_timestamp": "2026-01-25T23:41:33.258202+00:00", "data": [{"market": "0x08db6345216a4f356361a720bdce955fe4c55dce94a2aa7f52c78ed78033d782", "asset_id": "93734526127700292514701000893378170553818645400353341355463876641328818047352", "timestamp": "1769382484888", "hash": "e14c23ea82443089139bae4381e4dfc5a5babc2b", "bids": [{"price": "0.01", "size": "714.79"}, {"price": "0.02", "size": "13.72"}, {"price": "0.03", "size": "132"}, {"price": "0.04", "size": "72.21"}, {"price": "0.05", "size": "60"}, {"price": "0.06", "size": "10.95"}], "asks": [{"price": "0.99", "size": "726.9"}, {"price": "0.98", "size": "612.79"}, {"price": "0.97", "size": "15.83"}], "event_type": "book", "last_trade_price": ""}, {"market": "0x25e3acc657613aaaaa22f73e37c979c35db5f764da77a2c350df68ed5f4e108c", "asset_id": "36421125884787679626090834630033931607291988985494291535072721268809714341264", "timestamp": "1769382483683", "hash": "bc514c484367e28c0376f6f9ffbd2d498f20ca9a", "bids": [{"price": "0.01", "size": "385.01"}, {"price": "0.02", "size": "32.49"}], "asks": [{"price": "0.99", "size": "570.76"}, {"price": "0.98", "size": "137.79"}, {"price": "0.97", "size": "17.88"}, {"price": "0.96", "size": "5.47"}], "event_type": "book", "last_trade_price": ""}, {"market": "0x3b57d2259d6d5ddda76ec6b5174c04f51497c5cee45d0353baced49356ad0776", "asset_id": "95780031801156834818024620632870286023751836353781826251165868379357993764827", "timestamp": "1769382483691", "hash": "da9cefaf027c4e20509f14e53baf44db381a213d", "bids": [{"price": "0.01", "size": "572.8"}, {"price": "0.02", "size": "133.1"}, {"price": "0.03", "size": "20.33"}, {"price": "0.04", "size": "5.47"}], "asks": [{"price": "0.99", "size": "385.01"}, {"price": "0.98", "size": "32.49"}], "event_type": "book", "last_trade_price": ""}, {"market": "0x08db6345216a4f356361a720bdce955fe4c55dce94a2aa7f52c78ed78033d782", "asset_id": "89027234611300149798252753573976516359905796469621326538993446133504459896997", "timestamp": "1769382484888", "hash": "ede1f83e83f92fac160f9061582f815419eba798", "bids": [{"price": "0.01", "size": "726.9"}, {"price": "0.02", "size": "612.79"}, {"price": "0.03", "size": "15.83"}], "asks": [{"price": "0.99", "size": "714.79"}, {"price": "0.98", "size": "13.72"}, {"price": "0.97", "size": "132"}, {"price": "0.96", "size": "72.21"}, {"price": "0.95", "size": "60"}, {"price": "0.94", "size": "10.95"}], "event_type": "book", "last_trade_price": ""}, {"market": "0x3b57d2259d6d5ddda76ec6b5174c04f51497c5cee45d0353baced49356ad0776", "asset_id": "90887225744752853278065928195091939397672092376094679973155238880777341257677", "timestamp": "1769382483691", "hash": "312736f8c66d7fa01215e413d932d2e39246394a", "bids": [{"price": "0.01", "size": "385.01"}, {"price": "0.02", "size": "32.49"}], "asks": [{"price": "0.99", "size": "572.8"}, {"price": "0.98", "size": "133.1"}, {"price": "0.97", "size": "20.33"}, {"price": "0.96", "size": "5.47"}], "event_type": "book", "last_trade_price": ""}, {"market": "0x281e35791800b2ebb19c31127a036191e5c5f7302b34e172f82352a98d05b1bf", "asset_id": "1345242585768002406664038470684556847914147131023732421463118527382430784459", "timestamp": "1769382484884", "hash": "a6d67913f150b9492041947b2ee90a8dcf98ea4e", "bids": [{"price": "0.01", "size": "385.01"}, {"price": "0.02", "size": "32.49"}], "asks": [{"price": "0.99", "size": "572.8"}, {"price": "0.98", "size": "133.1"}, {"price": "0.97", "size": "20.33"}, {"price": "0.96", "size": "5.47"}], "event_type": "book", "last_trade_price": ""}, {"market": "0x281e35791800b2ebb19c31127a036191e5c5f7302b34e172f82352a98d05b1bf", "asset_id": "23615716522930914970626367335619585272080780587803073921772665404019875950318", "timestamp": "1769382484884", "hash": "01e6f7f0717bc0de52c97ee5be9d48d3d1dd47e1", "bids": [{"price": "0.01", "size": "572.8"}, {"price": "0.02", "size": "133.1"}, {"price": "0.03", "size": "20.33"}, {"price": "0.04", "size": "5.47"}], "asks": [{"price": "0.99", "size": "385.01"}, {"price": "0.98", "size": "32.49"}], "event_type": "book", "last_trade_price": ""}, {"market": "0x07ed278eb3fa5e28db105044a081391a115c58a240a098805d691befa84bd148", "asset_id": "94972058397156565001436979573073432778987232241998477865051108930629364749384", "timestamp": "1769382483693", "hash": "f0411f0f6846fb80a054b2a21f30b113cf13d6ca", "bids": [{"price": "0.01", "size": "570.76"}, {"price": "0.02", "size": "137.79"}, {"price": "0.03", "size": "17.88"}, {"price": "0.04", "size": "5.47"}], "asks": [{"price": "0.99", "size": "385.01"}, {"price": "0.98", "size": "32.49"}], "event_type": "book", "last_trade_price": ""}, {"market": "0x07ed278eb3fa5e28db105044a081391a115c58a240a098805d691befa84bd148", "asset_id": "11884838499126449509615192924464586220967200425954624701848143936477742176266", "timestamp": "1769382483693", "hash": "680447360ea49c0cfcb7cf007fab331d4333ec72", "bids": [{"price": "0.01", "size": "385.01"}, {"price": "0.02", "size": "32.49"}], "asks": [{"price": "0.99", "size": "570.76"}, {"price": "0.98", "size": "137.79"}, {"price": "0.97", "size": "17.88"}, {"price": "0.96", "size": "5.47"}], "event_type": "book", "last_trade_price": ""}, {"market": "0x25e3acc657613aaaaa22f73e37c979c35db5f764da77a2c350df68ed5f4e108c", "asset_id": "46650121015340402708407134236988691126605223926792340008292555068917472999513", "timestamp": "1769382483683", "hash": "0e0460baf671ba9c21b491f6220c812e45738bf6", "bids": [{"price": "0.01", "size": "570.76"}, {"price": "0.02", "size": "137.79"}, {"price": "0.03", "size": "17.88"}, {"price": "0.04", "size": "5.47"}], "asks": [{"price": "0.99", "size": "385.01"}, {"price": "0.98", "size": "32.49"}], "event_type": "book", "last_trade_price": ""}]}
