{"_local_timestamp": "2026-01-25T23:41:07.530269+00:00", "data": [{"market": "0xb0ff77e05f81e743b75ff0ab394db55307b1d58e03c9c41644c9555e4ebb05fb", "asset_id": "106159739894210663108137907474948340005890638174581926952083133791778879788547", "timestamp": "1769384018513", "hash": "8acb041516d2e5adba9b2c7553a7800b696dca48", "bids": [{"price": "0.01", "size": "357.99"}, {"price": "0.02", "size": "160.59"}, {"price": "0.03", "size": "190.14"}, {"price": "0.04", "size": "506.8"}, {"price": "0.05", "size": "230"}, {"price": "0.06", "size": "18.86"}, {"price": "0.07", "size": "185.71"}, {"price": "0.08", "size": "92"}, {"price": "0.09", "size": "39"}, {"price": "0.13", "size": "10"}], "asks": [{"price": "0.99", "size": "752.54"}, {"price": "0.98", "size": "855.96"}, {"price": "0.97", "size": "14.06"}, {"price": "0.95", "size": "154.5"}, {"price": "0.94", "size": "11.72"}], "event_type": "book", "last_trade_price": ""}, {"market": "0xb0ff77e05f81e743b75ff0ab394db55307b1d58e03c9c41644c9555e4ebb05fb", "asset_id": "5628896586592050764060481082766757601411524347696335589591167103114074600997", "timestamp": "1769384018513", "hash": "9871a2a14816e46908949551ba1225bb077e5785", "bids": [{"price": "0.01", "size": "752.54"}, {"price": "0.02", "size": "855.96"}, {"price": "0.03", "size": "14.06"}, {"price": "0.05", "size": "154.5"}, {"price": "0.06", "size": "11.72"}], "asks": [{"price": "0.99", "size": "357.99"}, {"price": "0.98", "size": "160.59"}, {"price": "0.97", "size": "190.14"}, {"price": "0.96", "size": "506.8"}, {"price": "0.95", "size": "230"}, {"price": "0.94", "size": "18.86"}, {"price": "0.93", "size": "185.71"}, {"price": "0.92", "size": "92"}, {"price": "0.91", "size": "39"}, {"price": "0.87", "size": "10"}], "event_type": "book", "last_trade_price": ""}, {"market": "0x1d2862f70600488c4e7633cfccbd107f37f1fcc9b59f8f6954a32c384557ef8d", "asset_id": "75628154940171694112128836305163242393091522473235238853022563139897736614331", "timestamp": "1769383092300", "hash": "5b7a5b293ae626cb9f1203bc6e4abedc40857c70", "bids": [{"price": "0.01", "size": "265.02"}, {"price": "0.02", "size": "161.2"}, {"price": "0.03", "size": "183.33"}, {"price": "0.04", "size": "506.8"}, {"price": "0.05", "size": "230"}, {"price": "0.06", "size": "6.35"}, {"price": "0.07", "size": "185.71"}, {"price": "0.09", "size": "79"}, {"price": "0.1", "size": "9.72"}, {"price": "0.19", "size": "10"}], "asks": [{"price": "0.99", "size": "662.54"}, {"price": "0.98", "size": "855.96"}, {"price": "0.97", "size": "264.06"}, {"price": "0.95", "size": "42.4"}, {"price": "0.94", "size": "5.47"}], "event_type": "book", "last_trade_price": ""}, {"market": "0x52c9bc2e0e10ddcfb93e24ab0aa3ac3b9e7aaf9a67d7e10a3a62e35f5947539c", "asset_id": "114122960584796873641085062539344730926894424996637132069511483132575394609777", "timestamp": "1769383989353", "hash": "0ec034dbc3439d2ad6ff26844df73aa777180454", "bids": [{"price": "0.01", "size": "752.54"}, {"price": "0.02", "size": "855.96"}, {"price": "0.03", "size": "264.06"}, {"price": "0.05", "size": "46.2"}, {"price": "0.06", "size": "5.47"}], "asks": [{"price": "0.99", "size": "358.12"}, {"price": "0.98", "size": "160.11"}, {"price": "0.97", "size": "189.83"}, {"price": "0.96", "size": "506.8"}, {"price": "0.95", "size": "230"}, {"price": "0.94", "size": "6.59"}, {"price": "0.93", "size": "185.71"}, {"price": "0.91", "size": "79"}, {"price": "0.9", "size": "7.54"}, {"price": "0.86", "size": "10"}], "event_type": "book", "last_trade_price": ""}, {"market": "0x1d2862f70600488c4e7633cfccbd107f37f1fcc9b59f8f6954a32c384557ef8d", "asset_id": "65897622660430852332803938922710888459990774788507807238056811482286947458219", "timestamp": "1769383092300", "hash": "7508ea26aed1f7232bf4fc2b323831de738cd6c2", "bids": [{"price": "0.01", "size": "662.54"}, {"price": "0.02", "size": "855.96"}, {"price": "0.03", "size": "264.06"}, {"price": "0.05", "size": "42.4"}, {"price": "0.06", "size": "5.47"}], "asks": [{"price": "0.99", "size": "265.02"}, {"price": "0.98", "size": "161.2"}, {"price": "0.97", "size": "183.33"}, {"price": "0.96", "size": "506.8"}, {"price": "0.95", "size": "230"}, {"price": "0.94", "size": "6.35"}, {"price": "0.93", "size": "185.71"}, {"price": "0.91", "size": "79"}, {"price": "0.9", "size": "9.72"}, {"price": "0.81", "size": "10"}], "event_type": "book", "last_trade_price": ""}, {"market": "0x52c9bc2e0e10ddcfb93e24ab0aa3ac3b9e7aaf9a67d7e10a3a62e35f5947539c", "asset_id": "11167750732658472039075159380381706073278326659147658521574390849599753589721", "timestamp": "1769383989353", "hash": "05d4b763106e9fc1f4fbdefd5f84b6919a866497", "bids": [{"price": "0.01", "size": "358.12"}, {"price": "0.02", "size": "160.11"}, {"price": "0.03", "size": "189.83"}, {"price": "0.04", "size": "506.8"}, {"price": "0.05", "size": "230"}, {"price": "0.06", "size": "6.59"}, {"price": "0.07", "size": "185.71"}, {"price": "0.09", "size": "79"}, {"price": "0.1", "size": "7.54"}, {"price": "0.14", "size": "10"}], "asks": [{"price": "0.99", "size": "752.54"}, {"price": "0.98", "size": "855.96"}, {"price": "0.97", "size": "264.06"}, {"price": "0.95", "size": "46.2"}, {"price": "0.94", "size": "5.47"}], "event_type": "book", "last_trade_price": ""}]}
