{"_local_timestamp": "2026-01-25T23:34:02.123751+00:00", "data": [{"market": "0xc0ff8c4f6f8f864e28f77029e59da4d5ed76fcbf05276b8bd2c9f561a46872f1", "asset_id": "42147722081593184602007618260145006323951926041078884775284559500035057998778", "timestamp": "1769382484882", "hash": "82d6142825ace818eb8719a011f060c7bf33efa4", "bids": [{"price": "0.01", "size": "569.87"}, {"price": "0.02", "size": "156.69"}, {"price": "0.03", "size": "81.18"}, {"price": "0.05", "size": "15.11"}], "asks": [{"price": "0.99", "size": "550"}, {"price": "0.98", "size": "400"}], "event_type": "book", "last_trade_price": ""}, {"market": "0x77b5663afa02a8f70b845b41ecb60ddd084f6c6c71a9ed6eda50e538b7f2e662", "asset_id": "10137318910518599827285946041998848401626578161042304667226091709774120060032", "timestamp": "1769382484880", "hash": "8dc4a64250f099619ac2bb007892690b6e983791", "bids": [{"price": "0.01", "size": "569.87"}, {"price": "0.02", "size": "156.69"}, {"price": "0.03", "size": "84.18"}, {"price": "0.05", "size": "15.11"}], "asks": [{"price": "0.99", "size": "550"}, {"price": "0.98", "size": "375"}], "event_type": "book", "last_trade_price": ""}, {"market": "0x12a8bab0c007cfc1e94e8c74a251aae09a9cee212f33cdd48b33420d609ccb26", "asset_id": "65073324827861953465683590629937982125618672515276457637081424872227485770922", "timestamp": "1769382483683", "hash": "db622c0d1ab1fc7235e723a2daadfa659d17d3d8", "bids": [{"price": "0.01", "size": "550"}, {"price": "0.02", "size": "400"}], "asks": [{"price": "0.99", "size": "569.87"}, {"price": "0.98", "size": "156.69"}, {"price": "0.97", "size": "81.18"}, {"price": "0.95", "size": "15.11"}], "event_type": "book", "last_trade_price": ""}, {"market": "0xb1c32748b9d531c0a8a07ff75d5ee4270819c005180cfc0bcded6835079d9426", "asset_id": "24818632718724186813479091830784175069718351110905862571361497773631468792122", "timestamp": "1769382483675", "hash": "7579f53c72652e7bd51470ffe44bdaecb4e167e0", "bids": [{"price": "0.01", "size": "664.79"}, {"price": "0.02", "size": "163.72"}, {"price": "0.03", "size": "75"}, {"price": "0.04", "size": "6.21"}, {"price": "0.05", "size": "30"}, {"price": "0.06", "size": "43.95"}], "asks": [{"price": "0.99", "size": "668.81"}, {"price": "0.98", "size": "183.94"}, {"price": "0.97", "size": "125.4"}, {"price": "0.96", "size": "11.77"}, {"price": "0.95", "size": "50"}], "event_type": "book", "last_trade_price": ""}, {"market": "0xc0ff8c4f6f8f864e28f77029e59da4d5ed76fcbf05276b8bd2c9f561a46872f1", "asset_id": "24145128850564544540772186466090438317449730345573165343761498296423267755277", "timestamp": "1769382484882", "hash": "61dec98c61a44088b2f31b219b0e6146c0d1f742", "bids": [{"price": "0.01", "size": "550"}, {"price": "0.02", "size": "400"}], "asks": [{"price": "0.99", "size": "569.87"}, {"price": "0.98", "size": "156.69"}, {"price": "0.97", "size": "81.18"}, {"price": "0.95", "size": "15.11"}], "event_type": "book", "last_trade_price": ""}, {"market": "0x77b5663afa02a8f70b845b41ecb60ddd084f6c6c71a9ed6eda50e538b7f2e662", "asset_id": "8438755389865438428841711694062435885915420122809681140690683645320389077721", "timestamp": "1769382484880", "hash": "41dc7611e7eb6e1474abda3b146beb066738b031", "bids": [{"price": "0.01", "size": "550"}, {"price": "0.02", "size": "375"}], "asks": [{"price": "0.99", "size": "569.87"}, {"price": "0.98", "size": "156.69"}, {"price": "0.97", "size": "84.18"}, {"price": "0.95", "size": "15.11"}], "event_type": "book", "last_trade_price": ""}, {"market": "0xb1c32748b9d531c0a8a07ff75d5ee4270819c005180cfc0bcded6835079d9426", "asset_id": "111481860307704597053185597592817885480479460055789355435095482320436827063691", "timestamp": "1769382483675", "hash": "73e27ec95581e05e308041fac9572ddcbe897510", "bids": [{"price": "0.01", "size": "668.81"}, {"price": "0.02", "size": "183.94"}, {"price": "0.03", "size": "125.4"}, {"price": "0.04", "size": "11.77"}, {"price": "0.05", "size": "50"}], "asks": [{"price": "0.99", "size": "664.79"}, {"price": "0.98", "size": "163.72"}, {"price": "0.97", "size": "75"}, {"price": "0.96", "size": "6.21"}, {"price": "0.95", "size": "30"}, {"price": "0.94", "size": "43.95"}], "event_type": "book", "last_trade_price": ""}, {"market": "0x8f5b0dd03187a3d8253065aba96669e72207777cb622155c5eaf6a9aae159e8f", "asset_id": "52908331981734131989763405570711792332775336693133221048451592711756142545661", "timestamp": "1769382484886", "hash": "666a846c90db4564ca3c8325519222eccbaab0e7", "bids": [{"price": "0.01", "size": "569.87"}, {"price": "0.02", "size": "156.69"}, {"price": "0.03", "size": "81.18"}, {"price": "0.05", "size": "15.11"}], "asks": [{"price": "0.99", "size": "550"}, {"price": "0.98", "size": "400"}], "event_type": "book", "last_trade_price": ""}, {"market": "0x8f5b0dd03187a3d8253065aba96669e72207777cb622155c5eaf6a9aae159e8f", "asset_id": "70650565692122537384133652929417853944649551613600950438912972656632918962049", "timestamp": "1769382484886", "hash": "f0b4852da1d691d0d943c9794ddc729eb0a8cdcc", "bids": [{"price": "0.01", "size": "550"}, {"price": "0.02", "size": "400"}], "asks": [{"price": "0.99", "size": "569.87"}, {"price": "0.98", "size": "156.69"}, {"price": "0.97", "size": "81.18"}, {"price": "0.95", "size": "15.11"}], "event_type": "book", "last_trade_price": ""}, {"market": "0x12a8bab0c007cfc1e94e8c74a251aae09a9cee212f33cdd48b33420d609ccb26", "asset_id": "47866597844924705695584883256943623747913586799281277465683435362550734569817", "timestamp": "1769382483683", "hash": "5aa436dea7e209a26356a0dcb29f6c988bef5d98", "bids": [{"price": "0.01", "size": "569.87"}, {"price": "0.02", "size": "156.69"}, {"price": "0.03", "size": "81.18"}, {"price": "0.05", "size": "15.11"}], "asks": [{"price": "0.99", "size": "550"}, {"price": "0.98", "size": "400"}], "event_type": "book", "last_trade_price": ""}]}
