{"_local_timestamp": "2026-01-25T23:41:33.275372+00:00", "data": [{"market": "0x78e2c0ae56ed0c64fd99ed102c811bcd8d8c502dd8df853ad8c42739ecbee231", "asset_id": "20054847618004587989139613119638158121159353145592138126176952222932599082338", "timestamp": "1769382483696", "hash": "d19e1285fd2ba790d076e87f0df0a7f030de70ed", "bids": [{"price": "0.01", "size": "570.61"}, {"price": "0.02", "size": "258.94"}, {"price": "0.03", "size": "20.5"}, {"price": "0.04", "size": "5.47"}], "asks": [{"price": "0.99", "size": "385.01"}, {"price": "0.98", "size": "32.49"}], "event_type": "book", "last_trade_price": ""}, {"market": "0x9746b8bc5c1dbb422f924ed9a1e7e4ca8b3851f40ccc0384e63e2244bff00c65", "asset_id": "114384055792594806898254532772966280931091662133762776425518798427047569192168", "timestamp": "1769383800269", "hash": "a26d793544bc27ac732aa3a6f87894f5d621d260", "bids": [{"price": "0.01", "size": "385.01"}, {"price": "0.02", "size": "32.49"}], "asks": [{"price": "0.99", "size": "572.77"}, {"price": "0.98", "size": "258.94"}, {"price": "0.97", "size": "19.78"}, {"price": "0.96", "size": "5.47"}], "event_type": "book", "last_trade_price": ""}, {"market": "0x55c22a3df80b19bd8f9b28d39e9401a624f4c148891140d3da2f410d054dea52", "asset_id": "58802430601543246857416475692240940357900826167161948932064675908929979527113", "timestamp": "1769382484882", "hash": "8803a6949dee802b0e51978da99a242efa41851c", "bids": [{"price": "0.01", "size": "572.78"}, {"price": "0.02", "size": "258.94"}, {"price": "0.03", "size": "19.77"}, {"price": "0.04", "size": "5.47"}], "asks": [{"price": "0.99", "size": "385.01"}, {"price": "0.98", "size": "32.49"}], "event_type": "book", "last_trade_price": ""}, {"market": "0x64bd201fb73fa0cc7487aa81dd8956513f06f71c0bdd65538edb690b7bb674a5", "asset_id": "101796175518840607550166975293382805276334410344973954320044672091085429130844", "timestamp": "1769382483686", "hash": "e24cd2d34622674ab64bc104cf13075e81a2b2bb", "bids": [{"price": "0.01", "size": "726.9"}, {"price": "0.02", "size": "612.79"}, {"price": "0.03", "size": "15.83"}], "asks": [{"price": "0.99", "size": "714.79"}, {"price": "0.98", "size": "13.72"}, {"price": "0.97", "size": "132"}, {"price": "0.96", "size": "72.21"}, {"price": "0.95", "size": "60"}, {"price": "0.94", "size": "10.95"}], "event_type": "book", "last_trade_price": ""}, {"market": "0x78e2c0ae56ed0c64fd99ed102c811bcd8d8c502dd8df853ad8c42739ecbee231", "asset_id": "68478879129802327372451893834039912135026892793308618091377454722032442066393", "timestamp": "1769382483696", "hash": "8b4b698cd1889d5868a8769413a40a88bf461401", "bids": [{"price": "0.01", "size": "385.01"}, {"price": "0.02", "size": "32.49"}], "asks": [{"price": "0.99", "size": "570.61"}, {"price": "0.98", "size": "258.94"}, {"price": "0.97", "size": "20.5"}, {"price": "0.96", "size": "5.47"}], "event_type": "book", "last_trade_price": ""}, {"market": "0x55c22a3df80b19bd8f9b28d39e9401a624f4c148891140d3da2f410d054dea52", "asset_id": "96112231509326885385460504322930558740700572262951884333588421054561551301769", "timestamp": "1769382484882", "hash": "a59a0ce0cd2f686cecbc00c33bc5e2ab05c6fd7b", "bids": [{"price": "0.01", "size": "385.01"}, {"price": "0.02", "size": "32.49"}], "asks": [{"price": "0.99", "size": "572.78"}, {"price": "0.98", "size": "258.94"}, {"price": "0.97", "size": "19.77"}, {"price": "0.96", "size": "5.47"}], "event_type": "book", "last_trade_price": ""}, {"market": "0x64bd201fb73fa0cc7487aa81dd8956513f06f71c0bdd65538edb690b7bb674a5", "asset_id": "67497429526062660089613428096274622499210427040217260529281541344294486465873", "timestamp": "1769382483686", "hash": "e86af998c0efade90e6303a8d322639a820b8f1e", "bids": [{"price": "0.01", "size": "714.79"}, {"price": "0.02", "size": "13.72"}, {"price": "0.03", "size": "132"}, {"price": "0.04", "size": "72.21"}, {"price": "0.05", "size": "60"}, {"price": "0.06", "size": "10.95"}], "asks": [{"price": "0.99", "size": "726.9"}, {"price": "0.98", "size": "612.79"}, {"price": "0.97", "size": "15.83"}], "event_type": "book", "last_trade_price": ""}, {"market": "0x0261df64bee75677bd96587f94ab58342c9f234440fa2020ff1949f753644ba0", "asset_id": "7357771302806785057529189567896326407755400312651164503075199978255592712995", "timestamp": "1769382483676", "hash": "c830d02df8c5fec0829a11ba032f3b054002f8f1", "bids": [{"price": "0.01", "size": "485.01"}, {"price": "0.02", "size": "32.49"}], "asks": [{"price": "0.99", "size": "570.61"}, {"price": "0.98", "size": "258.94"}, {"price": "0.97", "size": "20.5"}, {"price": "0.96", "size": "5.47"}], "event_type": "book", "last_trade_price": ""}, {"market": "0x9746b8bc5c1dbb422f924ed9a1e7e4ca8b3851f40ccc0384e63e2244bff00c65", "asset_id": "12396874917075894167280826214668873550474796786890079948471167350313992615136", "timestamp": "1769383800269", "hash": "9f8d765314c7f6f5fbf561568881fb3aef6d06ea", "bids": [{"price": "0.01", "size": "572.77"}, {"price": "0.02", "size": "258.94"}, {"price": "0.03", "size": "19.78"}, {"price": "0.04", "size": "5.47"}], "asks": [{"price": "0.99", "size": "385.01"}, {"price": "0.98", "size": "32.49"}], "event_type": "book", "last_trade_price": ""}, {"market": "0x0261df64bee75677bd96587f94ab58342c9f234440fa2020ff1949f753644ba0", "asset_id": "42233312399031582030126051620434456964420309621213304603296782606867036424613", "timestamp": "1769382483676", "hash": "0d35e03419b24ad61cd3cf9d1d98ea3364dbe616", "bids": [{"price": "0.01", "size": "570.61"}, {"price": "0.02", "size": "258.94"}, {"price": "0.03", "size": "20.5"}, {"price": "0.04", "size": "5.47"}], "asks": [{"price": "0.99", "size": "485.01"}, {"price": "0.98", "size": "32.49"}], "event_type": "book", "last_trade_price": ""}]}
