{"_local_timestamp": "2026-01-25T23:41:33.524123+00:00", "data": [{"market": "0xcbc7082fcf670b0b9f3e79931c17b67ddccf06a25bcea45f8b747a0d9781c0d9", "asset_id": "106074669307245819953206698574961993371500281228277446010402155981839362779471", "timestamp": "1769382483703", "hash": "eece1929dea5262892d432d2550adb37079132dd", "bids": [{"price": "0.01", "size": "570.76"}, {"price": "0.02", "size": "137.79"}, {"price": "0.03", "size": "17.88"}, {"price": "0.04", "size": "5.47"}], "asks": [{"price": "0.99", "size": "385.01"}, {"price": "0.98", "size": "32.49"}], "event_type": "book", "last_trade_price": ""}, {"market": "0x52a3f54b398008a966f3b7a9d24d58a7fac206be4968eecbbfdfe6dca48ada2c", "asset_id": "47788920295016728959072091465716935859796193583315943644880525938599142542020", "timestamp": "1769382483685", "hash": "690f7e166c1b0116d3e12b59efd28ff3a1fc40d7", "bids": [{"price": "0.01", "size": "385.01"}, {"price": "0.02", "size": "32.49"}], "asks": [{"price": "0.99", "size": "570.76"}, {"price": "0.98", "size": "137.79"}, {"price": "0.97", "size": "17.88"}, {"price": "0.96", "size": "5.47"}], "event_type": "book", "last_trade_price": ""}, {"market": "0x2a49ac4575b04bf8a60095338ad950c3f8dc850bbc4e977b0b035f7a2d79897a", "asset_id": "72477644986249477648663214700550842398309385997398709463535506208702877074721", "timestamp": "1769382483673", "hash": "a4b16dfb4e7a85737be3d4c7be6ee00e324fd0b6", "bids": [{"price": "0.01", "size": "385.01"}, {"price": "0.02", "size": "32.49"}], "asks": [{"price": "0.99", "size": "570.76"}, {"price": "0.98", "size": "237.79"}, {"price": "0.97", "size": "17.88"}, {"price": "0.96", "size": "5.47"}], "event_type": "book", "last_trade_price": ""}, {"market": "0xc55f44fd1aee58d6d4527cf5cdb45d586ee6373a86cc6a60d48beec5d7f9b535", "asset_id": "9388093757147338231335342832783902298922914102004199823192854199837061806813", "timestamp": "1769382483670", "hash": "329b9e1c978f0ddccb0ec0d0676a44f53c5acf2a", "bids": [{"price": "0.01", "size": "570.76"}, {"price": "0.02", "size": "237.79"}, {"price": "0.03", "size": "17.88"}, {"price": "0.04", "size": "5.47"}], "asks": [{"price": "0.99", "size": "577.9"}, {"price": "0.98", "size": "202.48"}, {"price": "0.97", "size": "17.04"}], "event_type": "book", "last_trade_price": ""}, {"market": "0x52a3f54b398008a966f3b7a9d24d58a7fac206be4968eecbbfdfe6dca48ada2c", "asset_id": "19316734084061278112818770044410776925331021306820740484755219535237124447051", "timestamp": "1769382483685", "hash": "4077c5c476de8e43667bc8d876742627f552d012", "bids": [{"price": "0.01", "size": "570.76"}, {"price": "0.02", "size": "137.79"}, {"price": "0.03", "size": "17.88"}, {"price": "0.04", "size": "5.47"}], "asks": [{"price": "0.99", "size": "385.01"}, {"price": "0.98", "size": "32.49"}], "event_type": "book", "last_trade_price": ""}, {"market": "0x2a49ac4575b04bf8a60095338ad950c3f8dc850bbc4e977b0b035f7a2d79897a", "asset_id": "76661444554094321994240452077818626096001459024380716951445742410795086092780", "timestamp": "1769382483673", "hash": "35adf175d04b6d0484f25d361957264e920fdc47", "bids": [{"price": "0.01", "size": "570.76"}, {"price": "0.02", "size": "237.79"}, {"price": "0.03", "size": "17.88"}, {"price": "0.04", "size": "5.47"}], "asks": [{"price": "0.99", "size": "385.01"}, {"price": "0.98", "size": "32.49"}], "event_type": "book", "last_trade_price": ""}, {"market": "0x5ab357a702c6606bd443b5a270c8c76c5ba10438e4cdf80f2eff49cd206179a7", "asset_id": "47278512579668835368053103406260919460876176249705474793446292469382004680140", "timestamp": "1769382968855", "hash": "cafa5eb239fd73cc2f6e458a1a1a7765f8473719", "bids": [{"price": "0.01", "size": "721.87"}, {"price": "0.02", "size": "362.79"}, {"price": "0.03", "size": "255.27"}, {"price": "0.04", "size": "9.18"}], "asks": [{"price": "0.99", "size": "714.79"}, {"price": "0.98", "size": "13.72"}, {"price": "0.97", "size": "66"}, {"price": "0.96", "size": "89.21"}, {"price": "0.95", "size": "60"}, {"price": "0.94", "size": "10.95"}], "event_type": "book", "last_trade_price": ""}, {"market": "0xcbc7082fcf670b0b9f3e79931c17b67ddccf06a25bcea45f8b747a0d9781c0d9", "asset_id": "15608653817709704863805740199960997754946017909228079151908030028864036038380", "timestamp": "1769382483703", "hash": "6a88ee7897d59e3e30309ce3cd05e19909c40189", "bids": [{"price": "0.01", "size": "385.01"}, {"price": "0.02", "size": "32.49"}], "asks": [{"price": "0.99", "size": "570.76"}, {"price": "0.98", "size": "137.79"}, {"price": "0.97", "size": "17.88"}, {"price": "0.96", "size": "5.47"}], "event_type": "book", "last_trade_price": ""}, {"market": "0x5ab357a702c6606bd443b5a270c8c76c5ba10438e4cdf80f2eff49cd206179a7", "asset_id": "56772500392878900874667844817822547309698456757414716097977583285244369374110", "timestamp": "1769382968855", "hash": "11321df7c27897632914a2538b4a937d2e3cf852", "bids": [{"price": "0.01", "size": "714.79"}, {"price": "0.02", "size": "13.72"}, {"price": "0.03", "size": "66"}, {"price": "0.04", "size": "89.21"}, {"price": "0.05", "size": "60"}, {"price": "0.06", "size": "10.95"}], "asks": [{"price": "0.99", "size": "721.87"}, {"price": "0.98", "size": "362.79"}, {"price": "0.97", "size": "255.27"}, {"price": "0.96", "size": "9.18"}], "event_type": "book", "last_trade_price": ""}, {"market": "0xc55f44fd1aee58d6d4527cf5cdb45d586ee6373a86cc6a60d48beec5d7f9b535", "asset_id": "44182287068843863789013087156100858312735310142059388340820389007599879504339", "timestamp": "1769382483682", "hash": "59c368b3109e017fd04ad8f39b580d2660335bc7", "bids": [{"price": "0.01", "size": "577.9"}, {"price": "0.02", "size": "202.48"}, {"price": "0.03", "size": "17.04"}], "asks": [{"price": "0.99", "size": "570.76"}, {"price": "0.98", "size": "137.79"}, {"price": "0.97", "size": "17.88"}, {"price": "0.96", "size": "5.47"}], "event_type": "book", "last_trade_price": ""}]}
