{"_local_timestamp": "2026-01-25T23:34:00.853463+00:00", "data": [{"market": "0x6c6508d839117c20eae304dd83cb08f93bde9601d90bc149367b0d19024aaa5d", "asset_id": "101284105402059372942494221158543191155702802002500257089543042656004535674717", "timestamp": "1769383596074", "hash": "c93f93cb9652e470e8bb50240f9d7eb807f0d266", "bids": [{"price": "0.01", "size": "662.54"}, {"price": "0.02", "size": "855.96"}, {"price": "0.03", "size": "14.06"}, {"price": "0.05", "size": "148"}, {"price": "0.06", "size": "19.87"}], "asks": [{"price": "0.99", "size": "265.43"}, {"price": "0.98", "size": "439.01"}, {"price": "0.97", "size": "625"}, {"price": "0.96", "size": "81.51"}, {"price": "0.95", "size": "30"}, {"price": "0.94", "size": "7.8"}, {"price": "0.93", "size": "185.71"}, {"price": "0.91", "size": "48"}, {"price": "0.9", "size": "8.36"}, {"price": "0.81", "size": "10"}], "event_type": "book", "last_trade_price": ""}, {"market": "0x6c6508d839117c20eae304dd83cb08f93bde9601d90bc149367b0d19024aaa5d", "asset_id": "14498648661496357520049851209392550802692460531692231829980844989623208911983", "timestamp": "1769383596074", "hash": "29426184a859819b91e580c301c5ea8c8513b7f8", "bids": [{"price": "0.01", "size": "265.43"}, {"price": "0.02", "size": "439.01"}, {"price": "0.03", "size": "625"}, {"price": "0.04", "size": "81.51"}, {"price": "0.05", "size": "30"}, {"price": "0.06", "size": "7.8"}, {"price": "0.07", "size": "185.71"}, {"price": "0.09", "size": "48"}, {"price": "0.1", "size": "8.36"}, {"price": "0.19", "size": "10"}], "asks": [{"price": "0.99", "size": "662.54"}, {"price": "0.98", "size": "855.96"}, {"price": "0.97", "size": "14.06"}, {"price": "0.95", "size": "148"}, {"price": "0.94", "size": "19.87"}], "event_type": "book", "last_trade_price": ""}, {"market": "0x681f62fc399f452117d3de8b39864a4d900fb8629edefcdbd63a12bccc410ac4", "asset_id": "59947754268850262038562327480058643390952960283949606449696733026784232318184", "timestamp": "1769383596070", "hash": "efdc27f6cdb62dfaff2839f4bb4e8197e15bdd73", "bids": [{"price": "0.01", "size": "264.26"}, {"price": "0.02", "size": "162.38"}, {"price": "0.03", "size": "183.33"}, {"price": "0.04", "size": "506.8"}, {"price": "0.05", "size": "230"}, {"price": "0.06", "size": "5.76"}, {"price": "0.07", "size": "185.71"}, {"price": "0.08", "size": "92"}, {"price": "0.09", "size": "11.02"}, {"price": "0.19", "size": "10"}], "asks": [{"price": "0.99", "size": "662.54"}, {"price": "0.98", "size": "855.96"}, {"price": "0.97", "size": "264.06"}, {"price": "0.95", "size": "42.4"}, {"price": "0.94", "size": "5.47"}], "event_type": "book", "last_trade_price": ""}, {"market": "0x681f62fc399f452117d3de8b39864a4d900fb8629edefcdbd63a12bccc410ac4", "asset_id": "50388464130512205104045293934590552411083326511050261709065247541895174842011", "timestamp": "1769383596070", "hash": "335f383ed77d762310c3d7810cb5ad632b860e05", "bids": [{"price": "0.01", "size": "662.54"}, {"price": "0.02", "size": "855.96"}, {"price": "0.03", "size": "264.06"}, {"price": "0.05", "size": "42.4"}, {"price": "0.06", "size": "5.47"}], "asks": [{"price": "0.99", "size": "264.26"}, {"price": "0.98", "size": "162.38"}, {"price": "0.97", "size": "183.33"}, {"price": "0.96", "size": "506.8"}, {"price": "0.95", "size": "230"}, {"price": "0.94", "size": "5.76"}, {"price": "0.93", "size": "185.71"}, {"price": "0.92", "size": "92"}, {"price": "0.91", "size": "11.02"}, {"price": "0.81", "size": "10"}], "event_type": "book", "last_trade_price": ""}, {"market": "0x9f7fbd8e5e9553c1dc29d50129a6378f34487522f4d2dbd64e4bcb1ff22bf814", "asset_id": "55696156247360740690553925715343635687590595576990947774264553723260014508799", "timestamp": "1769382804681", "hash": "ee9f609bd3d475b42522a2cef8072e17d34b332e", "bids": [{"price": "0.01", "size": "662.54"}, {"price": "0.02", "size": "855.96"}, {"price": "0.03", "size": "264.06"}, {"price": "0.05", "size": "42.4"}, {"price": "0.06", "size": "5.47"}], "asks": [{"price": "0.99", "size": "265.43"}, {"price": "0.98", "size": "164.62"}, {"price": "0.97", "size": "183.33"}, {"price": "0.96", "size": "506.8"}, {"price": "0.95", "size": "230"}, {"price": "0.94", "size": "5.51"}, {"price": "0.93", "size": "185.71"}, {"price": "0.92", "size": "92"}, {"price": "0.91", "size": "10.55"}, {"price": "0.81", "size": "10"}], "event_type": "book", "last_trade_price": ""}, {"market": "0x9f7fbd8e5e9553c1dc29d50129a6378f34487522f4d2dbd64e4bcb1ff22bf814", "asset_id": "55450151716763963601498814303100271604603970220728187413290125931257560553370", "timestamp": "1769382804681", "hash": "1abfda1ad3472fd73fbe895e588dfd1cf69f0535", "bids": [{"price": "0.01", "size": "265.43"}, {"price": "0.02", "size": "164.62"}, {"price": "0.03", "size": "183.33"}, {"price": "0.04", "size": "506.8"}, {"price": "0.05", "size": "230"}, {"price": "0.06", "size": "5.51"}, {"price": "0.07", "size": "185.71"}, {"price": "0.08", "size": "92"}, {"price": "0.09", "size": "10.55"}, {"price": "0.19", "size": "10"}], "asks": [{"price": "0.99", "size": "662.54"}, {"price": "0.98", "size": "855.96"}, {"price": "0.97", "size": "264.06"}, {"price": "0.95", "size": "42.4"}, {"price": "0.94", "size": "5.47"}], "event_type": "book", "last_trade_price": ""}]}
{"_local_timestamp": "2026-01-25T23:35:43.078596+00:00", "data": {"market": "0x9f7fbd8e5e9553c1dc29d50129a6378f34487522f4d2dbd64e4bcb1ff22bf814", "price_changes": [{"asset_id": "55450151716763963601498814303100271604603970220728187413290125931257560553370", "price": "0.02", "size": "14.62", "side": "BUY", "hash": "c06f475a9b3b8b9c5d912f7f0e07f6876dfeaa88", "best_bid": "0.19", "best_ask": "0.94"}, {"asset_id": "55696156247360740690553925715343635687590595576990947774264553723260014508799", "price": "0.98", "size": "14.62", "side": "SELL", "hash": "f3e7e94695c99f082a6382970fd81d6d865849b1", "best_bid": "0.06", "best_ask": "0.81"}], "timestamp": "1769384143001", "event_type": "price_change"}}
{"_local_timestamp": "2026-01-25T23:35:47.960851+00:00", "data": {"market": "0x9f7fbd8e5e9553c1dc29d50129a6378f34487522f4d2dbd64e4bcb1ff22bf814", "price_changes": [{"asset_id": "55450151716763963601498814303100271604603970220728187413290125931257560553370", "price": "0.02", "size": "164.62", "side": "BUY", "hash": "ad3f270ef26192b571022bf1361c34c6bc240d9b", "best_bid": "0.19", "best_ask": "0.94"}, {"asset_id": "55696156247360740690553925715343635687590595576990947774264553723260014508799", "price": "0.98", "size": "164.62", "side": "SELL", "hash": "8da4512471f16b2ac8ad92e389939b6455ce91bc", "best_bid": "0.06", "best_ask": "0.81"}], "timestamp": "1769384147891", "event_type": "price_change"}}
