{"_local_timestamp": "2026-01-25T23:33:26.940365+00:00", "data": [{"market": "0x4080b97d35f89bb16eb920d6dd5077f35a29e1316b483b7ec4eacb8083c85187", "asset_id": "108312097152864497868265419044573085938775482234612309427620138545051011392742", "timestamp": "1769383801260", "hash": "6c5cb7b5baab17b431900b8df2ffda59d6786cce", "bids": [{"price": "0.01", "size": "5810.02"}, {"price": "0.02", "size": "2200"}, {"price": "0.03", "size": "8.17"}, {"price": "0.05", "size": "30"}, {"price": "0.06", "size": "33"}, {"price": "0.08", "size": "500"}, {"price": "0.09", "size": "7.27"}, {"price": "0.12", "size": "550"}, {"price": "0.16", "size": "400"}, {"price": "0.17", "size": "66.66"}, {"price": "0.24", "size": "187"}, {"price": "0.26", "size": "50"}, {"price": "0.37", "size": "66.66"}, {"price": "0.41", "size": "100"}, {"price": "0.46", "size": "10"}, {"price": "0.56", "size": "91.66"}], "asks": [{"price": "0.99", "size": "1012.26"}, {"price": "0.98", "size": "512.25"}, {"price": "0.97", "size": "430.07"}, {"price": "0.96", "size": "211.04"}, {"price": "0.95", "size": "100"}, {"price": "0.94", "size": "6.77"}, {"price": "0.93", "size": "47.24"}, {"price": "0.92", "size": "106.86"}, {"price": "0.91", "size": "84.79"}], "event_type": "book", "last_trade_price": "0.140"}, {"market": "0x4080b97d35f89bb16eb920d6dd5077f35a29e1316b483b7ec4eacb8083c85187", "asset_id": "99832745211140516288497291057927262625564041712976529820112907630900477578062", "timestamp": "1769383801260", "hash": "c4e932955ce7112bd61a0c7474b887168d4b53f8", "bids": [{"price": "0.01", "size": "1012.26"}, {"price": "0.02", "size": "512.25"}, {"price": "0.03", "size": "430.07"}, {"price": "0.04", "size": "211.04"}, {"price": "0.05", "size": "100"}, {"price": "0.06", "size": "6.77"}, {"price": "0.07", "size": "47.24"}, {"price": "0.08", "size": "106.86"}, {"price": "0.09", "size": "84.79"}], "asks": [{"price": "0.99", "size": "5810.02"}, {"price": "0.98", "size": "2200"}, {"price": "0.97", "size": "8.17"}, {"price": "0.95", "size": "30"}, {"price": "0.94", "size": "33"}, {"price": "0.92", "size": "500"}, {"price": "0.91", "size": "7.27"}, {"price": "0.88", "size": "550"}, {"price": "0.84", "size": "400"}, {"price": "0.83", "size": "66.66"}, {"price": "0.76", "size": "187"}, {"price": "0.74", "size": "50"}, {"price": "0.63", "size": "66.66"}, {"price": "0.59", "size": "100"}, {"price": "0.54", "size": "10"}, {"price": "0.44", "size": "91.66"}], "event_type": "book", "last_trade_price": "0.140"}, {"market": "0xd9b852a14e28db613310d47291485953c84f083552af33ee8db0003fb4e99e7e", "asset_id": "93217517754515634549757171548341022518344336366056468204395557889360980237979", "timestamp": "1769383909528", "hash": "d21ecca5e6465c66a79e802fb25c95a861769e77", "bids": [{"price": "0.001", "size": "3388.07"}, {"price": "0.002", "size": "1258.3"}, {"price": "0.003", "size": "1400"}, {"price": "0.004", "size": "14.27"}, {"price": "0.006", "size": "200"}, {"price": "0.01", "size": "6800"}, {"price": "0.011", "size": "14.05"}, {"price": "0.02", "size": "2700"}, {"price": "0.03", "size": "375"}, {"price": "0.031", "size": "11.04"}, {"price": "0.05", "size": "30"}, {"price": "0.051", "size": "39"}, {"price": "0.08", "size": "600"}, {"price": "0.081", "size": "100"}, {"price": "0.082", "size": "6.07"}, {"price": "0.11", "size": "550"}, {"price": "0.18", "size": "650"}, {"price": "0.181", "size": "5.1"}, {"price": "0.242", "size": "200"}, {"price": "0.36", "size": "150"}, {"price": "0.465", "size": "100"}, {"price": "0.466", "size": "20"}, {"price": "0.523", "size": "5"}, {"price": "0.524", "size": "100"}, {"price": "0.75", "size": "10"}], "asks": [{"price": "0.999", "size": "3562.89"}, {"price": "0.998", "size": "487.54"}, {"price": "0.997", "size": "291.82"}, {"price": "0.996", "size": "418.89"}, {"price": "0.995", "size": "202.29"}, {"price": "0.991", "size": "33.5"}, {"price": "0.99", "size": "15.82"}, {"price": "0.988", "size": "175.88"}, {"price": "0.987", "size": "33.5"}], "event_type": "book", "last_trade_price": ""}, {"market": "0xd9b852a14e28db613310d47291485953c84f083552af33ee8db0003fb4e99e7e", "asset_id": "41691779447137833132922563476416191042111819199374960055768641733413652738162", "timestamp": "1769383909528", "hash": "9d0dcca1fa59014f7f74b34aaf94022e9394d5be", "bids": [{"price": "0.001", "size": "3562.89"}, {"price": "0.002", "size": "487.54"}, {"price": "0.003", "size": "291.82"}, {"price": "0.004", "size": "418.89"}, {"price": "0.005", "size": "202.29"}, {"price": "0.009", "size": "33.5"}, {"price": "0.01", "size": "15.82"}, {"price": "0.012", "size": "175.88"}, {"price": "0.013", "size": "33.5"}], "asks": [{"price": "0.999", "size": "3388.07"}, {"price": "0.998", "size": "1258.3"}, {"price": "0.997", "size": "1400"}, {"price": "0.996", "size": "14.27"}, {"price": "0.994", "size": "200"}, {"price": "0.99", "size": "6800"}, {"price": "0.989", "size": "14.05"}, {"price": "0.98", "size": "2700"}, {"price": "0.97", "size": "375"}, {"price": "0.969", "size": "11.04"}, {"price": "0.95", "size": "30"}, {"price": "0.949", "size": "39"}, {"price": "0.92", "size": "600"}, {"price": "0.919", "size": "100"}, {"price": "0.918", "size": "6.07"}, {"price": "0.89", "size": "550"}, {"price": "0.82", "size": "650"}, {"price": "0.819", "size": "5.1"}, {"price": "0.758", "size": "200"}, {"price": "0.64", "size": "150"}, {"price": "0.535", "size": "100"}, {"price": "0.534", "size": "20"}, {"price": "0.477", "size": "5"}, {"price": "0.476", "size": "100"}, {"price": "0.25", "size": "10"}], "event_type": "book", "last_trade_price": ""}]}
{"_local_timestamp": "2026-01-25T23:33:44.668543+00:00", "data": {"market": "0x4080b97d35f89bb16eb920d6dd5077f35a29e1316b483b7ec4eacb8083c85187", "price_changes": [{"asset_id": "108312097152864497868265419044573085938775482234612309427620138545051011392742", "price": "0.29", "size": "150", "side": "BUY", "hash": "495860123a0296eb2062fc749110396598204bfc", "best_bid": "0.56", "best_ask": "0.91"}, {"asset_id": "99832745211140516288497291057927262625564041712976529820112907630900477578062", "price": "0.71", "size": "150", "side": "SELL", "hash": "dd3cb1982cbb250445d6bb7aaacd4522dc26f7bd", "best_bid": "0.09", "best_ask": "0.44"}], "timestamp": "1769384024601", "event_type": "price_change"}}
{"_local_timestamp": "2026-01-25T23:34:37.613723+00:00", "data": {"market": "0xd9b852a14e28db613310d47291485953c84f083552af33ee8db0003fb4e99e7e", "price_changes": [{"asset_id": "41691779447137833132922563476416191042111819199374960055768641733413652738162", "price": "0.005", "size": "132.61", "side": "BUY", "hash": "745b36b8b7283388783154a9355312e3837ec093", "best_bid": "0.013", "best_ask": "0.25"}, {"asset_id": "93217517754515634549757171548341022518344336366056468204395557889360980237979", "price": "0.995", "size": "132.61", "side": "SELL", "hash": "0c8ce9f51a53fac856e42b8cba6083f845f0a563", "best_bid": "0.75", "best_ask": "0.987"}], "timestamp": "1769384077535", "event_type": "price_change"}}
{"_local_timestamp": "2026-01-25T23:34:37.614632+00:00", "data": {"market": "0xd9b852a14e28db613310d47291485953c84f083552af33ee8db0003fb4e99e7e", "price_changes": [{"asset_id": "41691779447137833132922563476416191042111819199374960055768641733413652738162", "price": "0.012", "size": "170", "side": "BUY", "hash": "745b36b8b7283388783154a9355312e3837ec093", "best_bid": "0.013", "best_ask": "0.25"}, {"asset_id": "93217517754515634549757171548341022518344336366056468204395557889360980237979", "price": "0.988", "size": "170", "side": "SELL", "hash": "0c8ce9f51a53fac856e42b8cba6083f845f0a563", "best_bid": "0.75", "best_ask": "0.987"}], "timestamp": "1769384077535", "event_type": "price_change"}}
{"_local_timestamp": "2026-01-25T23:34:37.947271+00:00", "data": {"market": "0xd9b852a14e28db613310d47291485953c84f083552af33ee8db0003fb4e99e7e", "price_changes": [{"asset_id": "41691779447137833132922563476416191042111819199374960055768641733413652738162", "price": "0.01", "size": "23.49", "side": "BUY", "hash": "6993b11a605950bc9f7d9203d709c8e872c6b266", "best_bid": "0.013", "best_ask": "0.25"}, {"asset_id": "93217517754515634549757171548341022518344336366056468204395557889360980237979", "price": "0.99", "size": "23.49", "side": "SELL", "hash": "810829875dace0d9bac8b8b82a664937c6143e41", "best_bid": "0.75", "best_ask": "0.987"}], "timestamp": "1769384077882", "event_type": "price_change"}}
{"_local_timestamp": "2026-01-25T23:34:37.947775+00:00", "data": {"market": "0xd9b852a14e28db613310d47291485953c84f083552af33ee8db0003fb4e99e7e", "price_changes": [{"asset_id": "41691779447137833132922563476416191042111819199374960055768641733413652738162", "price": "0.006", "size": "57.79", "side": "BUY", "hash": "e785b3f8f95656ea02557ce8fde9f98547e3fcfb", "best_bid": "0.013", "best_ask": "0.25"}, {"asset_id": "93217517754515634549757171548341022518344336366056468204395557889360980237979", "price": "0.994", "size": "57.79", "side": "SELL", "hash": "d5b13314eca540c81d91f5a17de85f76e44ba0b8", "best_bid": "0.75", "best_ask": "0.987"}], "timestamp": "1769384077883", "event_type": "price_change"}}
{"_local_timestamp": "2026-01-25T23:34:37.953224+00:00", "data": {"market": "0xd9b852a14e28db613310d47291485953c84f083552af33ee8db0003fb4e99e7e", "price_changes": [{"asset_id": "41691779447137833132922563476416191042111819199374960055768641733413652738162", "price": "0.013", "size": "39.98", "side": "BUY", "hash": "243717622e3b28a782c6dba6a04e88625057e1c0", "best_bid": "0.013", "best_ask": "0.25"}, {"asset_id": "93217517754515634549757171548341022518344336366056468204395557889360980237979", "price": "0.987", "size": "39.98", "side": "SELL", "hash": "7fa6408dc280e7b3ad96adf74ba73929a23c5127", "best_bid": "0.75", "best_ask": "0.987"}], "timestamp": "1769384077885", "event_type": "price_change"}}
{"_local_timestamp": "2026-01-25T23:34:40.046427+00:00", "data": {"market": "0x4080b97d35f89bb16eb920d6dd5077f35a29e1316b483b7ec4eacb8083c85187", "price_changes": [{"asset_id": "108312097152864497868265419044573085938775482234612309427620138545051011392742", "price": "0.37", "size": "0", "side": "BUY", "hash": "cb6edffd55249844bf833c8a2490c5c22c734641", "best_bid": "0.56", "best_ask": "0.91"}, {"asset_id": "99832745211140516288497291057927262625564041712976529820112907630900477578062", "price": "0.63", "size": "0", "side": "SELL", "hash": "bb81b4aaaa6975bea4b8de3194c5c8d3bae3af3a", "best_bid": "0.09", "best_ask": "0.44"}], "timestamp": "1769384079899", "event_type": "price_change"}}
{"_local_timestamp": "2026-01-25T23:34:40.046864+00:00", "data": {"market": "0x4080b97d35f89bb16eb920d6dd5077f35a29e1316b483b7ec4eacb8083c85187", "price_changes": [{"asset_id": "108312097152864497868265419044573085938775482234612309427620138545051011392742", "price": "0.17", "size": "0", "side": "BUY", "hash": "cb6edffd55249844bf833c8a2490c5c22c734641", "best_bid": "0.56", "best_ask": "0.91"}, {"asset_id": "99832745211140516288497291057927262625564041712976529820112907630900477578062", "price": "0.83", "size": "0", "side": "SELL", "hash": "bb81b4aaaa6975bea4b8de3194c5c8d3bae3af3a", "best_bid": "0.09", "best_ask": "0.44"}], "timestamp": "1769384079899", "event_type": "price_change"}}
{"_local_timestamp": "2026-01-25T23:34:40.680804+00:00", "data": {"market": "0x4080b97d35f89bb16eb920d6dd5077f35a29e1316b483b7ec4eacb8083c85187", "price_changes": [{"asset_id": "108312097152864497868265419044573085938775482234612309427620138545051011392742", "price": "0.41", "size": "166.66", "side": "BUY", "hash": "e60e282e7ba5e8044a8b37245bd34959b86428da", "best_bid": "0.56", "best_ask": "0.91"}, {"asset_id": "99832745211140516288497291057927262625564041712976529820112907630900477578062", "price": "0.59", "size": "166.66", "side": "SELL", "hash": "762ed9ef349d1850f28ef705df64915fb35d98ea", "best_bid": "0.09", "best_ask": "0.44"}], "timestamp": "1769384080513", "event_type": "price_change"}}
{"_local_timestamp": "2026-01-25T23:34:40.683746+00:00", "data": {"market": "0x4080b97d35f89bb16eb920d6dd5077f35a29e1316b483b7ec4eacb8083c85187", "price_changes": [{"asset_id": "108312097152864497868265419044573085938775482234612309427620138545051011392742", "price": "0.25", "size": "66.66", "side": "BUY", "hash": "35426e03f6d93003c208aaea4f5257ca96401b38", "best_bid": "0.56", "best_ask": "0.91"}, {"asset_id": "99832745211140516288497291057927262625564041712976529820112907630900477578062", "price": "0.75", "size": "66.66", "side": "SELL", "hash": "087f0e0796bf8bfda2733ad39eff67ba4febc1c3", "best_bid": "0.09", "best_ask": "0.44"}], "timestamp": "1769384080528", "event_type": "price_change"}}
{"_local_timestamp": "2026-01-25T23:34:43.639866+00:00", "data": {"market": "0x4080b97d35f89bb16eb920d6dd5077f35a29e1316b483b7ec4eacb8083c85187", "price_changes": [{"asset_id": "108312097152864497868265419044573085938775482234612309427620138545051011392742", "price": "0.26", "size": "0", "side": "BUY", "hash": "6bcfa004ff0723d6c3652c072076937391a83126", "best_bid": "0.56", "best_ask": "0.91"}, {"asset_id": "99832745211140516288497291057927262625564041712976529820112907630900477578062", "price": "0.74", "size": "0", "side": "SELL", "hash": "dc77204ab495576e516161dc78aba58a3f74d471", "best_bid": "0.09", "best_ask": "0.44"}], "timestamp": "1769384083551", "event_type": "price_change"}}
