{"_local_timestamp": "2026-01-25T23:33:46.772330+00:00", "data": [{"market": "0x734292c6243ba3591eaa677eff5e8643ee411ad241af441c6db4b2b92a581cfc", "asset_id": "51167478180387074803337817663659634391413116931006396061068508903042207217732", "timestamp": "1769384025516", "hash": "e53bbb47b315b2d5aad6b283fd292986a1320b41", "bids": [{"price": "0.01", "size": "130.41"}, {"price": "0.02", "size": "161"}, {"price": "0.03", "size": "8.58"}, {"price": "0.05", "size": "1010"}, {"price": "0.06", "size": "11.14"}, {"price": "0.08", "size": "200"}, {"price": "0.09", "size": "111.11"}, {"price": "0.1", "size": "340"}, {"price": "0.11", "size": "610"}, {"price": "0.13", "size": "200"}, {"price": "0.14", "size": "10"}, {"price": "0.17", "size": "289.86"}, {"price": "0.18", "size": "184"}, {"price": "0.19", "size": "119.99"}], "asks": [{"price": "0.99", "size": "1137.91"}, {"price": "0.98", "size": "400"}, {"price": "0.97", "size": "10.29"}, {"price": "0.91", "size": "111.11"}, {"price": "0.9", "size": "500"}, {"price": "0.89", "size": "5.38"}, {"price": "0.88", "size": "803"}, {"price": "0.82", "size": "250"}, {"price": "0.81", "size": "2460"}, {"price": "0.8", "size": "100"}, {"price": "0.79", "size": "80"}, {"price": "0.72", "size": "150"}, {"price": "0.7", "size": "30"}, {"price": "0.65", "size": "10"}, {"price": "0.6", "size": "15"}, {"price": "0.49", "size": "15.69"}, {"price": "0.48", "size": "40"}, {"price": "0.37", "size": "5"}, {"price": "0.3", "size": "18.57"}, {"price": "0.29", "size": "15.49"}, {"price": "0.25", "size": "5"}, {"price": "0.24", "size": "10"}, {"price": "0.23", "size": "448.37"}, {"price": "0.22", "size": "215.54"}, {"price": "0.21", "size": "26.4"}], "event_type": "book", "last_trade_price": "0.780"}, {"market": "0x734292c6243ba3591eaa677eff5e8643ee411ad241af441c6db4b2b92a581cfc", "asset_id": "15994613426158673669823951754185337511629185112820490628757804515285048355477", "timestamp": "1769384025516", "hash": "2e1ca1b2fc6c3a52193a96665bd3c4a2ec333b86", "bids": [{"price": "0.01", "size": "1137.91"}, {"price": "0.02", "size": "400"}, {"price": "0.03", "size": "10.29"}, {"price": "0.09", "size": "111.11"}, {"price": "0.1", "size": "500"}, {"price": "0.11", "size": "5.38"}, {"price": "0.12", "size": "803"}, {"price": "0.18", "size": "250"}, {"price": "0.19", "size": "2460"}, {"price": "0.2", "size": "100"}, {"price": "0.21", "size": "80"}, {"price": "0.28", "size": "150"}, {"price": "0.3", "size": "30"}, {"price": "0.35", "size": "10"}, {"price": "0.4", "size": "15"}, {"price": "0.51", "size": "15.69"}, {"price": "0.52", "size": "40"}, {"price": "0.63", "size": "5"}, {"price": "0.7", "size": "18.57"}, {"price": "0.71", "size": "15.49"}, {"price": "0.75", "size": "5"}, {"price": "0.76", "size": "10"}, {"price": "0.77", "size": "448.37"}, {"price": "0.78", "size": "215.54"}, {"price": "0.79", "size": "26.4"}], "asks": [{"price": "0.99", "size": "130.41"}, {"price": "0.98", "size": "161"}, {"price": "0.97", "size": "8.58"}, {"price": "0.95", "size": "1010"}, {"price": "0.94", "size": "11.14"}, {"price": "0.92", "size": "200"}, {"price": "0.91", "size": "111.11"}, {"price": "0.9", "size": "340"}, {"price": "0.89", "size": "610"}, {"price": "0.87", "size": "200"}, {"price": "0.86", "size": "10"}, {"price": "0.83", "size": "289.86"}, {"price": "0.82", "size": "184"}, {"price": "0.81", "size": "119.99"}], "event_type": "book", "last_trade_price": "0.780"}]}
{"_local_timestamp": "2026-01-25T23:33:47.049752+00:00", "data": {"market": "0x734292c6243ba3591eaa677eff5e8643ee411ad241af441c6db4b2b92a581cfc", "price_changes": [{"asset_id": "51167478180387074803337817663659634391413116931006396061068508903042207217732", "price": "0.22", "size": "189.54", "side": "SELL", "hash": "7a1ba546b23c3ab7eb95d16ac59f37258f64239d", "best_bid": "0.19", "best_ask": "0.21"}, {"asset_id": "15994613426158673669823951754185337511629185112820490628757804515285048355477", "price": "0.78", "size": "189.54", "side": "BUY", "hash": "0214b792012b9c892455d2e62ee60c078c1ce7ef", "best_bid": "0.79", "best_ask": "0.81"}], "timestamp": "1769384026985", "event_type": "price_change"}}
{"_local_timestamp": "2026-01-25T23:33:47.097375+00:00", "data": {"market": "0x734292c6243ba3591eaa677eff5e8643ee411ad241af441c6db4b2b92a581cfc", "price_changes": [{"asset_id": "51167478180387074803337817663659634391413116931006396061068508903042207217732", "price": "0.22", "size": "215.54", "side": "SELL", "hash": "847694aec72e1d25ce327ad86d5f6d5e969ae2e8", "best_bid": "0.19", "best_ask": "0.21"}, {"asset_id": "15994613426158673669823951754185337511629185112820490628757804515285048355477", "price": "0.78", "size": "215.54", "side": "BUY", "hash": "85566d3a54b325f36ae8b99e0d9bec5836baa5ef", "best_bid": "0.79", "best_ask": "0.81"}], "timestamp": "1769384027013", "event_type": "price_change"}}
{"_local_timestamp": "2026-01-25T23:33:48.548065+00:00", "data": {"market": "0x734292c6243ba3591eaa677eff5e8643ee411ad241af441c6db4b2b92a581cfc", "price_changes": [{"asset_id": "51167478180387074803337817663659634391413116931006396061068508903042207217732", "price": "0.22", "size": "189.54", "side": "SELL", "hash": "c10b989abf40fadd56dda48ec807345eb6640b45", "best_bid": "0.19", "best_ask": "0.21"}, {"asset_id": "15994613426158673669823951754185337511629185112820490628757804515285048355477", "price": "0.78", "size": "189.54", "side": "BUY", "hash": "837294b9dbdbf8d9aa202e5dccbcfb3ad9807bf6", "best_bid": "0.79", "best_ask": "0.81"}], "timestamp": "1769384028483", "event_type": "price_change"}}
{"_local_timestamp": "2026-01-25T23:33:48.571044+00:00", "data": {"market": "0x734292c6243ba3591eaa677eff5e8643ee411ad241af441c6db4b2b92a581cfc", "price_changes": [{"asset_id": "51167478180387074803337817663659634391413116931006396061068508903042207217732", "price": "0.22", "size": "215.54", "side": "SELL", "hash": "1bb9eb3684e091c2f0bab365dbd7f74beb930b73", "best_bid": "0.19", "best_ask": "0.21"}, {"asset_id": "15994613426158673669823951754185337511629185112820490628757804515285048355477", "price": "0.78", "size": "215.54", "side": "BUY", "hash": "6dc62dfaf74f619762892d8d8c4c537bb84df742", "best_bid": "0.79", "best_ask": "0.81"}], "timestamp": "1769384028507", "event_type": "price_change"}}
{"_local_timestamp": "2026-01-25T23:33:50.050109+00:00", "data": {"market": "0x734292c6243ba3591eaa677eff5e8643ee411ad241af441c6db4b2b92a581cfc", "price_changes": [{"asset_id": "51167478180387074803337817663659634391413116931006396061068508903042207217732", "price": "0.22", "size": "189.54", "side": "SELL", "hash": "b653ef8083aa182558f26e29e34f04d60a22b732", "best_bid": "0.19", "best_ask": "0.21"}, {"asset_id": "15994613426158673669823951754185337511629185112820490628757804515285048355477", "price": "0.78", "size": "189.54", "side": "BUY", "hash": "e8101fe28ecb86a0a53230732580866407e08ffd", "best_bid": "0.79", "best_ask": "0.81"}], "timestamp": "1769384029985", "event_type": "price_change"}}
{"_local_timestamp": "2026-01-25T23:33:50.085506+00:00", "data": {"market": "0x734292c6243ba3591eaa677eff5e8643ee411ad241af441c6db4b2b92a581cfc", "price_changes": [{"asset_id": "51167478180387074803337817663659634391413116931006396061068508903042207217732", "price": "0.22", "size": "215.54", "side": "SELL", "hash": "e2520a418855aae0281684e6827bf82001edab2c", "best_bid": "0.19", "best_ask": "0.21"}, {"asset_id": "15994613426158673669823951754185337511629185112820490628757804515285048355477", "price": "0.78", "size": "215.54", "side": "BUY", "hash": "4a1ec0e2ce6c875bff0e77914dce574b1d753569", "best_bid": "0.79", "best_ask": "0.81"}], "timestamp": "1769384030020", "event_type": "price_change"}}
{"_local_timestamp": "2026-01-25T23:33:51.550801+00:00", "data": {"market": "0x734292c6243ba3591eaa677eff5e8643ee411ad241af441c6db4b2b92a581cfc", "price_changes": [{"asset_id": "51167478180387074803337817663659634391413116931006396061068508903042207217732", "price": "0.22", "size": "189.54", "side": "SELL", "hash": "7f4f23764cecb53041329cbe82857dfa6f9235a5", "best_bid": "0.19", "best_ask": "0.21"}, {"asset_id": "15994613426158673669823951754185337511629185112820490628757804515285048355477", "price": "0.78", "size": "189.54", "side": "BUY", "hash": "039e188f296307d647c86b2777f486f716904bec", "best_bid": "0.79", "best_ask": "0.81"}], "timestamp": "1769384031484", "event_type": "price_change"}}
{"_local_timestamp": "2026-01-25T23:33:51.581151+00:00", "data": {"market": "0x734292c6243ba3591eaa677eff5e8643ee411ad241af441c6db4b2b92a581cfc", "price_changes": [{"asset_id": "51167478180387074803337817663659634391413116931006396061068508903042207217732", "price": "0.22", "size": "215.54", "side": "SELL", "hash": "937846822f573e496aca098330f7f1abf544da37", "best_bid": "0.19", "best_ask": "0.21"}, {"asset_id": "15994613426158673669823951754185337511629185112820490628757804515285048355477", "price": "0.78", "size": "215.54", "side": "BUY", "hash": "17a6b7cd24913600f870fd6ce2ac47bcc00ba3cc", "best_bid": "0.79", "best_ask": "0.81"}], "timestamp": "1769384031512", "event_type": "price_change"}}
{"_local_timestamp": "2026-01-25T23:33:53.056186+00:00", "data": {"market": "0x734292c6243ba3591eaa677eff5e8643ee411ad241af441c6db4b2b92a581cfc", "price_changes": [{"asset_id": "51167478180387074803337817663659634391413116931006396061068508903042207217732", "price": "0.22", "size": "189.54", "side": "SELL", "hash": "2318dd5fb0a3f7c081604efcc63e3c9d45b21601", "best_bid": "0.19", "best_ask": "0.21"}, {"asset_id": "15994613426158673669823951754185337511629185112820490628757804515285048355477", "price": "0.78", "size": "189.54", "side": "BUY", "hash": "fb18972032d2e2d6404849c917431d48eb5882a7", "best_bid": "0.79", "best_ask": "0.81"}], "timestamp": "1769384032984", "event_type": "price_change"}}
{"_local_timestamp": "2026-01-25T23:33:53.089079+00:00", "data": {"market": "0x734292c6243ba3591eaa677eff5e8643ee411ad241af441c6db4b2b92a581cfc", "price_changes": [{"asset_id": "51167478180387074803337817663659634391413116931006396061068508903042207217732", "price": "0.22", "size": "215.54", "side": "SELL", "hash": "6bbdd92130611b046cce263b6eac26d08f3ad7a1", "best_bid": "0.19", "best_ask": "0.21"}, {"asset_id": "15994613426158673669823951754185337511629185112820490628757804515285048355477", "price": "0.78", "size": "215.54", "side": "BUY", "hash": "36e8fce11651cc1ca689ef163ed09ecd375e1350", "best_bid": "0.79", "best_ask": "0.81"}], "timestamp": "1769384033011", "event_type": "price_change"}}
{"_local_timestamp": "2026-01-25T23:33:54.560408+00:00", "data": {"market": "0x734292c6243ba3591eaa677eff5e8643ee411ad241af441c6db4b2b92a581cfc", "price_changes": [{"asset_id": "51167478180387074803337817663659634391413116931006396061068508903042207217732", "price": "0.22", "size": "189.54", "side": "SELL", "hash": "c093735fb2f77c6a7e475fac52558e85319bbf77", "best_bid": "0.19", "best_ask": "0.21"}, {"asset_id": "15994613426158673669823951754185337511629185112820490628757804515285048355477", "price": "0.78", "size": "189.54", "side": "BUY", "hash": "e4509398ad92aa013830284eb3dc0d55de61a52b", "best_bid": "0.79", "best_ask": "0.81"}], "timestamp": "1769384034485", "event_type": "price_change"}}
{"_local_timestamp": "2026-01-25T23:33:54.590305+00:00", "data": {"market": "0x734292c6243ba3591eaa677eff5e8643ee411ad241af441c6db4b2b92a581cfc", "price_changes": [{"asset_id": "51167478180387074803337817663659634391413116931006396061068508903042207217732", "price": "0.22", "size": "215.54", "side": "SELL", "hash": "e3147b14b5fc0bb04a350e80ff5f1dcd54c2d6cd", "best_bid": "0.19", "best_ask": "0.21"}, {"asset_id": "15994613426158673669823951754185337511629185112820490628757804515285048355477", "price": "0.78", "size": "215.54", "side": "BUY", "hash": "2aa09b08018af60e7c2a324bec463ef32647e8af", "best_bid": "0.79", "best_ask": "0.81"}], "timestamp": "1769384034509", "event_type": "price_change"}}
{"_local_timestamp": "2026-01-25T23:33:56.065633+00:00", "data": {"market": "0x734292c6243ba3591eaa677eff5e8643ee411ad241af441c6db4b2b92a581cfc", "price_changes": [{"asset_id": "51167478180387074803337817663659634391413116931006396061068508903042207217732", "price": "0.22", "size": "189.54", "side": "SELL", "hash": "7ba9baf9f78948e9abe3299a8ac7b1896554ca26", "best_bid": "0.19", "best_ask": "0.21"}, {"asset_id": "15994613426158673669823951754185337511629185112820490628757804515285048355477", "price": "0.78", "size": "189.54", "side": "BUY", "hash": "e20c63daa4f88d3025a97abcde95fc8c186e70da", "best_bid": "0.79", "best_ask": "0.81"}], "timestamp": "1769384035987", "event_type": "price_change"}}
{"_local_timestamp": "2026-01-25T23:33:56.106691+00:00", "data": {"market": "0x734292c6243ba3591eaa677eff5e8643ee411ad241af441c6db4b2b92a581cfc", "price_changes": [{"asset_id": "51167478180387074803337817663659634391413116931006396061068508903042207217732", "price": "0.22", "size": "215.54", "side": "SELL", "hash": "ccdba1ccd2ac7f3e2f4117ccf19af07395de1af5", "best_bid": "0.19", "best_ask": "0.21"}, {"asset_id": "15994613426158673669823951754185337511629185112820490628757804515285048355477", "price": "0.78", "size": "215.54", "side": "BUY", "hash": "416d68993ee70b5ef90ac472aa100c5492417d2e", "best_bid": "0.79", "best_ask": "0.81"}], "timestamp": "1769384036012", "event_type": "price_change"}}
{"_local_timestamp": "2026-01-25T23:33:57.553895+00:00", "data": {"market": "0x734292c6243ba3591eaa677eff5e8643ee411ad241af441c6db4b2b92a581cfc", "price_changes": [{"asset_id": "51167478180387074803337817663659634391413116931006396061068508903042207217732", "price": "0.22", "size": "189.54", "side": "SELL", "hash": "34e012b750e829a274383cbcfefc08baa9eeb0b2", "best_bid": "0.19", "best_ask": "0.21"}, {"asset_id": "15994613426158673669823951754185337511629185112820490628757804515285048355477", "price": "0.78", "size": "189.54", "side": "BUY", "hash": "55f2f501ca66b96d7ad19bb936b2e299c8ee6fc4", "best_bid": "0.79", "best_ask": "0.81"}], "timestamp": "1769384037484", "event_type": "price_change"}}
{"_local_timestamp": "2026-01-25T23:33:57.575592+00:00", "data": {"market": "0x734292c6243ba3591eaa677eff5e8643ee411ad241af441c6db4b2b92a581cfc", "price_changes": [{"asset_id": "51167478180387074803337817663659634391413116931006396061068508903042207217732", "price": "0.22", "size": "215.54", "side": "SELL", "hash": "b4257800408056fdd15992c7f282491a615d26c1", "best_bid": "0.19", "best_ask": "0.21"}, {"asset_id": "15994613426158673669823951754185337511629185112820490628757804515285048355477", "price": "0.78", "size": "215.54", "side": "BUY", "hash": "0b9401470e748726b9236038c54d43a86f2651ee", "best_bid": "0.79", "best_ask": "0.81"}], "timestamp": "1769384037509", "event_type": "price_change"}}
{"_local_timestamp": "2026-01-25T23:33:59.053012+00:00", "data": {"market": "0x734292c6243ba3591eaa677eff5e8643ee411ad241af441c6db4b2b92a581cfc", "price_changes": [{"asset_id": "51167478180387074803337817663659634391413116931006396061068508903042207217732", "price": "0.22", "size": "189.54", "side": "SELL", "hash": "60b044d70dedb45324c0da7953819bcb136d8d48", "best_bid": "0.19", "best_ask": "0.21"}, {"asset_id": "15994613426158673669823951754185337511629185112820490628757804515285048355477", "price": "0.78", "size": "189.54", "side": "BUY", "hash": "43c6db7b3d14f8192dc44f9b500977c05f7ea54d", "best_bid": "0.79", "best_ask": "0.81"}], "timestamp": "1769384038984", "event_type": "price_change"}}
{"_local_timestamp": "2026-01-25T23:33:59.091084+00:00", "data": {"market": "0x734292c6243ba3591eaa677eff5e8643ee411ad241af441c6db4b2b92a581cfc", "price_changes": [{"asset_id": "51167478180387074803337817663659634391413116931006396061068508903042207217732", "price": "0.22", "size": "215.54", "side": "SELL", "hash": "63be1f0ab827ef6ce0606b4ca61cbbccda089785", "best_bid": "0.19", "best_ask": "0.21"}, {"asset_id": "15994613426158673669823951754185337511629185112820490628757804515285048355477", "price": "0.78", "size": "215.54", "side": "BUY", "hash": "97b43459459b2d6222298b6c6a567f2014d7192e", "best_bid": "0.79", "best_ask": "0.81"}], "timestamp": "1769384039010", "event_type": "price_change"}}
{"_local_timestamp": "2026-01-25T23:34:00.555692+00:00", "data": {"market": "0x734292c6243ba3591eaa677eff5e8643ee411ad241af441c6db4b2b92a581cfc", "price_changes": [{"asset_id": "51167478180387074803337817663659634391413116931006396061068508903042207217732", "price": "0.22", "size": "189.54", "side": "SELL", "hash": "c9243dfcf7552342a4692fece61b50f443e26475", "best_bid": "0.19", "best_ask": "0.21"}, {"asset_id": "15994613426158673669823951754185337511629185112820490628757804515285048355477", "price": "0.78", "size": "189.54", "side": "BUY", "hash": "912dc70ac7b33f5232db0fb35856435f7487bf02", "best_bid": "0.79", "best_ask": "0.81"}], "timestamp": "1769384040484", "event_type": "price_change"}}
{"_local_timestamp": "2026-01-25T23:34:00.575757+00:00", "data": {"market": "0x734292c6243ba3591eaa677eff5e8643ee411ad241af441c6db4b2b92a581cfc", "price_changes": [{"asset_id": "51167478180387074803337817663659634391413116931006396061068508903042207217732", "price": "0.22", "size": "215.54", "side": "SELL", "hash": "76203d3e4b8da3ace9411043d8cb752f8d2b6b6b", "best_bid": "0.19", "best_ask": "0.21"}, {"asset_id": "15994613426158673669823951754185337511629185112820490628757804515285048355477", "price": "0.78", "size": "215.54", "side": "BUY", "hash": "0262a70236f592f1cd14270069ae0af39d901028", "best_bid": "0.79", "best_ask": "0.81"}], "timestamp": "1769384040508", "event_type": "price_change"}}
{"_local_timestamp": "2026-01-25T23:34:02.050524+00:00", "data": {"market": "0x734292c6243ba3591eaa677eff5e8643ee411ad241af441c6db4b2b92a581cfc", "price_changes": [{"asset_id": "51167478180387074803337817663659634391413116931006396061068508903042207217732", "price": "0.22", "size": "189.54", "side": "SELL", "hash": "a1490e465ae14a8eb2e7f72f14332c132a11d7d0", "best_bid": "0.19", "best_ask": "0.21"}, {"asset_id": "15994613426158673669823951754185337511629185112820490628757804515285048355477", "price": "0.78", "size": "189.54", "side": "BUY", "hash": "801cabb77837f30b8e1707eb705e19d27ddc1f2b", "best_bid": "0.79", "best_ask": "0.81"}], "timestamp": "1769384041984", "event_type": "price_change"}}
{"_local_timestamp": "2026-01-25T23:34:02.098752+00:00", "data": {"market": "0x734292c6243ba3591eaa677eff5e8643ee411ad241af441c6db4b2b92a581cfc", "price_changes": [{"asset_id": "51167478180387074803337817663659634391413116931006396061068508903042207217732", "price": "0.22", "size": "215.54", "side": "SELL", "hash": "70959d67e9c729851fc5d9c78a64649c529c558a", "best_bid": "0.19", "best_ask": "0.21"}, {"asset_id": "15994613426158673669823951754185337511629185112820490628757804515285048355477", "price": "0.78", "size": "215.54", "side": "BUY", "hash": "5838e3a95c9d72be0e731360dc7be283f183c857", "best_bid": "0.79", "best_ask": "0.81"}], "timestamp": "1769384042009", "event_type": "price_change"}}
{"_local_timestamp": "2026-01-25T23:34:03.554546+00:00", "data": {"market": "0x734292c6243ba3591eaa677eff5e8643ee411ad241af441c6db4b2b92a581cfc", "price_changes": [{"asset_id": "51167478180387074803337817663659634391413116931006396061068508903042207217732", "price": "0.22", "size": "189.54", "side": "SELL", "hash": "96abc5e60ae69fcb05f3757d2a7b04676c038b44", "best_bid": "0.19", "best_ask": "0.21"}, {"asset_id": "15994613426158673669823951754185337511629185112820490628757804515285048355477", "price": "0.78", "size": "189.54", "side": "BUY", "hash": "aaf8beaa23592e2b031a8b09bf89ac5d547fef8a", "best_bid": "0.79", "best_ask": "0.81"}], "timestamp": "1769384043484", "event_type": "price_change"}}
{"_local_timestamp": "2026-01-25T23:34:03.587249+00:00", "data": {"market": "0x734292c6243ba3591eaa677eff5e8643ee411ad241af441c6db4b2b92a581cfc", "price_changes": [{"asset_id": "51167478180387074803337817663659634391413116931006396061068508903042207217732", "price": "0.22", "size": "215.54", "side": "SELL", "hash": "15f599132c92c844bd35cd038e1a4d9e9ddf2443", "best_bid": "0.19", "best_ask": "0.21"}, {"asset_id": "15994613426158673669823951754185337511629185112820490628757804515285048355477", "price": "0.78", "size": "215.54", "side": "BUY", "hash": "c5946129aba42f3fac918922afdad38e84884509", "best_bid": "0.79", "best_ask": "0.81"}], "timestamp": "1769384043510", "event_type": "price_change"}}
{"_local_timestamp": "2026-01-25T23:34:05.129045+00:00", "data": {"market": "0x734292c6243ba3591eaa677eff5e8643ee411ad241af441c6db4b2b92a581cfc", "price_changes": [{"asset_id": "51167478180387074803337817663659634391413116931006396061068508903042207217732", "price": "0.22", "size": "189.54", "side": "SELL", "hash": "d2adc6b48fd848b8e12dccb06a663f43cac6a5ac", "best_bid": "0.19", "best_ask": "0.21"}, {"asset_id": "15994613426158673669823951754185337511629185112820490628757804515285048355477", "price": "0.78", "size": "189.54", "side": "BUY", "hash": "050e012959171b4d9499878e9c92394d65178124", "best_bid": "0.79", "best_ask": "0.81"}], "timestamp": "1769384044983", "event_type": "price_change"}}
{"_local_timestamp": "2026-01-25T23:34:05.180084+00:00", "data": {"market": "0x734292c6243ba3591eaa677eff5e8643ee411ad241af441c6db4b2b92a581cfc", "price_changes": [{"asset_id": "51167478180387074803337817663659634391413116931006396061068508903042207217732", "price": "0.22", "size": "215.54", "side": "SELL", "hash": "5fa8f55dccf781b62334f388fe67ced42125c569", "best_bid": "0.19", "best_ask": "0.21"}, {"asset_id": "15994613426158673669823951754185337511629185112820490628757804515285048355477", "price": "0.78", "size": "215.54", "side": "BUY", "hash": "bc4f2bc86c94e13dfb85a940c1344e58216d241e", "best_bid": "0.79", "best_ask": "0.81"}], "timestamp": "1769384045014", "event_type": "price_change"}}
{"_local_timestamp": "2026-01-25T23:34:06.557295+00:00", "data": {"market": "0x734292c6243ba3591eaa677eff5e8643ee411ad241af441c6db4b2b92a581cfc", "price_changes": [{"asset_id": "51167478180387074803337817663659634391413116931006396061068508903042207217732", "price": "0.22", "size": "189.54", "side": "SELL", "hash": "8d3d138eb2954ff680d6f3e250136590819c85c6", "best_bid": "0.19", "best_ask": "0.21"}, {"asset_id": "15994613426158673669823951754185337511629185112820490628757804515285048355477", "price": "0.78", "size": "189.54", "side": "BUY", "hash": "da0303ac10125bf0931127e20bdbe73d02e15225", "best_bid": "0.79", "best_ask": "0.81"}], "timestamp": "1769384046484", "event_type": "price_change"}}
{"_local_timestamp": "2026-01-25T23:34:06.577555+00:00", "data": {"market": "0x734292c6243ba3591eaa677eff5e8643ee411ad241af441c6db4b2b92a581cfc", "price_changes": [{"asset_id": "51167478180387074803337817663659634391413116931006396061068508903042207217732", "price": "0.22", "size": "215.54", "side": "SELL", "hash": "b7d9714672f6df6955918519760e0e103ddf59e6", "best_bid": "0.19", "best_ask": "0.21"}, {"asset_id": "15994613426158673669823951754185337511629185112820490628757804515285048355477", "price": "0.78", "size": "215.54", "side": "BUY", "hash": "d8c3932b69bfcb39ecdae61411511493921e78a7", "best_bid": "0.79", "best_ask": "0.81"}], "timestamp": "1769384046512", "event_type": "price_change"}}
{"_local_timestamp": "2026-01-25T23:34:08.057391+00:00", "data": {"market": "0x734292c6243ba3591eaa677eff5e8643ee411ad241af441c6db4b2b92a581cfc", "price_changes": [{"asset_id": "51167478180387074803337817663659634391413116931006396061068508903042207217732", "price": "0.22", "size": "189.54", "side": "SELL", "hash": "5f8dd44e8c57f6cfec5910b1373f92c741789518", "best_bid": "0.19", "best_ask": "0.21"}, {"asset_id": "15994613426158673669823951754185337511629185112820490628757804515285048355477", "price": "0.78", "size": "189.54", "side": "BUY", "hash": "1de0184957a9bc1ac24a1e870fc79831b8b1ca45", "best_bid": "0.79", "best_ask": "0.81"}], "timestamp": "1769384047987", "event_type": "price_change"}}
{"_local_timestamp": "2026-01-25T23:34:08.119525+00:00", "data": {"market": "0x734292c6243ba3591eaa677eff5e8643ee411ad241af441c6db4b2b92a581cfc", "price_changes": [{"asset_id": "51167478180387074803337817663659634391413116931006396061068508903042207217732", "price": "0.22", "size": "215.54", "side": "SELL", "hash": "8e10960ed7d675983b5c85c0cc5cf77b72bd9205", "best_bid": "0.19", "best_ask": "0.21"}, {"asset_id": "15994613426158673669823951754185337511629185112820490628757804515285048355477", "price": "0.78", "size": "215.54", "side": "BUY", "hash": "6817410565b00e96dd3d526b411bae57e44ba330", "best_bid": "0.79", "best_ask": "0.81"}], "timestamp": "1769384048013", "event_type": "price_change"}}
{"_local_timestamp": "2026-01-25T23:34:09.555601+00:00", "data": {"market": "0x734292c6243ba3591eaa677eff5e8643ee411ad241af441c6db4b2b92a581cfc", "price_changes": [{"asset_id": "51167478180387074803337817663659634391413116931006396061068508903042207217732", "price": "0.22", "size": "189.54", "side": "SELL", "hash": "4a5c991a67afa54ad5ebad919125f7a2c1dc4de4", "best_bid": "0.19", "best_ask": "0.21"}, {"asset_id": "15994613426158673669823951754185337511629185112820490628757804515285048355477", "price": "0.78", "size": "189.54", "side": "BUY", "hash": "17d12dfaf1e69e98775fe389ced3b9e03ed4c778", "best_bid": "0.79", "best_ask": "0.81"}], "timestamp": "1769384049486", "event_type": "price_change"}}
{"_local_timestamp": "2026-01-25T23:34:09.579780+00:00", "data": {"market": "0x734292c6243ba3591eaa677eff5e8643ee411ad241af441c6db4b2b92a581cfc", "price_changes": [{"asset_id": "51167478180387074803337817663659634391413116931006396061068508903042207217732", "price": "0.22", "size": "215.54", "side": "SELL", "hash": "a90b43580ade9da9140eb7eab72c1eea1be4da53", "best_bid": "0.19", "best_ask": "0.21"}, {"asset_id": "15994613426158673669823951754185337511629185112820490628757804515285048355477", "price": "0.78", "size": "215.54", "side": "BUY", "hash": "99c7354dab7bc6f7035ff5308ad223131f28a8be", "best_bid": "0.79", "best_ask": "0.81"}], "timestamp": "1769384049513", "event_type": "price_change"}}
