{"_local_timestamp": "2026-01-25T23:33:46.772330+00:00", "data": [{"market": "0x734292c6243ba3591eaa677eff5e8643ee411ad241af441c6db4b2b92a581cfc", "asset_id": "51167478180387074803337817663659634391413116931006396061068508903042207217732", "timestamp": "1769384025516", "hash": "e53bbb47b315b2d5aad6b283fd292986a1320b41", "bids": [{"price": "0.01", "size": "130.41"}, {"price": "0.02", "size": "161"}, {"price": "0.03", "size": "8.58"}, {"price": "0.05", "size": "1010"}, {"price": "0.06", "size": "11.14"}, {"price": "0.08", "size": "200"}, {"price": "0.09", "size": "111.11"}, {"price": "0.1", "size": "340"}, {"price": "0.11", "size": "610"}, {"price": "0.13", "size": "200"}, {"price": "0.14", "size": "10"}, {"price": "0.17", "size": "289.86"}, {"price": "0.18", "size": "184"}, {"price": "0.19", "size": "119.99"}], "asks": [{"price": "0.99", "size": "1137.91"}, {"price": "0.98", "size": "400"}, {"price": "0.97", "size": "10.29"}, {"price": "0.91", "size": "111.11"}, {"price": "0.9", "size": "500"}, {"price": "0.89", "size": "5.38"}, {"price": "0.88", "size": "803"}, {"price": "0.82", "size": "250"}, {"price": "0.81", "size": "2460"}, {"price": "0.8", "size": "100"}, {"price": "0.79", "size": "80"}, {"price": "0.72", "size": "150"}, {"price": "0.7", "size": "30"}, {"price": "0.65", "size": "10"}, {"price": "0.6", "size": "15"}, {"price": "0.49", "size": "15.69"}, {"price": "0.48", "size": "40"}, {"price": "0.37", "size": "5"}, {"price": "0.3", "size": "18.57"}, {"price": "0.29", "size": "15.49"}, {"price": "0.25", "size": "5"}, {"price": "0.24", "size": "10"}, {"price": "0.23", "size": "448.37"}, {"price": "0.22", "size": "215.54"}, {"price": "0.21", "size": "26.4"}], "event_type": "book", "last_trade_price": "0.780"}, {"market": "0x734292c6243ba3591eaa677eff5e8643ee411ad241af441c6db4b2b92a581cfc", "asset_id": "15994613426158673669823951754185337511629185112820490628757804515285048355477", "timestamp": "1769384025516", "hash": "2e1ca1b2fc6c3a52193a96665bd3c4a2ec333b86", "bids": [{"price": "0.01", "size": "1137.91"}, {"price": "0.02", "size": "400"}, {"price": "0.03", "size": "10.29"}, {"price": "0.09", "size": "111.11"}, {"price": "0.1", "size": "500"}, {"price": "0.11", "size": "5.38"}, {"price": "0.12", "size": "803"}, {"price": "0.18", "size": "250"}, {"price": "0.19", "size": "2460"}, {"price": "0.2", "size": "100"}, {"price": "0.21", "size": "80"}, {"price": "0.28", "size": "150"}, {"price": "0.3", "size": "30"}, {"price": "0.35", "size": "10"}, {"price": "0.4", "size": "15"}, {"price": "0.51", "size": "15.69"}, {"price": "0.52", "size": "40"}, {"price": "0.63", "size": "5"}, {"price": "0.7", "size": "18.57"}, {"price": "0.71", "size": "15.49"}, {"price": "0.75", "size": "5"}, {"price": "0.76", "size": "10"}, {"price": "0.77", "size": "448.37"}, {"price": "0.78", "size": "215.54"}, {"price": "0.79", "size": "26.4"}], "asks": [{"price": "0.99", "size": "130.41"}, {"price": "0.98", "size": "161"}, {"price": "0.97", "size": "8.58"}, {"price": "0.95", "size": "1010"}, {"price": "0.94", "size": "11.14"}, {"price": "0.92", "size": "200"}, {"price": "0.91", "size": "111.11"}, {"price": "0.9", "size": "340"}, {"price": "0.89", "size": "610"}, {"price": "0.87", "size": "200"}, {"price": "0.86", "size": "10"}, {"price": "0.83", "size": "289.86"}, {"price": "0.82", "size": "184"}, {"price": "0.81", "size": "119.99"}], "event_type": "book", "last_trade_price": "0.780"}]}
{"_local_timestamp": "2026-01-25T23:33:47.049752+00:00", "data": {"market": "0x734292c6243ba3591eaa677eff5e8643ee411ad241af441c6db4b2b92a581cfc", "price_changes": [{"asset_id": "51167478180387074803337817663659634391413116931006396061068508903042207217732", "price": "0.22", "size": "189.54", "side": "SELL", "hash": "7a1ba546b23c3ab7eb95d16ac59f37258f64239d", "best_bid": "0.19", "best_ask": "0.21"}, {"asset_id": "15994613426158673669823951754185337511629185112820490628757804515285048355477", "price": "0.78", "size": "189.54", "side": "BUY", "hash": "0214b792012b9c892455d2e62ee60c078c1ce7ef", "best_bid": "0.79", "best_ask": "0.81"}], "timestamp": "1769384026985", "event_type": "price_change"}}
{"_local_timestamp": "2026-01-25T23:33:47.097375+00:00", "data": {"market": "0x734292c6243ba3591eaa677eff5e8643ee411ad241af441c6db4b2b92a581cfc", "price_changes": [{"asset_id": "51167478180387074803337817663659634391413116931006396061068508903042207217732", "price": "0.22", "size": "215.54", "side": "SELL", "hash": "847694aec72e1d25ce327ad86d5f6d5e969ae2e8", "best_bid": "0.19", "best_ask": "0.21"}, {"asset_id": "15994613426158673669823951754185337511629185112820490628757804515285048355477", "price": "0.78", "size": "215.54", "side": "BUY", "hash": "85566d3a54b325f36ae8b99e0d9bec5836baa5ef", "best_bid": "0.79", "best_ask": "0.81"}], "timestamp": "1769384027013", "event_type": "price_change"}}
{"_local_timestamp": "2026-01-25T23:33:48.548065+00:00", "data": {"market": "0x734292c6243ba3591eaa677eff5e8643ee411ad241af441c6db4b2b92a581cfc", "price_changes": [{"asset_id": "51167478180387074803337817663659634391413116931006396061068508903042207217732", "price": "0.22", "size": "189.54", "side": "SELL", "hash": "c10b989abf40fadd56dda48ec807345eb6640b45", "best_bid": "0.19", "best_ask": "0.21"}, {"asset_id": "15994613426158673669823951754185337511629185112820490628757804515285048355477", "price": "0.78", "size": "189.54", "side": "BUY", "hash": "837294b9dbdbf8d9aa202e5dccbcfb3ad9807bf6", "best_bid": "0.79", "best_ask": "0.81"}], "timestamp": "1769384028483", "event_type": "price_change"}}
{"_local_timestamp": "2026-01-25T23:33:48.571044+00:00", "data": {"market": "0x734292c6243ba3591eaa677eff5e8643ee411ad241af441c6db4b2b92a581cfc", "price_changes": [{"asset_id": "51167478180387074803337817663659634391413116931006396061068508903042207217732", "price": "0.22", "size": "215.54", "side": "SELL", "hash": "1bb9eb3684e091c2f0bab365dbd7f74beb930b73", "best_bid": "0.19", "best_ask": "0.21"}, {"asset_id": "15994613426158673669823951754185337511629185112820490628757804515285048355477", "price": "0.78", "size": "215.54", "side": "BUY", "hash": "6dc62dfaf74f619762892d8d8c4c537bb84df742", "best_bid": "0.79", "best_ask": "0.81"}], "timestamp": "1769384028507", "event_type": "price_change"}}
{"_local_timestamp": "2026-01-25T23:33:50.050109+00:00", "data": {"market": "0x734292c6243ba3591eaa677eff5e8643ee411ad241af441c6db4b2b92a581cfc", "price_changes": [{"asset_id": "51167478180387074803337817663659634391413116931006396061068508903042207217732", "price": "0.22", "size": "189.54", "side": "SELL", "hash": "b653ef8083aa182558f26e29e34f04d60a22b732", "best_bid": "0.19", "best_ask": "0.21"}, {"asset_id": "15994613426158673669823951754185337511629185112820490628757804515285048355477", "price": "0.78", "size": "189.54", "side": "BUY", "hash": "e8101fe28ecb86a0a53230732580866407e08ffd", "best_bid": "0.79", "best_ask": "0.81"}], "timestamp": "1769384029985", "event_type": "price_change"}}
{"_local_timestamp": "2026-01-25T23:33:50.085506+00:00", "data": {"market": "0x734292c6243ba3591eaa677eff5e8643ee411ad241af441c6db4b2b92a581cfc", "price_changes": [{"asset_id": "51167478180387074803337817663659634391413116931006396061068508903042207217732", "price": "0.22", "size": "215.54", "side": "SELL", "hash": "e2520a418855aae0281684e6827bf82001edab2c", "best_bid": "0.19", "best_ask": "0.21"}, {"asset_id": "15994613426158673669823951754185337511629185112820490628757804515285048355477", "price": "0.78", "size": "215.54", "side": "BUY", "hash": "4a1ec0e2ce6c875bff0e77914dce574b1d753569", "best_bid": "0.79", "best_ask": "0.81"}], "timestamp": "1769384030020", "event_type": "price_change"}}
{"_local_timestamp": "2026-01-25T23:33:51.550801+00:00", "data": {"market": "0x734292c6243ba3591eaa677eff5e8643ee411ad241af441c6db4b2b92a581cfc", "price_changes": [{"asset_id": "51167478180387074803337817663659634391413116931006396061068508903042207217732", "price": "0.22", "size": "189.54", "side": "SELL", "hash": "7f4f23764cecb53041329cbe82857dfa6f9235a5", "best_bid": "0.19", "best_ask": "0.21"}, {"asset_id": "15994613426158673669823951754185337511629185112820490628757804515285048355477", "price": "0.78", "size": "189.54", "side": "BUY", "hash": "039e188f296307d647c86b2777f486f716904bec", "best_bid": "0.79", "best_ask": "0.81"}], "timestamp": "1769384031484", "event_type": "price_change"}}
{"_local_timestamp": "2026-01-25T23:33:51.581151+00:00", "data": {"market": "0x734292c6243ba3591eaa677eff5e8643ee411ad241af441c6db4b2b92a581cfc", "price_changes": [{"asset_id": "51167478180387074803337817663659634391413116931006396061068508903042207217732", "price": "0.22", "size": "215.54", "side": "SELL", "hash": "937846822f573e496aca098330f7f1abf544da37", "best_bid": "0.19", "best_ask": "0.21"}, {"asset_id": "15994613426158673669823951754185337511629185112820490628757804515285048355477", "price": "0.78", "size": "215.54", "side": "BUY", "hash": "17a6b7cd24913600f870fd6ce2ac47bcc00ba3cc", "best_bid": "0.79", "best_ask": "0.81"}], "timestamp": "1769384031512", "event_type": "price_change"}}
{"_local_timestamp": "2026-01-25T23:33:53.056186+00:00", "data": {"market": "0x734292c6243ba3591eaa677eff5e8643ee411ad241af441c6db4b2b92a581cfc", "price_changes": [{"asset_id": "51167478180387074803337817663659634391413116931006396061068508903042207217732", "price": "0.22", "size": "189.54", "side": "SELL", "hash": "2318dd5fb0a3f7c081604efcc63e3c9d45b21601", "best_bid": "0.19", "best_ask": "0.21"}, {"asset_id": "15994613426158673669823951754185337511629185112820490628757804515285048355477", "price": "0.78", "size": "189.54", "side": "BUY", "hash": "fb18972032d2e2d6404849c917431d48eb5882a7", "best_bid": "0.79", "best_ask": "0.81"}], "timestamp": "1769384032984", "event_type": "price_change"}}
{"_local_timestamp": "2026-01-25T23:33:53.089079+00:00", "data": {"market": "0x734292c6243ba3591eaa677eff5e8643ee411ad241af441c6db4b2b92a581cfc", "price_changes": [{"asset_id": "51167478180387074803337817663659634391413116931006396061068508903042207217732", "price": "0.22", "size": "215.54", "side": "SELL", "hash": "6bbdd92130611b046cce263b6eac26d08f3ad7a1", "best_bid": "0.19", "best_ask": "0.21"}, {"asset_id": "15994613426158673669823951754185337511629185112820490628757804515285048355477", "price": "0.78", "size": "215.54", "side": "BUY", "hash": "36e8fce11651cc1ca689ef163ed09ecd375e1350", "best_bid": "0.79", "best_ask": "0.81"}], "timestamp": "1769384033011", "event_type": "price_change"}}
