{"_local_timestamp": "2026-01-25T23:33:46.772330+00:00", "data": [{"market": "0x734292c6243ba3591eaa677eff5e8643ee411ad241af441c6db4b2b92a581cfc", "asset_id": "51167478180387074803337817663659634391413116931006396061068508903042207217732", "timestamp": "1769384025516", "hash": "e53bbb47b315b2d5aad6b283fd292986a1320b41", "bids": [{"price": "0.01", "size": "130.41"}, {"price": "0.02", "size": "161"}, {"price": "0.03", "size": "8.58"}, {"price": "0.05", "size": "1010"}, {"price": "0.06", "size": "11.14"}, {"price": "0.08", "size": "200"}, {"price": "0.09", "size": "111.11"}, {"price": "0.1", "size": "340"}, {"price": "0.11", "size": "610"}, {"price": "0.13", "size": "200"}, {"price": "0.14", "size": "10"}, {"price": "0.17", "size": "289.86"}, {"price": "0.18", "size": "184"}, {"price": "0.19", "size": "119.99"}], "asks": [{"price": "0.99", "size": "1137.91"}, {"price": "0.98", "size": "400"}, {"price": "0.97", "size": "10.29"}, {"price": "0.91", "size": "111.11"}, {"price": "0.9", "size": "500"}, {"price": "0.89", "size": "5.38"}, {"price": "0.88", "size": "803"}, {"price": "0.82", "size": "250"}, {"price": "0.81", "size": "2460"}, {"price": "0.8", "size": "100"}, {"price": "0.79", "size": "80"}, {"price": "0.72", "size": "150"}, {"price": "0.7", "size": "30"}, {"price": "0.65", "size": "10"}, {"price": "0.6", "size": "15"}, {"price": "0.49", "size": "15.69"}, {"price": "0.48", "size": "40"}, {"price": "0.37", "size": "5"}, {"price": "0.3", "size": "18.57"}, {"price": "0.29", "size": "15.49"}, {"price": "0.25", "size": "5"}, {"price": "0.24", "size": "10"}, {"price": "0.23", "size": "448.37"}, {"price": "0.22", "size": "215.54"}, {"price": "0.21", "size": "26.4"}], "event_type": "book", "last_trade_price": "0.780"}, {"market": "0x734292c6243ba3591eaa677eff5e8643ee411ad241af441c6db4b2b92a581cfc", "asset_id": "15994613426158673669823951754185337511629185112820490628757804515285048355477", "timestamp": "1769384025516", "hash": "2e1ca1b2fc6c3a52193a96665bd3c4a2ec333b86", "bids": [{"price": "0.01", "size": "1137.91"}, {"price": "0.02", "size": "400"}, {"price": "0.03", "size": "10.29"}, {"price": "0.09", "size": "111.11"}, {"price": "0.1", "size": "500"}, {"price": "0.11", "size": "5.38"}, {"price": "0.12", "size": "803"}, {"price": "0.18", "size": "250"}, {"price": "0.19", "size": "2460"}, {"price": "0.2", "size": "100"}, {"price": "0.21", "size": "80"}, {"price": "0.28", "size": "150"}, {"price": "0.3", "size": "30"}, {"price": "0.35", "size": "10"}, {"price": "0.4", "size": "15"}, {"price": "0.51", "size": "15.69"}, {"price": "0.52", "size": "40"}, {"price": "0.63", "size": "5"}, {"price": "0.7", "size": "18.57"}, {"price": "0.71", "size": "15.49"}, {"price": "0.75", "size": "5"}, {"price": "0.76", "size": "10"}, {"price": "0.77", "size": "448.37"}, {"price": "0.78", "size": "215.54"}, {"price": "0.79", "size": "26.4"}], "asks": [{"price": "0.99", "size": "130.41"}, {"price": "0.98", "size": "161"}, {"price": "0.97", "size": "8.58"}, {"price": "0.95", "size": "1010"}, {"price": "0.94", "size": "11.14"}, {"price": "0.92", "size": "200"}, {"price": "0.91", "size": "111.11"}, {"price": "0.9", "size": "340"}, {"price": "0.89", "size": "610"}, {"price": "0.87", "size": "200"}, {"price": "0.86", "size": "10"}, {"price": "0.83", "size": "289.86"}, {"price": "0.82", "size": "184"}, {"price": "0.81", "size": "119.99"}], "event_type": "book", "last_trade_price": "0.780"}]}
{"_local_timestamp": "2026-01-25T23:33:47.049752+00:00", "data": {"market": "0x734292c6243ba3591eaa677eff5e8643ee411ad241af441c6db4b2b92a581cfc", "price_changes": [{"asset_id": "51167478180387074803337817663659634391413116931006396061068508903042207217732", "price": "0.22", "size": "189.54", "side": "SELL", "hash": "7a1ba546b23c3ab7eb95d16ac59f37258f64239d", "best_bid": "0.19", "best_ask": "0.21"}, {"asset_id": "15994613426158673669823951754185337511629185112820490628757804515285048355477", "price": "0.78", "size": "189.54", "side": "BUY", "hash": "0214b792012b9c892455d2e62ee60c078c1ce7ef", "best_bid": "0.79", "best_ask": "0.81"}], "timestamp": "1769384026985", "event_type": "price_change"}}
{"_local_timestamp": "2026-01-25T23:33:47.097375+00:00", "data": {"market": "0x734292c6243ba3591eaa677eff5e8643ee411ad241af441c6db4b2b92a581cfc", "price_changes": [{"asset_id": "51167478180387074803337817663659634391413116931006396061068508903042207217732", "price": "0.22", "size": "215.54", "side": "SELL", "hash": "847694aec72e1d25ce327ad86d5f6d5e969ae2e8", "best_bid": "0.19", "best_ask": "0.21"}, {"asset_id": "15994613426158673669823951754185337511629185112820490628757804515285048355477", "price": "0.78", "size": "215.54", "side": "BUY", "hash": "85566d3a54b325f36ae8b99e0d9bec5836baa5ef", "best_bid": "0.79", "best_ask": "0.81"}], "timestamp": "1769384027013", "event_type": "price_change"}}
{"_local_timestamp": "2026-01-25T23:33:48.548065+00:00", "data": {"market": "0x734292c6243ba3591eaa677eff5e8643ee411ad241af441c6db4b2b92a581cfc", "price_changes": [{"asset_id": "51167478180387074803337817663659634391413116931006396061068508903042207217732", "price": "0.22", "size": "189.54", "side": "SELL", "hash": "c10b989abf40fadd56dda48ec807345eb6640b45", "best_bid": "0.19", "best_ask": "0.21"}, {"asset_id": "15994613426158673669823951754185337511629185112820490628757804515285048355477", "price": "0.78", "size": "189.54", "side": "BUY", "hash": "837294b9dbdbf8d9aa202e5dccbcfb3ad9807bf6", "best_bid": "0.79", "best_ask": "0.81"}], "timestamp": "1769384028483", "event_type": "price_change"}}
{"_local_timestamp": "2026-01-25T23:33:48.571044+00:00", "data": {"market": "0x734292c6243ba3591eaa677eff5e8643ee411ad241af441c6db4b2b92a581cfc", "price_changes": [{"asset_id": "51167478180387074803337817663659634391413116931006396061068508903042207217732", "price": "0.22", "size": "215.54", "side": "SELL", "hash": "1bb9eb3684e091c2f0bab365dbd7f74beb930b73", "best_bid": "0.19", "best_ask": "0.21"}, {"asset_id": "15994613426158673669823951754185337511629185112820490628757804515285048355477", "price": "0.78", "size": "215.54", "side": "BUY", "hash": "6dc62dfaf74f619762892d8d8c4c537bb84df742", "best_bid": "0.79", "best_ask": "0.81"}], "timestamp": "1769384028507", "event_type": "price_change"}}
{"_local_timestamp": "2026-01-25T23:33:50.050109+00:00", "data": {"market": "0x734292c6243ba3591eaa677eff5e8643ee411ad241af441c6db4b2b92a581cfc", "price_changes": [{"asset_id": "51167478180387074803337817663659634391413116931006396061068508903042207217732", "price": "0.22", "size": "189.54", "side": "SELL", "hash": "b653ef8083aa182558f26e29e34f04d60a22b732", "best_bid": "0.19", "best_ask": "0.21"}, {"asset_id": "15994613426158673669823951754185337511629185112820490628757804515285048355477", "price": "0.78", "size": "189.54", "side": "BUY", "hash": "e8101fe28ecb86a0a53230732580866407e08ffd", "best_bid": "0.79", "best_ask": "0.81"}], "timestamp": "1769384029985", "event_type": "price_change"}}
{"_local_timestamp": "2026-01-25T23:33:50.085506+00:00", "data": {"market": "0x734292c6243ba3591eaa677eff5e8643ee411ad241af441c6db4b2b92a581cfc", "price_changes": [{"asset_id": "51167478180387074803337817663659634391413116931006396061068508903042207217732", "price": "0.22", "size": "215.54", "side": "SELL", "hash": "e2520a418855aae0281684e6827bf82001edab2c", "best_bid": "0.19", "best_ask": "0.21"}, {"asset_id": "15994613426158673669823951754185337511629185112820490628757804515285048355477", "price": "0.78", "size": "215.54", "side": "BUY", "hash": "4a1ec0e2ce6c875bff0e77914dce574b1d753569", "best_bid": "0.79", "best_ask": "0.81"}], "timestamp": "1769384030020", "event_type": "price_change"}}
{"_local_timestamp": "2026-01-25T23:33:51.550801+00:00", "data": {"market": "0x734292c6243ba3591eaa677eff5e8643ee411ad241af441c6db4b2b92a581cfc", "price_changes": [{"asset_id": "51167478180387074803337817663659634391413116931006396061068508903042207217732", "price": "0.22", "size": "189.54", "side": "SELL", "hash": "7f4f23764cecb53041329cbe82857dfa6f9235a5", "best_bid": "0.19", "best_ask": "0.21"}, {"asset_id": "15994613426158673669823951754185337511629185112820490628757804515285048355477", "price": "0.78", "size": "189.54", "side": "BUY", "hash": "039e188f296307d647c86b2777f486f716904bec", "best_bid": "0.79", "best_ask": "0.81"}], "timestamp": "1769384031484", "event_type": "price_change"}}
{"_local_timestamp": "2026-01-25T23:33:51.581151+00:00", "data": {"market": "0x734292c6243ba3591eaa677eff5e8643ee411ad241af441c6db4b2b92a581cfc", "price_changes": [{"asset_id": "51167478180387074803337817663659634391413116931006396061068508903042207217732", "price": "0.22", "size": "215.54", "side": "SELL", "hash": "937846822f573e496aca098330f7f1abf544da37", "best_bid": "0.19", "best_ask": "0.21"}, {"asset_id": "15994613426158673669823951754185337511629185112820490628757804515285048355477", "price": "0.78", "size": "215.54", "side": "BUY", "hash": "17a6b7cd24913600f870fd6ce2ac47bcc00ba3cc", "best_bid": "0.79", "best_ask": "0.81"}], "timestamp": "1769384031512", "event_type": "price_change"}}
{"_local_timestamp": "2026-01-25T23:33:53.056186+00:00", "data": {"market": "0x734292c6243ba3591eaa677eff5e8643ee411ad241af441c6db4b2b92a581cfc", "price_changes": [{"asset_id": "51167478180387074803337817663659634391413116931006396061068508903042207217732", "price": "0.22", "size": "189.54", "side": "SELL", "hash": "2318dd5fb0a3f7c081604efcc63e3c9d45b21601", "best_bid": "0.19", "best_ask": "0.21"}, {"asset_id": "15994613426158673669823951754185337511629185112820490628757804515285048355477", "price": "0.78", "size": "189.54", "side": "BUY", "hash": "fb18972032d2e2d6404849c917431d48eb5882a7", "best_bid": "0.79", "best_ask": "0.81"}], "timestamp": "1769384032984", "event_type": "price_change"}}
{"_local_timestamp": "2026-01-25T23:33:53.089079+00:00", "data": {"market": "0x734292c6243ba3591eaa677eff5e8643ee411ad241af441c6db4b2b92a581cfc", "price_changes": [{"asset_id": "51167478180387074803337817663659634391413116931006396061068508903042207217732", "price": "0.22", "size": "215.54", "side": "SELL", "hash": "6bbdd92130611b046cce263b6eac26d08f3ad7a1", "best_bid": "0.19", "best_ask": "0.21"}, {"asset_id": "15994613426158673669823951754185337511629185112820490628757804515285048355477", "price": "0.78", "size": "215.54", "side": "BUY", "hash": "36e8fce11651cc1ca689ef163ed09ecd375e1350", "best_bid": "0.79", "best_ask": "0.81"}], "timestamp": "1769384033011", "event_type": "price_change"}}
{"_local_timestamp": "2026-01-25T23:33:54.560408+00:00", "data": {"market": "0x734292c6243ba3591eaa677eff5e8643ee411ad241af441c6db4b2b92a581cfc", "price_changes": [{"asset_id": "51167478180387074803337817663659634391413116931006396061068508903042207217732", "price": "0.22", "size": "189.54", "side": "SELL", "hash": "c093735fb2f77c6a7e475fac52558e85319bbf77", "best_bid": "0.19", "best_ask": "0.21"}, {"asset_id": "15994613426158673669823951754185337511629185112820490628757804515285048355477", "price": "0.78", "size": "189.54", "side": "BUY", "hash": "e4509398ad92aa013830284eb3dc0d55de61a52b", "best_bid": "0.79", "best_ask": "0.81"}], "timestamp": "1769384034485", "event_type": "price_change"}}
{"_local_timestamp": "2026-01-25T23:33:54.590305+00:00", "data": {"market": "0x734292c6243ba3591eaa677eff5e8643ee411ad241af441c6db4b2b92a581cfc", "price_changes": [{"asset_id": "51167478180387074803337817663659634391413116931006396061068508903042207217732", "price": "0.22", "size": "215.54", "side": "SELL", "hash": "e3147b14b5fc0bb04a350e80ff5f1dcd54c2d6cd", "best_bid": "0.19", "best_ask": "0.21"}, {"asset_id": "15994613426158673669823951754185337511629185112820490628757804515285048355477", "price": "0.78", "size": "215.54", "side": "BUY", "hash": "2aa09b08018af60e7c2a324bec463ef32647e8af", "best_bid": "0.79", "best_ask": "0.81"}], "timestamp": "1769384034509", "event_type": "price_change"}}
{"_local_timestamp": "2026-01-25T23:33:56.065633+00:00", "data": {"market": "0x734292c6243ba3591eaa677eff5e8643ee411ad241af441c6db4b2b92a581cfc", "price_changes": [{"asset_id": "51167478180387074803337817663659634391413116931006396061068508903042207217732", "price": "0.22", "size": "189.54", "side": "SELL", "hash": "7ba9baf9f78948e9abe3299a8ac7b1896554ca26", "best_bid": "0.19", "best_ask": "0.21"}, {"asset_id": "15994613426158673669823951754185337511629185112820490628757804515285048355477", "price": "0.78", "size": "189.54", "side": "BUY", "hash": "e20c63daa4f88d3025a97abcde95fc8c186e70da", "best_bid": "0.79", "best_ask": "0.81"}], "timestamp": "1769384035987", "event_type": "price_change"}}
{"_local_timestamp": "2026-01-25T23:33:56.106691+00:00", "data": {"market": "0x734292c6243ba3591eaa677eff5e8643ee411ad241af441c6db4b2b92a581cfc", "price_changes": [{"asset_id": "51167478180387074803337817663659634391413116931006396061068508903042207217732", "price": "0.22", "size": "215.54", "side": "SELL", "hash": "ccdba1ccd2ac7f3e2f4117ccf19af07395de1af5", "best_bid": "0.19", "best_ask": "0.21"}, {"asset_id": "15994613426158673669823951754185337511629185112820490628757804515285048355477", "price": "0.78", "size": "215.54", "side": "BUY", "hash": "416d68993ee70b5ef90ac472aa100c5492417d2e", "best_bid": "0.79", "best_ask": "0.81"}], "timestamp": "1769384036012", "event_type": "price_change"}}
{"_local_timestamp": "2026-01-25T23:33:57.553895+00:00", "data": {"market": "0x734292c6243ba3591eaa677eff5e8643ee411ad241af441c6db4b2b92a581cfc", "price_changes": [{"asset_id": "51167478180387074803337817663659634391413116931006396061068508903042207217732", "price": "0.22", "size": "189.54", "side": "SELL", "hash": "34e012b750e829a274383cbcfefc08baa9eeb0b2", "best_bid": "0.19", "best_ask": "0.21"}, {"asset_id": "15994613426158673669823951754185337511629185112820490628757804515285048355477", "price": "0.78", "size": "189.54", "side": "BUY", "hash": "55f2f501ca66b96d7ad19bb936b2e299c8ee6fc4", "best_bid": "0.79", "best_ask": "0.81"}], "timestamp": "1769384037484", "event_type": "price_change"}}
{"_local_timestamp": "2026-01-25T23:33:57.575592+00:00", "data": {"market": "0x734292c6243ba3591eaa677eff5e8643ee411ad241af441c6db4b2b92a581cfc", "price_changes": [{"asset_id": "51167478180387074803337817663659634391413116931006396061068508903042207217732", "price": "0.22", "size": "215.54", "side": "SELL", "hash": "b4257800408056fdd15992c7f282491a615d26c1", "best_bid": "0.19", "best_ask": "0.21"}, {"asset_id": "15994613426158673669823951754185337511629185112820490628757804515285048355477", "price": "0.78", "size": "215.54", "side": "BUY", "hash": "0b9401470e748726b9236038c54d43a86f2651ee", "best_bid": "0.79", "best_ask": "0.81"}], "timestamp": "1769384037509", "event_type": "price_change"}}
{"_local_timestamp": "2026-01-25T23:33:59.053012+00:00", "data": {"market": "0x734292c6243ba3591eaa677eff5e8643ee411ad241af441c6db4b2b92a581cfc", "price_changes": [{"asset_id": "51167478180387074803337817663659634391413116931006396061068508903042207217732", "price": "0.22", "size": "189.54", "side": "SELL", "hash": "60b044d70dedb45324c0da7953819bcb136d8d48", "best_bid": "0.19", "best_ask": "0.21"}, {"asset_id": "15994613426158673669823951754185337511629185112820490628757804515285048355477", "price": "0.78", "size": "189.54", "side": "BUY", "hash": "43c6db7b3d14f8192dc44f9b500977c05f7ea54d", "best_bid": "0.79", "best_ask": "0.81"}], "timestamp": "1769384038984", "event_type": "price_change"}}
{"_local_timestamp": "2026-01-25T23:33:59.091084+00:00", "data": {"market": "0x734292c6243ba3591eaa677eff5e8643ee411ad241af441c6db4b2b92a581cfc", "price_changes": [{"asset_id": "51167478180387074803337817663659634391413116931006396061068508903042207217732", "price": "0.22", "size": "215.54", "side": "SELL", "hash": "63be1f0ab827ef6ce0606b4ca61cbbccda089785", "best_bid": "0.19", "best_ask": "0.21"}, {"asset_id": "15994613426158673669823951754185337511629185112820490628757804515285048355477", "price": "0.78", "size": "215.54", "side": "BUY", "hash": "97b43459459b2d6222298b6c6a567f2014d7192e", "best_bid": "0.79", "best_ask": "0.81"}], "timestamp": "1769384039010", "event_type": "price_change"}}
{"_local_timestamp": "2026-01-25T23:34:00.555692+00:00", "data": {"market": "0x734292c6243ba3591eaa677eff5e8643ee411ad241af441c6db4b2b92a581cfc", "price_changes": [{"asset_id": "51167478180387074803337817663659634391413116931006396061068508903042207217732", "price": "0.22", "size": "189.54", "side": "SELL", "hash": "c9243dfcf7552342a4692fece61b50f443e26475", "best_bid": "0.19", "best_ask": "0.21"}, {"asset_id": "15994613426158673669823951754185337511629185112820490628757804515285048355477", "price": "0.78", "size": "189.54", "side": "BUY", "hash": "912dc70ac7b33f5232db0fb35856435f7487bf02", "best_bid": "0.79", "best_ask": "0.81"}], "timestamp": "1769384040484", "event_type": "price_change"}}
{"_local_timestamp": "2026-01-25T23:34:00.575757+00:00", "data": {"market": "0x734292c6243ba3591eaa677eff5e8643ee411ad241af441c6db4b2b92a581cfc", "price_changes": [{"asset_id": "51167478180387074803337817663659634391413116931006396061068508903042207217732", "price": "0.22", "size": "215.54", "side": "SELL", "hash": "76203d3e4b8da3ace9411043d8cb752f8d2b6b6b", "best_bid": "0.19", "best_ask": "0.21"}, {"asset_id": "15994613426158673669823951754185337511629185112820490628757804515285048355477", "price": "0.78", "size": "215.54", "side": "BUY", "hash": "0262a70236f592f1cd14270069ae0af39d901028", "best_bid": "0.79", "best_ask": "0.81"}], "timestamp": "1769384040508", "event_type": "price_change"}}
{"_local_timestamp": "2026-01-25T23:34:02.050524+00:00", "data": {"market": "0x734292c6243ba3591eaa677eff5e8643ee411ad241af441c6db4b2b92a581cfc", "price_changes": [{"asset_id": "51167478180387074803337817663659634391413116931006396061068508903042207217732", "price": "0.22", "size": "189.54", "side": "SELL", "hash": "a1490e465ae14a8eb2e7f72f14332c132a11d7d0", "best_bid": "0.19", "best_ask": "0.21"}, {"asset_id": "15994613426158673669823951754185337511629185112820490628757804515285048355477", "price": "0.78", "size": "189.54", "side": "BUY", "hash": "801cabb77837f30b8e1707eb705e19d27ddc1f2b", "best_bid": "0.79", "best_ask": "0.81"}], "timestamp": "1769384041984", "event_type": "price_change"}}
{"_local_timestamp": "2026-01-25T23:34:02.098752+00:00", "data": {"market": "0x734292c6243ba3591eaa677eff5e8643ee411ad241af441c6db4b2b92a581cfc", "price_changes": [{"asset_id": "51167478180387074803337817663659634391413116931006396061068508903042207217732", "price": "0.22", "size": "215.54", "side": "SELL", "hash": "70959d67e9c729851fc5d9c78a64649c529c558a", "best_bid": "0.19", "best_ask": "0.21"}, {"asset_id": "15994613426158673669823951754185337511629185112820490628757804515285048355477", "price": "0.78", "size": "215.54", "side": "BUY", "hash": "5838e3a95c9d72be0e731360dc7be283f183c857", "best_bid": "0.79", "best_ask": "0.81"}], "timestamp": "1769384042009", "event_type": "price_change"}}
{"_local_timestamp": "2026-01-25T23:34:03.554546+00:00", "data": {"market": "0x734292c6243ba3591eaa677eff5e8643ee411ad241af441c6db4b2b92a581cfc", "price_changes": [{"asset_id": "51167478180387074803337817663659634391413116931006396061068508903042207217732", "price": "0.22", "size": "189.54", "side": "SELL", "hash": "96abc5e60ae69fcb05f3757d2a7b04676c038b44", "best_bid": "0.19", "best_ask": "0.21"}, {"asset_id": "15994613426158673669823951754185337511629185112820490628757804515285048355477", "price": "0.78", "size": "189.54", "side": "BUY", "hash": "aaf8beaa23592e2b031a8b09bf89ac5d547fef8a", "best_bid": "0.79", "best_ask": "0.81"}], "timestamp": "1769384043484", "event_type": "price_change"}}
{"_local_timestamp": "2026-01-25T23:34:03.587249+00:00", "data": {"market": "0x734292c6243ba3591eaa677eff5e8643ee411ad241af441c6db4b2b92a581cfc", "price_changes": [{"asset_id": "51167478180387074803337817663659634391413116931006396061068508903042207217732", "price": "0.22", "size": "215.54", "side": "SELL", "hash": "15f599132c92c844bd35cd038e1a4d9e9ddf2443", "best_bid": "0.19", "best_ask": "0.21"}, {"asset_id": "15994613426158673669823951754185337511629185112820490628757804515285048355477", "price": "0.78", "size": "215.54", "side": "BUY", "hash": "c5946129aba42f3fac918922afdad38e84884509", "best_bid": "0.79", "best_ask": "0.81"}], "timestamp": "1769384043510", "event_type": "price_change"}}
{"_local_timestamp": "2026-01-25T23:34:05.129045+00:00", "data": {"market": "0x734292c6243ba3591eaa677eff5e8643ee411ad241af441c6db4b2b92a581cfc", "price_changes": [{"asset_id": "51167478180387074803337817663659634391413116931006396061068508903042207217732", "price": "0.22", "size": "189.54", "side": "SELL", "hash": "d2adc6b48fd848b8e12dccb06a663f43cac6a5ac", "best_bid": "0.19", "best_ask": "0.21"}, {"asset_id": "15994613426158673669823951754185337511629185112820490628757804515285048355477", "price": "0.78", "size": "189.54", "side": "BUY", "hash": "050e012959171b4d9499878e9c92394d65178124", "best_bid": "0.79", "best_ask": "0.81"}], "timestamp": "1769384044983", "event_type": "price_change"}}
{"_local_timestamp": "2026-01-25T23:34:05.180084+00:00", "data": {"market": "0x734292c6243ba3591eaa677eff5e8643ee411ad241af441c6db4b2b92a581cfc", "price_changes": [{"asset_id": "51167478180387074803337817663659634391413116931006396061068508903042207217732", "price": "0.22", "size": "215.54", "side": "SELL", "hash": "5fa8f55dccf781b62334f388fe67ced42125c569", "best_bid": "0.19", "best_ask": "0.21"}, {"asset_id": "15994613426158673669823951754185337511629185112820490628757804515285048355477", "price": "0.78", "size": "215.54", "side": "BUY", "hash": "bc4f2bc86c94e13dfb85a940c1344e58216d241e", "best_bid": "0.79", "best_ask": "0.81"}], "timestamp": "1769384045014", "event_type": "price_change"}}
{"_local_timestamp": "2026-01-25T23:34:06.557295+00:00", "data": {"market": "0x734292c6243ba3591eaa677eff5e8643ee411ad241af441c6db4b2b92a581cfc", "price_changes": [{"asset_id": "51167478180387074803337817663659634391413116931006396061068508903042207217732", "price": "0.22", "size": "189.54", "side": "SELL", "hash": "8d3d138eb2954ff680d6f3e250136590819c85c6", "best_bid": "0.19", "best_ask": "0.21"}, {"asset_id": "15994613426158673669823951754185337511629185112820490628757804515285048355477", "price": "0.78", "size": "189.54", "side": "BUY", "hash": "da0303ac10125bf0931127e20bdbe73d02e15225", "best_bid": "0.79", "best_ask": "0.81"}], "timestamp": "1769384046484", "event_type": "price_change"}}
{"_local_timestamp": "2026-01-25T23:34:06.577555+00:00", "data": {"market": "0x734292c6243ba3591eaa677eff5e8643ee411ad241af441c6db4b2b92a581cfc", "price_changes": [{"asset_id": "51167478180387074803337817663659634391413116931006396061068508903042207217732", "price": "0.22", "size": "215.54", "side": "SELL", "hash": "b7d9714672f6df6955918519760e0e103ddf59e6", "best_bid": "0.19", "best_ask": "0.21"}, {"asset_id": "15994613426158673669823951754185337511629185112820490628757804515285048355477", "price": "0.78", "size": "215.54", "side": "BUY", "hash": "d8c3932b69bfcb39ecdae61411511493921e78a7", "best_bid": "0.79", "best_ask": "0.81"}], "timestamp": "1769384046512", "event_type": "price_change"}}
{"_local_timestamp": "2026-01-25T23:34:08.057391+00:00", "data": {"market": "0x734292c6243ba3591eaa677eff5e8643ee411ad241af441c6db4b2b92a581cfc", "price_changes": [{"asset_id": "51167478180387074803337817663659634391413116931006396061068508903042207217732", "price": "0.22", "size": "189.54", "side": "SELL", "hash": "5f8dd44e8c57f6cfec5910b1373f92c741789518", "best_bid": "0.19", "best_ask": "0.21"}, {"asset_id": "15994613426158673669823951754185337511629185112820490628757804515285048355477", "price": "0.78", "size": "189.54", "side": "BUY", "hash": "1de0184957a9bc1ac24a1e870fc79831b8b1ca45", "best_bid": "0.79", "best_ask": "0.81"}], "timestamp": "1769384047987", "event_type": "price_change"}}
{"_local_timestamp": "2026-01-25T23:34:08.119525+00:00", "data": {"market": "0x734292c6243ba3591eaa677eff5e8643ee411ad241af441c6db4b2b92a581cfc", "price_changes": [{"asset_id": "51167478180387074803337817663659634391413116931006396061068508903042207217732", "price": "0.22", "size": "215.54", "side": "SELL", "hash": "8e10960ed7d675983b5c85c0cc5cf77b72bd9205", "best_bid": "0.19", "best_ask": "0.21"}, {"asset_id": "15994613426158673669823951754185337511629185112820490628757804515285048355477", "price": "0.78", "size": "215.54", "side": "BUY", "hash": "6817410565b00e96dd3d526b411bae57e44ba330", "best_bid": "0.79", "best_ask": "0.81"}], "timestamp": "1769384048013", "event_type": "price_change"}}
{"_local_timestamp": "2026-01-25T23:34:09.555601+00:00", "data": {"market": "0x734292c6243ba3591eaa677eff5e8643ee411ad241af441c6db4b2b92a581cfc", "price_changes": [{"asset_id": "51167478180387074803337817663659634391413116931006396061068508903042207217732", "price": "0.22", "size": "189.54", "side": "SELL", "hash": "4a5c991a67afa54ad5ebad919125f7a2c1dc4de4", "best_bid": "0.19", "best_ask": "0.21"}, {"asset_id": "15994613426158673669823951754185337511629185112820490628757804515285048355477", "price": "0.78", "size": "189.54", "side": "BUY", "hash": "17d12dfaf1e69e98775fe389ced3b9e03ed4c778", "best_bid": "0.79", "best_ask": "0.81"}], "timestamp": "1769384049486", "event_type": "price_change"}}
{"_local_timestamp": "2026-01-25T23:34:09.579780+00:00", "data": {"market": "0x734292c6243ba3591eaa677eff5e8643ee411ad241af441c6db4b2b92a581cfc", "price_changes": [{"asset_id": "51167478180387074803337817663659634391413116931006396061068508903042207217732", "price": "0.22", "size": "215.54", "side": "SELL", "hash": "a90b43580ade9da9140eb7eab72c1eea1be4da53", "best_bid": "0.19", "best_ask": "0.21"}, {"asset_id": "15994613426158673669823951754185337511629185112820490628757804515285048355477", "price": "0.78", "size": "215.54", "side": "BUY", "hash": "99c7354dab7bc6f7035ff5308ad223131f28a8be", "best_bid": "0.79", "best_ask": "0.81"}], "timestamp": "1769384049513", "event_type": "price_change"}}
{"_local_timestamp": "2026-01-25T23:34:11.049170+00:00", "data": {"market": "0x734292c6243ba3591eaa677eff5e8643ee411ad241af441c6db4b2b92a581cfc", "price_changes": [{"asset_id": "51167478180387074803337817663659634391413116931006396061068508903042207217732", "price": "0.22", "size": "189.54", "side": "SELL", "hash": "1923740641487c07cf5533561024b7e87bd2fa83", "best_bid": "0.19", "best_ask": "0.21"}, {"asset_id": "15994613426158673669823951754185337511629185112820490628757804515285048355477", "price": "0.78", "size": "189.54", "side": "BUY", "hash": "def3b0391c8dc121a39777c0cd16893497c602fa", "best_bid": "0.79", "best_ask": "0.81"}], "timestamp": "1769384050985", "event_type": "price_change"}}
{"_local_timestamp": "2026-01-25T23:34:11.095050+00:00", "data": {"market": "0x734292c6243ba3591eaa677eff5e8643ee411ad241af441c6db4b2b92a581cfc", "price_changes": [{"asset_id": "51167478180387074803337817663659634391413116931006396061068508903042207217732", "price": "0.22", "size": "215.54", "side": "SELL", "hash": "97a4dfcc66653532f95067e6153f8b8016476163", "best_bid": "0.19", "best_ask": "0.21"}, {"asset_id": "15994613426158673669823951754185337511629185112820490628757804515285048355477", "price": "0.78", "size": "215.54", "side": "BUY", "hash": "fbafc98cb291bd3c4cca98b701e59d84f4a2b41e", "best_bid": "0.79", "best_ask": "0.81"}], "timestamp": "1769384051009", "event_type": "price_change"}}
{"_local_timestamp": "2026-01-25T23:34:12.554178+00:00", "data": {"market": "0x734292c6243ba3591eaa677eff5e8643ee411ad241af441c6db4b2b92a581cfc", "price_changes": [{"asset_id": "51167478180387074803337817663659634391413116931006396061068508903042207217732", "price": "0.22", "size": "189.54", "side": "SELL", "hash": "9b1a331e8259af1e80a6efa5f92fa37dc107a51c", "best_bid": "0.19", "best_ask": "0.21"}, {"asset_id": "15994613426158673669823951754185337511629185112820490628757804515285048355477", "price": "0.78", "size": "189.54", "side": "BUY", "hash": "f17c2e181f14f7292daf0920c79f3d166766adc9", "best_bid": "0.79", "best_ask": "0.81"}], "timestamp": "1769384052484", "event_type": "price_change"}}
{"_local_timestamp": "2026-01-25T23:34:12.588063+00:00", "data": {"market": "0x734292c6243ba3591eaa677eff5e8643ee411ad241af441c6db4b2b92a581cfc", "price_changes": [{"asset_id": "51167478180387074803337817663659634391413116931006396061068508903042207217732", "price": "0.22", "size": "215.54", "side": "SELL", "hash": "ada89593eab01eff6e1b4a802951495f43d0cfee", "best_bid": "0.19", "best_ask": "0.21"}, {"asset_id": "15994613426158673669823951754185337511629185112820490628757804515285048355477", "price": "0.78", "size": "215.54", "side": "BUY", "hash": "f108beebaf42af29f197b6ab32d2e804d6c4b197", "best_bid": "0.79", "best_ask": "0.81"}], "timestamp": "1769384052510", "event_type": "price_change"}}
{"_local_timestamp": "2026-01-25T23:34:14.060469+00:00", "data": {"market": "0x734292c6243ba3591eaa677eff5e8643ee411ad241af441c6db4b2b92a581cfc", "price_changes": [{"asset_id": "51167478180387074803337817663659634391413116931006396061068508903042207217732", "price": "0.22", "size": "189.54", "side": "SELL", "hash": "834f1a00b4114b9a87bd0f29a50a29300bff5a4e", "best_bid": "0.19", "best_ask": "0.21"}, {"asset_id": "15994613426158673669823951754185337511629185112820490628757804515285048355477", "price": "0.78", "size": "189.54", "side": "BUY", "hash": "6582b5c2dff1cdfc06035232a3166349569db61e", "best_bid": "0.79", "best_ask": "0.81"}], "timestamp": "1769384053987", "event_type": "price_change"}}
{"_local_timestamp": "2026-01-25T23:34:14.092359+00:00", "data": {"market": "0x734292c6243ba3591eaa677eff5e8643ee411ad241af441c6db4b2b92a581cfc", "price_changes": [{"asset_id": "51167478180387074803337817663659634391413116931006396061068508903042207217732", "price": "0.22", "size": "215.54", "side": "SELL", "hash": "3cbc7d05eee51c0fd625fffe0c0bfce9b9e76520", "best_bid": "0.19", "best_ask": "0.21"}, {"asset_id": "15994613426158673669823951754185337511629185112820490628757804515285048355477", "price": "0.78", "size": "215.54", "side": "BUY", "hash": "1a615c2e7b75ce2e8c067fd45fb869170f7f2431", "best_bid": "0.79", "best_ask": "0.81"}], "timestamp": "1769384054017", "event_type": "price_change"}}
{"_local_timestamp": "2026-01-25T23:34:15.557250+00:00", "data": {"market": "0x734292c6243ba3591eaa677eff5e8643ee411ad241af441c6db4b2b92a581cfc", "price_changes": [{"asset_id": "51167478180387074803337817663659634391413116931006396061068508903042207217732", "price": "0.22", "size": "189.54", "side": "SELL", "hash": "8da9e76b2539d1da743f22fae876b0512656e428", "best_bid": "0.19", "best_ask": "0.21"}, {"asset_id": "15994613426158673669823951754185337511629185112820490628757804515285048355477", "price": "0.78", "size": "189.54", "side": "BUY", "hash": "c152e893280c2d02c8fcdefb676050029d1e295e", "best_bid": "0.79", "best_ask": "0.81"}], "timestamp": "1769384055485", "event_type": "price_change"}}
{"_local_timestamp": "2026-01-25T23:34:15.580201+00:00", "data": {"market": "0x734292c6243ba3591eaa677eff5e8643ee411ad241af441c6db4b2b92a581cfc", "price_changes": [{"asset_id": "51167478180387074803337817663659634391413116931006396061068508903042207217732", "price": "0.22", "size": "215.54", "side": "SELL", "hash": "fd16444d1533997a967f163597127a3e5314cb82", "best_bid": "0.19", "best_ask": "0.21"}, {"asset_id": "15994613426158673669823951754185337511629185112820490628757804515285048355477", "price": "0.78", "size": "215.54", "side": "BUY", "hash": "567eab2fb0ad52d09425900c03286618c450f66e", "best_bid": "0.79", "best_ask": "0.81"}], "timestamp": "1769384055510", "event_type": "price_change"}}
{"_local_timestamp": "2026-01-25T23:34:17.052093+00:00", "data": {"market": "0x734292c6243ba3591eaa677eff5e8643ee411ad241af441c6db4b2b92a581cfc", "price_changes": [{"asset_id": "51167478180387074803337817663659634391413116931006396061068508903042207217732", "price": "0.22", "size": "189.54", "side": "SELL", "hash": "267ea2b52d6eb7c9a11b9a82a0618597f9bdfeba", "best_bid": "0.19", "best_ask": "0.21"}, {"asset_id": "15994613426158673669823951754185337511629185112820490628757804515285048355477", "price": "0.78", "size": "189.54", "side": "BUY", "hash": "f44ffc87e03fc7115dd307e4a3b8c543be684adf", "best_bid": "0.79", "best_ask": "0.81"}], "timestamp": "1769384056984", "event_type": "price_change"}}
{"_local_timestamp": "2026-01-25T23:34:17.122375+00:00", "data": {"market": "0x734292c6243ba3591eaa677eff5e8643ee411ad241af441c6db4b2b92a581cfc", "price_changes": [{"asset_id": "51167478180387074803337817663659634391413116931006396061068508903042207217732", "price": "0.22", "size": "215.54", "side": "SELL", "hash": "d24194435fda0d1fe266ca1392c611f17f5fcba2", "best_bid": "0.19", "best_ask": "0.21"}, {"asset_id": "15994613426158673669823951754185337511629185112820490628757804515285048355477", "price": "0.78", "size": "215.54", "side": "BUY", "hash": "56ac856bc1e8f69f976f2ae62eb18affa71d8cf0", "best_bid": "0.79", "best_ask": "0.81"}], "timestamp": "1769384057015", "event_type": "price_change"}}
{"_local_timestamp": "2026-01-25T23:34:18.564058+00:00", "data": {"market": "0x734292c6243ba3591eaa677eff5e8643ee411ad241af441c6db4b2b92a581cfc", "price_changes": [{"asset_id": "51167478180387074803337817663659634391413116931006396061068508903042207217732", "price": "0.22", "size": "189.54", "side": "SELL", "hash": "1f8d5d90b3d73bb69b2630279b92acb6debe9e4e", "best_bid": "0.19", "best_ask": "0.21"}, {"asset_id": "15994613426158673669823951754185337511629185112820490628757804515285048355477", "price": "0.78", "size": "189.54", "side": "BUY", "hash": "96493717c04f4ecc6ce613160f43b4283e45c2c5", "best_bid": "0.79", "best_ask": "0.81"}], "timestamp": "1769384058485", "event_type": "price_change"}}
{"_local_timestamp": "2026-01-25T23:34:18.581272+00:00", "data": {"market": "0x734292c6243ba3591eaa677eff5e8643ee411ad241af441c6db4b2b92a581cfc", "price_changes": [{"asset_id": "51167478180387074803337817663659634391413116931006396061068508903042207217732", "price": "0.22", "size": "215.54", "side": "SELL", "hash": "213036a737e3404221b182cf3a9f0ddca15c84af", "best_bid": "0.19", "best_ask": "0.21"}, {"asset_id": "15994613426158673669823951754185337511629185112820490628757804515285048355477", "price": "0.78", "size": "215.54", "side": "BUY", "hash": "56a4eb96f37011020fddbfa996fd461d20cb4733", "best_bid": "0.79", "best_ask": "0.81"}], "timestamp": "1769384058510", "event_type": "price_change"}}
{"_local_timestamp": "2026-01-25T23:34:20.055230+00:00", "data": {"market": "0x734292c6243ba3591eaa677eff5e8643ee411ad241af441c6db4b2b92a581cfc", "price_changes": [{"asset_id": "51167478180387074803337817663659634391413116931006396061068508903042207217732", "price": "0.22", "size": "189.54", "side": "SELL", "hash": "085f6c9f207703b2bcf3b63a4eb39f9b0687e386", "best_bid": "0.19", "best_ask": "0.21"}, {"asset_id": "15994613426158673669823951754185337511629185112820490628757804515285048355477", "price": "0.78", "size": "189.54", "side": "BUY", "hash": "0109888b35106c80b8544fe26e2c8a40812cefd5", "best_bid": "0.79", "best_ask": "0.81"}], "timestamp": "1769384059985", "event_type": "price_change"}}
{"_local_timestamp": "2026-01-25T23:34:20.104180+00:00", "data": {"market": "0x734292c6243ba3591eaa677eff5e8643ee411ad241af441c6db4b2b92a581cfc", "price_changes": [{"asset_id": "51167478180387074803337817663659634391413116931006396061068508903042207217732", "price": "0.22", "size": "215.54", "side": "SELL", "hash": "6a7216329dbbb95e199fe77180665417442fd53d", "best_bid": "0.19", "best_ask": "0.21"}, {"asset_id": "15994613426158673669823951754185337511629185112820490628757804515285048355477", "price": "0.78", "size": "215.54", "side": "BUY", "hash": "48be0e21178a208a605dfb2f08a8d696f509e1fa", "best_bid": "0.79", "best_ask": "0.81"}], "timestamp": "1769384060011", "event_type": "price_change"}}
{"_local_timestamp": "2026-01-25T23:34:21.553521+00:00", "data": {"market": "0x734292c6243ba3591eaa677eff5e8643ee411ad241af441c6db4b2b92a581cfc", "price_changes": [{"asset_id": "51167478180387074803337817663659634391413116931006396061068508903042207217732", "price": "0.22", "size": "189.54", "side": "SELL", "hash": "8be47e134e16301a284640d7c1f1e1ac54605e53", "best_bid": "0.19", "best_ask": "0.21"}, {"asset_id": "15994613426158673669823951754185337511629185112820490628757804515285048355477", "price": "0.78", "size": "189.54", "side": "BUY", "hash": "1754a3f0ae8dfa153343fc3ab596bb15024618b1", "best_bid": "0.79", "best_ask": "0.81"}], "timestamp": "1769384061484", "event_type": "price_change"}}
{"_local_timestamp": "2026-01-25T23:34:21.578178+00:00", "data": {"market": "0x734292c6243ba3591eaa677eff5e8643ee411ad241af441c6db4b2b92a581cfc", "price_changes": [{"asset_id": "51167478180387074803337817663659634391413116931006396061068508903042207217732", "price": "0.22", "size": "215.54", "side": "SELL", "hash": "08dbcfcb2560e23dfe652e02695dbac19fd1527e", "best_bid": "0.19", "best_ask": "0.21"}, {"asset_id": "15994613426158673669823951754185337511629185112820490628757804515285048355477", "price": "0.78", "size": "215.54", "side": "BUY", "hash": "184513e252517bfe0209075d699bde95cb458873", "best_bid": "0.79", "best_ask": "0.81"}], "timestamp": "1769384061511", "event_type": "price_change"}}
{"_local_timestamp": "2026-01-25T23:34:23.067343+00:00", "data": {"market": "0x734292c6243ba3591eaa677eff5e8643ee411ad241af441c6db4b2b92a581cfc", "price_changes": [{"asset_id": "51167478180387074803337817663659634391413116931006396061068508903042207217732", "price": "0.22", "size": "189.54", "side": "SELL", "hash": "8b5e7eb77eeeb49e98df35bde27134e41c124013", "best_bid": "0.19", "best_ask": "0.21"}, {"asset_id": "15994613426158673669823951754185337511629185112820490628757804515285048355477", "price": "0.78", "size": "189.54", "side": "BUY", "hash": "9df2f44f28f9a899a82d0a9c77d36e2daf223df8", "best_bid": "0.79", "best_ask": "0.81"}], "timestamp": "1769384062991", "event_type": "price_change"}}
{"_local_timestamp": "2026-01-25T23:34:23.089789+00:00", "data": {"market": "0x734292c6243ba3591eaa677eff5e8643ee411ad241af441c6db4b2b92a581cfc", "price_changes": [{"asset_id": "51167478180387074803337817663659634391413116931006396061068508903042207217732", "price": "0.22", "size": "215.54", "side": "SELL", "hash": "41203d3b3a189d9dbd2a3dfde3f2a3d7689afc24", "best_bid": "0.19", "best_ask": "0.21"}, {"asset_id": "15994613426158673669823951754185337511629185112820490628757804515285048355477", "price": "0.78", "size": "215.54", "side": "BUY", "hash": "afc18a6e1a62b46a71ae4de81e22d9bdae8d4820", "best_bid": "0.79", "best_ask": "0.81"}], "timestamp": "1769384063019", "event_type": "price_change"}}
{"_local_timestamp": "2026-01-25T23:34:24.552933+00:00", "data": {"market": "0x734292c6243ba3591eaa677eff5e8643ee411ad241af441c6db4b2b92a581cfc", "price_changes": [{"asset_id": "51167478180387074803337817663659634391413116931006396061068508903042207217732", "price": "0.22", "size": "189.54", "side": "SELL", "hash": "b97555b08aebdf121b2fcf450eca6af96ce7c712", "best_bid": "0.19", "best_ask": "0.21"}, {"asset_id": "15994613426158673669823951754185337511629185112820490628757804515285048355477", "price": "0.78", "size": "189.54", "side": "BUY", "hash": "f362531c04dedb9ca7d66ce9725ffddff0781a7c", "best_bid": "0.79", "best_ask": "0.81"}], "timestamp": "1769384064485", "event_type": "price_change"}}
{"_local_timestamp": "2026-01-25T23:34:24.577295+00:00", "data": {"market": "0x734292c6243ba3591eaa677eff5e8643ee411ad241af441c6db4b2b92a581cfc", "price_changes": [{"asset_id": "51167478180387074803337817663659634391413116931006396061068508903042207217732", "price": "0.22", "size": "215.54", "side": "SELL", "hash": "b6ac9ad1305f862c584def725b170db75c7451e5", "best_bid": "0.19", "best_ask": "0.21"}, {"asset_id": "15994613426158673669823951754185337511629185112820490628757804515285048355477", "price": "0.78", "size": "215.54", "side": "BUY", "hash": "11eea1d041e54fad7e27fffecf40616c45e951d5", "best_bid": "0.79", "best_ask": "0.81"}], "timestamp": "1769384064511", "event_type": "price_change"}}
{"_local_timestamp": "2026-01-25T23:34:26.056829+00:00", "data": {"market": "0x734292c6243ba3591eaa677eff5e8643ee411ad241af441c6db4b2b92a581cfc", "price_changes": [{"asset_id": "51167478180387074803337817663659634391413116931006396061068508903042207217732", "price": "0.22", "size": "189.54", "side": "SELL", "hash": "17b5802e71d5015ee2de80fa9137094337c4fcb1", "best_bid": "0.19", "best_ask": "0.21"}, {"asset_id": "15994613426158673669823951754185337511629185112820490628757804515285048355477", "price": "0.78", "size": "189.54", "side": "BUY", "hash": "7fdcde10809c89afbc262321f7f8e11fa3167153", "best_bid": "0.79", "best_ask": "0.81"}], "timestamp": "1769384065984", "event_type": "price_change"}}
{"_local_timestamp": "2026-01-25T23:34:26.096406+00:00", "data": {"market": "0x734292c6243ba3591eaa677eff5e8643ee411ad241af441c6db4b2b92a581cfc", "price_changes": [{"asset_id": "51167478180387074803337817663659634391413116931006396061068508903042207217732", "price": "0.22", "size": "215.54", "side": "SELL", "hash": "de18985562dbe59679fa4bc6c1e0b14e872ba186", "best_bid": "0.19", "best_ask": "0.21"}, {"asset_id": "15994613426158673669823951754185337511629185112820490628757804515285048355477", "price": "0.78", "size": "215.54", "side": "BUY", "hash": "850afaba33eb5ac88fe741f59fc57b8a2f810142", "best_bid": "0.79", "best_ask": "0.81"}], "timestamp": "1769384066011", "event_type": "price_change"}}
{"_local_timestamp": "2026-01-25T23:34:27.550867+00:00", "data": {"market": "0x734292c6243ba3591eaa677eff5e8643ee411ad241af441c6db4b2b92a581cfc", "price_changes": [{"asset_id": "51167478180387074803337817663659634391413116931006396061068508903042207217732", "price": "0.22", "size": "189.54", "side": "SELL", "hash": "50b7cb0cc9f36974652b4160a7d1a7d8a968f9e1", "best_bid": "0.19", "best_ask": "0.21"}, {"asset_id": "15994613426158673669823951754185337511629185112820490628757804515285048355477", "price": "0.78", "size": "189.54", "side": "BUY", "hash": "462548992b03ee818469171af5b75fa504c793cf", "best_bid": "0.79", "best_ask": "0.81"}], "timestamp": "1769384067486", "event_type": "price_change"}}
{"_local_timestamp": "2026-01-25T23:34:27.581851+00:00", "data": {"market": "0x734292c6243ba3591eaa677eff5e8643ee411ad241af441c6db4b2b92a581cfc", "price_changes": [{"asset_id": "51167478180387074803337817663659634391413116931006396061068508903042207217732", "price": "0.22", "size": "215.54", "side": "SELL", "hash": "b9b78321ae0a9c512e83fd1e4ac0661bff1060e7", "best_bid": "0.19", "best_ask": "0.21"}, {"asset_id": "15994613426158673669823951754185337511629185112820490628757804515285048355477", "price": "0.78", "size": "215.54", "side": "BUY", "hash": "bfedc88ae077cc75695e230046c44c57629aeadf", "best_bid": "0.79", "best_ask": "0.81"}], "timestamp": "1769384067510", "event_type": "price_change"}}
{"_local_timestamp": "2026-01-25T23:34:29.152374+00:00", "data": {"market": "0x734292c6243ba3591eaa677eff5e8643ee411ad241af441c6db4b2b92a581cfc", "price_changes": [{"asset_id": "51167478180387074803337817663659634391413116931006396061068508903042207217732", "price": "0.22", "size": "189.54", "side": "SELL", "hash": "30999bb9e544472eacb1461e79a77dd2af8fe9bd", "best_bid": "0.19", "best_ask": "0.21"}, {"asset_id": "15994613426158673669823951754185337511629185112820490628757804515285048355477", "price": "0.78", "size": "189.54", "side": "BUY", "hash": "6597cc3871df15c3b4fd8be915fc71338fe4b9af", "best_bid": "0.79", "best_ask": "0.81"}], "timestamp": "1769384068984", "event_type": "price_change"}}
{"_local_timestamp": "2026-01-25T23:34:29.187113+00:00", "data": {"market": "0x734292c6243ba3591eaa677eff5e8643ee411ad241af441c6db4b2b92a581cfc", "price_changes": [{"asset_id": "51167478180387074803337817663659634391413116931006396061068508903042207217732", "price": "0.22", "size": "215.54", "side": "SELL", "hash": "cede8f8ecdcc290581c16728b8a95aa6674d2fc5", "best_bid": "0.19", "best_ask": "0.21"}, {"asset_id": "15994613426158673669823951754185337511629185112820490628757804515285048355477", "price": "0.78", "size": "215.54", "side": "BUY", "hash": "cc516f03c280f121481b49147be65756df97f046", "best_bid": "0.79", "best_ask": "0.81"}], "timestamp": "1769384069013", "event_type": "price_change"}}
{"_local_timestamp": "2026-01-25T23:34:30.634896+00:00", "data": {"market": "0x734292c6243ba3591eaa677eff5e8643ee411ad241af441c6db4b2b92a581cfc", "price_changes": [{"asset_id": "51167478180387074803337817663659634391413116931006396061068508903042207217732", "price": "0.22", "size": "189.54", "side": "SELL", "hash": "c950f38c1a0bd628716b2074a52016eb72f435e1", "best_bid": "0.19", "best_ask": "0.21"}, {"asset_id": "15994613426158673669823951754185337511629185112820490628757804515285048355477", "price": "0.78", "size": "189.54", "side": "BUY", "hash": "53420449aa81d6874383987d0e388ce0eaa06adf", "best_bid": "0.79", "best_ask": "0.81"}], "timestamp": "1769384070484", "event_type": "price_change"}}
{"_local_timestamp": "2026-01-25T23:34:30.649972+00:00", "data": {"market": "0x734292c6243ba3591eaa677eff5e8643ee411ad241af441c6db4b2b92a581cfc", "price_changes": [{"asset_id": "51167478180387074803337817663659634391413116931006396061068508903042207217732", "price": "0.22", "size": "215.54", "side": "SELL", "hash": "5fc4af9f1e78d097ada26ca6246da9159bf6c8d1", "best_bid": "0.19", "best_ask": "0.21"}, {"asset_id": "15994613426158673669823951754185337511629185112820490628757804515285048355477", "price": "0.78", "size": "215.54", "side": "BUY", "hash": "2c37e2cdb8d7e9c1643f004244b4435441c68f6e", "best_bid": "0.79", "best_ask": "0.81"}], "timestamp": "1769384070510", "event_type": "price_change"}}
{"_local_timestamp": "2026-01-25T23:34:32.063879+00:00", "data": {"market": "0x734292c6243ba3591eaa677eff5e8643ee411ad241af441c6db4b2b92a581cfc", "price_changes": [{"asset_id": "51167478180387074803337817663659634391413116931006396061068508903042207217732", "price": "0.22", "size": "189.54", "side": "SELL", "hash": "3e7b20cd7a001d668435cf614a8721247f85ab27", "best_bid": "0.19", "best_ask": "0.21"}, {"asset_id": "15994613426158673669823951754185337511629185112820490628757804515285048355477", "price": "0.78", "size": "189.54", "side": "BUY", "hash": "924c64a2038fdde1b861fd0e16f31c17f10f7d9a", "best_bid": "0.79", "best_ask": "0.81"}], "timestamp": "1769384071983", "event_type": "price_change"}}
{"_local_timestamp": "2026-01-25T23:34:32.142026+00:00", "data": {"market": "0x734292c6243ba3591eaa677eff5e8643ee411ad241af441c6db4b2b92a581cfc", "price_changes": [{"asset_id": "51167478180387074803337817663659634391413116931006396061068508903042207217732", "price": "0.22", "size": "215.54", "side": "SELL", "hash": "a682ffe72cabbbeec23ebe2c45466638fed542bd", "best_bid": "0.19", "best_ask": "0.21"}, {"asset_id": "15994613426158673669823951754185337511629185112820490628757804515285048355477", "price": "0.78", "size": "215.54", "side": "BUY", "hash": "50d5c431097d31ecba3af62503f7260f2298dab9", "best_bid": "0.79", "best_ask": "0.81"}], "timestamp": "1769384072008", "event_type": "price_change"}}
{"_local_timestamp": "2026-01-25T23:34:33.560637+00:00", "data": {"market": "0x734292c6243ba3591eaa677eff5e8643ee411ad241af441c6db4b2b92a581cfc", "price_changes": [{"asset_id": "51167478180387074803337817663659634391413116931006396061068508903042207217732", "price": "0.22", "size": "189.54", "side": "SELL", "hash": "325fc1d1c35951a0aebdaa9d9a519fe1bdf94886", "best_bid": "0.19", "best_ask": "0.21"}, {"asset_id": "15994613426158673669823951754185337511629185112820490628757804515285048355477", "price": "0.78", "size": "189.54", "side": "BUY", "hash": "c9b51d00d0ed7f242c90a40eaff7087dfc0d0ee8", "best_bid": "0.79", "best_ask": "0.81"}], "timestamp": "1769384073487", "event_type": "price_change"}}
{"_local_timestamp": "2026-01-25T23:34:33.584322+00:00", "data": {"market": "0x734292c6243ba3591eaa677eff5e8643ee411ad241af441c6db4b2b92a581cfc", "price_changes": [{"asset_id": "51167478180387074803337817663659634391413116931006396061068508903042207217732", "price": "0.22", "size": "215.54", "side": "SELL", "hash": "60a18586069e922ce22c56b6473d2164e38b51ba", "best_bid": "0.19", "best_ask": "0.21"}, {"asset_id": "15994613426158673669823951754185337511629185112820490628757804515285048355477", "price": "0.78", "size": "215.54", "side": "BUY", "hash": "c456aa238c7bbd546cb9b39dccae0a50bc34eca1", "best_bid": "0.79", "best_ask": "0.81"}], "timestamp": "1769384073514", "event_type": "price_change"}}
{"_local_timestamp": "2026-01-25T23:34:35.049252+00:00", "data": {"market": "0x734292c6243ba3591eaa677eff5e8643ee411ad241af441c6db4b2b92a581cfc", "price_changes": [{"asset_id": "51167478180387074803337817663659634391413116931006396061068508903042207217732", "price": "0.22", "size": "189.54", "side": "SELL", "hash": "cde4bfef829b4f448cc3fd777cf9fb40967c5861", "best_bid": "0.19", "best_ask": "0.21"}, {"asset_id": "15994613426158673669823951754185337511629185112820490628757804515285048355477", "price": "0.78", "size": "189.54", "side": "BUY", "hash": "054664103e58272754068eb527f0bc2091604c94", "best_bid": "0.79", "best_ask": "0.81"}], "timestamp": "1769384074985", "event_type": "price_change"}}
{"_local_timestamp": "2026-01-25T23:34:35.087175+00:00", "data": {"market": "0x734292c6243ba3591eaa677eff5e8643ee411ad241af441c6db4b2b92a581cfc", "price_changes": [{"asset_id": "51167478180387074803337817663659634391413116931006396061068508903042207217732", "price": "0.22", "size": "215.54", "side": "SELL", "hash": "44f89fc3391325a91433f376df27810f5016a1cb", "best_bid": "0.19", "best_ask": "0.21"}, {"asset_id": "15994613426158673669823951754185337511629185112820490628757804515285048355477", "price": "0.78", "size": "215.54", "side": "BUY", "hash": "76280e2d1dddf715517dec8b93d06688d82faf3f", "best_bid": "0.79", "best_ask": "0.81"}], "timestamp": "1769384075012", "event_type": "price_change"}}
{"_local_timestamp": "2026-01-25T23:34:36.564777+00:00", "data": {"market": "0x734292c6243ba3591eaa677eff5e8643ee411ad241af441c6db4b2b92a581cfc", "price_changes": [{"asset_id": "51167478180387074803337817663659634391413116931006396061068508903042207217732", "price": "0.22", "size": "189.54", "side": "SELL", "hash": "e4e0634828fde9e16e778bf47b94238154754860", "best_bid": "0.19", "best_ask": "0.21"}, {"asset_id": "15994613426158673669823951754185337511629185112820490628757804515285048355477", "price": "0.78", "size": "189.54", "side": "BUY", "hash": "49ffa763a0b288401f2ad4b323878264ebdeb809", "best_bid": "0.79", "best_ask": "0.81"}], "timestamp": "1769384076490", "event_type": "price_change"}}
{"_local_timestamp": "2026-01-25T23:34:36.581046+00:00", "data": {"market": "0x734292c6243ba3591eaa677eff5e8643ee411ad241af441c6db4b2b92a581cfc", "price_changes": [{"asset_id": "51167478180387074803337817663659634391413116931006396061068508903042207217732", "price": "0.22", "size": "215.54", "side": "SELL", "hash": "1fb5ee51547038330b42634a3d7dc08a06abd602", "best_bid": "0.19", "best_ask": "0.21"}, {"asset_id": "15994613426158673669823951754185337511629185112820490628757804515285048355477", "price": "0.78", "size": "215.54", "side": "BUY", "hash": "06a896129b6a2dbc84a681eae86343fc51aa62e6", "best_bid": "0.79", "best_ask": "0.81"}], "timestamp": "1769384076518", "event_type": "price_change"}}
{"_local_timestamp": "2026-01-25T23:34:38.059026+00:00", "data": {"market": "0x734292c6243ba3591eaa677eff5e8643ee411ad241af441c6db4b2b92a581cfc", "price_changes": [{"asset_id": "51167478180387074803337817663659634391413116931006396061068508903042207217732", "price": "0.22", "size": "189.54", "side": "SELL", "hash": "9cbba2735f3709da8e5c33b4ca1719f12d66f661", "best_bid": "0.19", "best_ask": "0.21"}, {"asset_id": "15994613426158673669823951754185337511629185112820490628757804515285048355477", "price": "0.78", "size": "189.54", "side": "BUY", "hash": "2cd2fcf9ab58b6d24f6a0cf8d0b1f51f8689f258", "best_bid": "0.79", "best_ask": "0.81"}], "timestamp": "1769384077984", "event_type": "price_change"}}
{"_local_timestamp": "2026-01-25T23:34:38.083458+00:00", "data": {"market": "0x734292c6243ba3591eaa677eff5e8643ee411ad241af441c6db4b2b92a581cfc", "price_changes": [{"asset_id": "51167478180387074803337817663659634391413116931006396061068508903042207217732", "price": "0.22", "size": "215.54", "side": "SELL", "hash": "6f2589bdf4635ae96ecbbfe2247fae9426ddf052", "best_bid": "0.19", "best_ask": "0.21"}, {"asset_id": "15994613426158673669823951754185337511629185112820490628757804515285048355477", "price": "0.78", "size": "215.54", "side": "BUY", "hash": "1597c181a4b6438e0b10c876d9d6d1f6bc70a6cc", "best_bid": "0.79", "best_ask": "0.81"}], "timestamp": "1769384078013", "event_type": "price_change"}}
{"_local_timestamp": "2026-01-25T23:34:39.549209+00:00", "data": {"market": "0x734292c6243ba3591eaa677eff5e8643ee411ad241af441c6db4b2b92a581cfc", "price_changes": [{"asset_id": "51167478180387074803337817663659634391413116931006396061068508903042207217732", "price": "0.22", "size": "189.54", "side": "SELL", "hash": "b91ecfe13181fc5c2ee65160bc29c1b03a08f357", "best_bid": "0.19", "best_ask": "0.21"}, {"asset_id": "15994613426158673669823951754185337511629185112820490628757804515285048355477", "price": "0.78", "size": "189.54", "side": "BUY", "hash": "976cbdfa1ed9041e39e827a8c2a01a619d4fd1e9", "best_bid": "0.79", "best_ask": "0.81"}], "timestamp": "1769384079484", "event_type": "price_change"}}
{"_local_timestamp": "2026-01-25T23:34:39.582070+00:00", "data": {"market": "0x734292c6243ba3591eaa677eff5e8643ee411ad241af441c6db4b2b92a581cfc", "price_changes": [{"asset_id": "51167478180387074803337817663659634391413116931006396061068508903042207217732", "price": "0.22", "size": "215.54", "side": "SELL", "hash": "65682f736ce283b9b8fe2a939ad2b08bc29ca745", "best_bid": "0.19", "best_ask": "0.21"}, {"asset_id": "15994613426158673669823951754185337511629185112820490628757804515285048355477", "price": "0.78", "size": "215.54", "side": "BUY", "hash": "2e21da07b4405204b2676d2aebf71d8d4916fa34", "best_bid": "0.79", "best_ask": "0.81"}], "timestamp": "1769384079515", "event_type": "price_change"}}
{"_local_timestamp": "2026-01-25T23:34:41.053325+00:00", "data": {"market": "0x734292c6243ba3591eaa677eff5e8643ee411ad241af441c6db4b2b92a581cfc", "price_changes": [{"asset_id": "51167478180387074803337817663659634391413116931006396061068508903042207217732", "price": "0.22", "size": "189.54", "side": "SELL", "hash": "3e621e27745415d1e83113ce59fc4f2ca5729b5b", "best_bid": "0.19", "best_ask": "0.21"}, {"asset_id": "15994613426158673669823951754185337511629185112820490628757804515285048355477", "price": "0.78", "size": "189.54", "side": "BUY", "hash": "5ee34896863e225ccb7fb61db84b4e64f1d468f6", "best_bid": "0.79", "best_ask": "0.81"}], "timestamp": "1769384080987", "event_type": "price_change"}}
{"_local_timestamp": "2026-01-25T23:34:41.092995+00:00", "data": {"market": "0x734292c6243ba3591eaa677eff5e8643ee411ad241af441c6db4b2b92a581cfc", "price_changes": [{"asset_id": "51167478180387074803337817663659634391413116931006396061068508903042207217732", "price": "0.22", "size": "215.54", "side": "SELL", "hash": "90802ed555299d807fb0f417269aa96a96518b0b", "best_bid": "0.19", "best_ask": "0.21"}, {"asset_id": "15994613426158673669823951754185337511629185112820490628757804515285048355477", "price": "0.78", "size": "215.54", "side": "BUY", "hash": "ec19a7b7122dc0d920a070e33fe40a28889706b2", "best_bid": "0.79", "best_ask": "0.81"}], "timestamp": "1769384081013", "event_type": "price_change"}}
{"_local_timestamp": "2026-01-25T23:34:42.558856+00:00", "data": {"market": "0x734292c6243ba3591eaa677eff5e8643ee411ad241af441c6db4b2b92a581cfc", "price_changes": [{"asset_id": "51167478180387074803337817663659634391413116931006396061068508903042207217732", "price": "0.22", "size": "189.54", "side": "SELL", "hash": "edb583dac1ccb9ea1f5db113dc0891694e11019c", "best_bid": "0.19", "best_ask": "0.21"}, {"asset_id": "15994613426158673669823951754185337511629185112820490628757804515285048355477", "price": "0.78", "size": "189.54", "side": "BUY", "hash": "0b49c50502995b5dafefb2d44b1e6fb12d09dfe7", "best_bid": "0.79", "best_ask": "0.81"}], "timestamp": "1769384082486", "event_type": "price_change"}}
{"_local_timestamp": "2026-01-25T23:34:42.589445+00:00", "data": {"market": "0x734292c6243ba3591eaa677eff5e8643ee411ad241af441c6db4b2b92a581cfc", "price_changes": [{"asset_id": "51167478180387074803337817663659634391413116931006396061068508903042207217732", "price": "0.22", "size": "215.54", "side": "SELL", "hash": "fd119f870089868d2632f98adcfc00b15fd0670c", "best_bid": "0.19", "best_ask": "0.21"}, {"asset_id": "15994613426158673669823951754185337511629185112820490628757804515285048355477", "price": "0.78", "size": "215.54", "side": "BUY", "hash": "65b16e5e13270f9d03ad8ada6892734cabb70b9d", "best_bid": "0.79", "best_ask": "0.81"}], "timestamp": "1769384082518", "event_type": "price_change"}}
{"_local_timestamp": "2026-01-25T23:34:44.057974+00:00", "data": {"market": "0x734292c6243ba3591eaa677eff5e8643ee411ad241af441c6db4b2b92a581cfc", "price_changes": [{"asset_id": "51167478180387074803337817663659634391413116931006396061068508903042207217732", "price": "0.22", "size": "189.54", "side": "SELL", "hash": "19104a3361baeb275a6ec08b20938e11e9bbf01c", "best_bid": "0.19", "best_ask": "0.21"}, {"asset_id": "15994613426158673669823951754185337511629185112820490628757804515285048355477", "price": "0.78", "size": "189.54", "side": "BUY", "hash": "00f802529d63c518e34f23391a308906870a3697", "best_bid": "0.79", "best_ask": "0.81"}], "timestamp": "1769384083993", "event_type": "price_change"}}
{"_local_timestamp": "2026-01-25T23:34:44.126560+00:00", "data": {"market": "0x734292c6243ba3591eaa677eff5e8643ee411ad241af441c6db4b2b92a581cfc", "price_changes": [{"asset_id": "51167478180387074803337817663659634391413116931006396061068508903042207217732", "price": "0.22", "size": "215.54", "side": "SELL", "hash": "7916c247df36a4c3643dfbc9e9b9047b4f195cce", "best_bid": "0.19", "best_ask": "0.21"}, {"asset_id": "15994613426158673669823951754185337511629185112820490628757804515285048355477", "price": "0.78", "size": "215.54", "side": "BUY", "hash": "8d388f8a85ebf4dec64eb37085686afe69997da7", "best_bid": "0.79", "best_ask": "0.81"}], "timestamp": "1769384084019", "event_type": "price_change"}}
{"_local_timestamp": "2026-01-25T23:34:45.553065+00:00", "data": {"market": "0x734292c6243ba3591eaa677eff5e8643ee411ad241af441c6db4b2b92a581cfc", "price_changes": [{"asset_id": "51167478180387074803337817663659634391413116931006396061068508903042207217732", "price": "0.22", "size": "189.54", "side": "SELL", "hash": "775195da183c8e065348651ac0e8ab9db0f3aa6d", "best_bid": "0.19", "best_ask": "0.21"}, {"asset_id": "15994613426158673669823951754185337511629185112820490628757804515285048355477", "price": "0.78", "size": "189.54", "side": "BUY", "hash": "d3562b07186ff4b00807b2c08bb561a05030e55a", "best_bid": "0.79", "best_ask": "0.81"}], "timestamp": "1769384085485", "event_type": "price_change"}}
{"_local_timestamp": "2026-01-25T23:34:45.577124+00:00", "data": {"market": "0x734292c6243ba3591eaa677eff5e8643ee411ad241af441c6db4b2b92a581cfc", "price_changes": [{"asset_id": "51167478180387074803337817663659634391413116931006396061068508903042207217732", "price": "0.22", "size": "215.54", "side": "SELL", "hash": "7c7a6e0bfce818dead39fe718ec809976153c0e8", "best_bid": "0.19", "best_ask": "0.21"}, {"asset_id": "15994613426158673669823951754185337511629185112820490628757804515285048355477", "price": "0.78", "size": "215.54", "side": "BUY", "hash": "5fd7749ac9932b2d626404db3fae846f822332ff", "best_bid": "0.79", "best_ask": "0.81"}], "timestamp": "1769384085514", "event_type": "price_change"}}
{"_local_timestamp": "2026-01-25T23:34:47.053394+00:00", "data": {"market": "0x734292c6243ba3591eaa677eff5e8643ee411ad241af441c6db4b2b92a581cfc", "price_changes": [{"asset_id": "51167478180387074803337817663659634391413116931006396061068508903042207217732", "price": "0.22", "size": "189.54", "side": "SELL", "hash": "4273662a7bcee795b56fb053e66642848072e8fb", "best_bid": "0.19", "best_ask": "0.21"}, {"asset_id": "15994613426158673669823951754185337511629185112820490628757804515285048355477", "price": "0.78", "size": "189.54", "side": "BUY", "hash": "cad28cfb75e2343d3ae85648d9d5cb6ff07bb131", "best_bid": "0.79", "best_ask": "0.81"}], "timestamp": "1769384086986", "event_type": "price_change"}}
{"_local_timestamp": "2026-01-25T23:34:47.109433+00:00", "data": {"market": "0x734292c6243ba3591eaa677eff5e8643ee411ad241af441c6db4b2b92a581cfc", "price_changes": [{"asset_id": "51167478180387074803337817663659634391413116931006396061068508903042207217732", "price": "0.22", "size": "215.54", "side": "SELL", "hash": "ae3c7e9fb6b66254b5db27793333f0a1994cccdb", "best_bid": "0.19", "best_ask": "0.21"}, {"asset_id": "15994613426158673669823951754185337511629185112820490628757804515285048355477", "price": "0.78", "size": "215.54", "side": "BUY", "hash": "e999f1fa0909d89f9fb5c67a31062313a20ad251", "best_bid": "0.79", "best_ask": "0.81"}], "timestamp": "1769384087013", "event_type": "price_change"}}
{"_local_timestamp": "2026-01-25T23:34:48.549552+00:00", "data": {"market": "0x734292c6243ba3591eaa677eff5e8643ee411ad241af441c6db4b2b92a581cfc", "price_changes": [{"asset_id": "51167478180387074803337817663659634391413116931006396061068508903042207217732", "price": "0.22", "size": "189.54", "side": "SELL", "hash": "b0f420b262d06308c96a106ba10b7a8bbecdaba7", "best_bid": "0.19", "best_ask": "0.21"}, {"asset_id": "15994613426158673669823951754185337511629185112820490628757804515285048355477", "price": "0.78", "size": "189.54", "side": "BUY", "hash": "75c623925bb9208c91c38901f5fa0eb3fdbe9030", "best_bid": "0.79", "best_ask": "0.81"}], "timestamp": "1769384088484", "event_type": "price_change"}}
{"_local_timestamp": "2026-01-25T23:34:48.577044+00:00", "data": {"market": "0x734292c6243ba3591eaa677eff5e8643ee411ad241af441c6db4b2b92a581cfc", "price_changes": [{"asset_id": "51167478180387074803337817663659634391413116931006396061068508903042207217732", "price": "0.22", "size": "215.54", "side": "SELL", "hash": "72ebb734df91e42ea219816fcd0a7c19d1060fa3", "best_bid": "0.19", "best_ask": "0.21"}, {"asset_id": "15994613426158673669823951754185337511629185112820490628757804515285048355477", "price": "0.78", "size": "215.54", "side": "BUY", "hash": "6c44d93fe9e235c5a0704d4a9aa6c0851e0677d9", "best_bid": "0.79", "best_ask": "0.81"}], "timestamp": "1769384088511", "event_type": "price_change"}}
{"_local_timestamp": "2026-01-25T23:34:50.052964+00:00", "data": {"market": "0x734292c6243ba3591eaa677eff5e8643ee411ad241af441c6db4b2b92a581cfc", "price_changes": [{"asset_id": "51167478180387074803337817663659634391413116931006396061068508903042207217732", "price": "0.22", "size": "189.54", "side": "SELL", "hash": "1b382ae3aef3bfad228647927c0a3445252ba8f5", "best_bid": "0.19", "best_ask": "0.21"}, {"asset_id": "15994613426158673669823951754185337511629185112820490628757804515285048355477", "price": "0.78", "size": "189.54", "side": "BUY", "hash": "46a27f3de0fda781fd68e2f657b3e3860686afaf", "best_bid": "0.79", "best_ask": "0.81"}], "timestamp": "1769384089986", "event_type": "price_change"}}
{"_local_timestamp": "2026-01-25T23:34:50.529491+00:00", "data": {"market": "0x734292c6243ba3591eaa677eff5e8643ee411ad241af441c6db4b2b92a581cfc", "price_changes": [{"asset_id": "51167478180387074803337817663659634391413116931006396061068508903042207217732", "price": "0.22", "size": "215.54", "side": "SELL", "hash": "18284c07975eaa04840c6fa35e7b6f6d0cb550f6", "best_bid": "0.19", "best_ask": "0.21"}, {"asset_id": "15994613426158673669823951754185337511629185112820490628757804515285048355477", "price": "0.78", "size": "215.54", "side": "BUY", "hash": "aeace0f4435010b91234ee88bf3e2c20fccd733a", "best_bid": "0.79", "best_ask": "0.81"}], "timestamp": "1769384090011", "event_type": "price_change"}}
{"_local_timestamp": "2026-01-25T23:34:51.565375+00:00", "data": {"market": "0x734292c6243ba3591eaa677eff5e8643ee411ad241af441c6db4b2b92a581cfc", "price_changes": [{"asset_id": "51167478180387074803337817663659634391413116931006396061068508903042207217732", "price": "0.22", "size": "189.54", "side": "SELL", "hash": "8dd4aa5714d53ed2a689cb4ef98a59ad29ff1980", "best_bid": "0.19", "best_ask": "0.21"}, {"asset_id": "15994613426158673669823951754185337511629185112820490628757804515285048355477", "price": "0.78", "size": "189.54", "side": "BUY", "hash": "0804ce094443f4db96fa2a959e5dfbaa1febe0aa", "best_bid": "0.79", "best_ask": "0.81"}], "timestamp": "1769384091485", "event_type": "price_change"}}
{"_local_timestamp": "2026-01-25T23:34:51.633486+00:00", "data": {"market": "0x734292c6243ba3591eaa677eff5e8643ee411ad241af441c6db4b2b92a581cfc", "price_changes": [{"asset_id": "51167478180387074803337817663659634391413116931006396061068508903042207217732", "price": "0.22", "size": "215.54", "side": "SELL", "hash": "236b33b1b1f0123a05d4134664304e55d8fa5660", "best_bid": "0.19", "best_ask": "0.21"}, {"asset_id": "15994613426158673669823951754185337511629185112820490628757804515285048355477", "price": "0.78", "size": "215.54", "side": "BUY", "hash": "73f2a915e8a31c24cb11b9ec650702e297065ace", "best_bid": "0.79", "best_ask": "0.81"}], "timestamp": "1769384091537", "event_type": "price_change"}}
{"_local_timestamp": "2026-01-25T23:34:53.049086+00:00", "data": {"market": "0x734292c6243ba3591eaa677eff5e8643ee411ad241af441c6db4b2b92a581cfc", "price_changes": [{"asset_id": "51167478180387074803337817663659634391413116931006396061068508903042207217732", "price": "0.22", "size": "189.54", "side": "SELL", "hash": "0b1e8b68eed4ecf267992ad0d12916a6b296914a", "best_bid": "0.19", "best_ask": "0.21"}, {"asset_id": "15994613426158673669823951754185337511629185112820490628757804515285048355477", "price": "0.78", "size": "189.54", "side": "BUY", "hash": "b30f8614abdac0d3ed9a108c1ec82d65d817c25d", "best_bid": "0.79", "best_ask": "0.81"}], "timestamp": "1769384092985", "event_type": "price_change"}}
{"_local_timestamp": "2026-01-25T23:34:53.109372+00:00", "data": {"market": "0x734292c6243ba3591eaa677eff5e8643ee411ad241af441c6db4b2b92a581cfc", "price_changes": [{"asset_id": "51167478180387074803337817663659634391413116931006396061068508903042207217732", "price": "0.22", "size": "215.54", "side": "SELL", "hash": "cbd357d3d1dc2639ae9eb3d980449b102290ea7b", "best_bid": "0.19", "best_ask": "0.21"}, {"asset_id": "15994613426158673669823951754185337511629185112820490628757804515285048355477", "price": "0.78", "size": "215.54", "side": "BUY", "hash": "50331461b8030f46ba878d29456e034b7bd35c4e", "best_bid": "0.79", "best_ask": "0.81"}], "timestamp": "1769384093014", "event_type": "price_change"}}
{"_local_timestamp": "2026-01-25T23:34:54.552883+00:00", "data": {"market": "0x734292c6243ba3591eaa677eff5e8643ee411ad241af441c6db4b2b92a581cfc", "price_changes": [{"asset_id": "51167478180387074803337817663659634391413116931006396061068508903042207217732", "price": "0.22", "size": "189.54", "side": "SELL", "hash": "0108f94da6a56d0f05453c98daf44d0a4eebdf6b", "best_bid": "0.19", "best_ask": "0.21"}, {"asset_id": "15994613426158673669823951754185337511629185112820490628757804515285048355477", "price": "0.78", "size": "189.54", "side": "BUY", "hash": "2a771ba4fb1414226eb2ac43396ad59ff90290b6", "best_bid": "0.79", "best_ask": "0.81"}], "timestamp": "1769384094484", "event_type": "price_change"}}
{"_local_timestamp": "2026-01-25T23:34:54.587306+00:00", "data": {"market": "0x734292c6243ba3591eaa677eff5e8643ee411ad241af441c6db4b2b92a581cfc", "price_changes": [{"asset_id": "51167478180387074803337817663659634391413116931006396061068508903042207217732", "price": "0.22", "size": "215.54", "side": "SELL", "hash": "0492ac444f8a65d9d99b693a2ab4f4aad9bd16d8", "best_bid": "0.19", "best_ask": "0.21"}, {"asset_id": "15994613426158673669823951754185337511629185112820490628757804515285048355477", "price": "0.78", "size": "215.54", "side": "BUY", "hash": "8fe9a1ce0a88cad48e7f308e6041bf583ebfe58b", "best_bid": "0.79", "best_ask": "0.81"}], "timestamp": "1769384094508", "event_type": "price_change"}}
{"_local_timestamp": "2026-01-25T23:34:56.065844+00:00", "data": {"market": "0x734292c6243ba3591eaa677eff5e8643ee411ad241af441c6db4b2b92a581cfc", "price_changes": [{"asset_id": "51167478180387074803337817663659634391413116931006396061068508903042207217732", "price": "0.22", "size": "189.54", "side": "SELL", "hash": "598bc6d56b8c7e39f647ad67620c90b82627cdaa", "best_bid": "0.19", "best_ask": "0.21"}, {"asset_id": "15994613426158673669823951754185337511629185112820490628757804515285048355477", "price": "0.78", "size": "189.54", "side": "BUY", "hash": "f89b544cc1a6f9640dc7e52d3b1c0c3771ac50ea", "best_bid": "0.79", "best_ask": "0.81"}], "timestamp": "1769384095989", "event_type": "price_change"}}
{"_local_timestamp": "2026-01-25T23:34:56.153912+00:00", "data": {"market": "0x734292c6243ba3591eaa677eff5e8643ee411ad241af441c6db4b2b92a581cfc", "price_changes": [{"asset_id": "51167478180387074803337817663659634391413116931006396061068508903042207217732", "price": "0.22", "size": "215.54", "side": "SELL", "hash": "0a554ce3c4f5cbf86c3daff0858a7653b4392486", "best_bid": "0.19", "best_ask": "0.21"}, {"asset_id": "15994613426158673669823951754185337511629185112820490628757804515285048355477", "price": "0.78", "size": "215.54", "side": "BUY", "hash": "e283eda58e462fd9240c79eeccdc219ca472ca97", "best_bid": "0.79", "best_ask": "0.81"}], "timestamp": "1769384096017", "event_type": "price_change"}}
{"_local_timestamp": "2026-01-25T23:34:57.561831+00:00", "data": {"market": "0x734292c6243ba3591eaa677eff5e8643ee411ad241af441c6db4b2b92a581cfc", "price_changes": [{"asset_id": "51167478180387074803337817663659634391413116931006396061068508903042207217732", "price": "0.22", "size": "189.54", "side": "SELL", "hash": "bda33a61551e05e4c2fcbb2f57574196bdf684d9", "best_bid": "0.19", "best_ask": "0.21"}, {"asset_id": "15994613426158673669823951754185337511629185112820490628757804515285048355477", "price": "0.78", "size": "189.54", "side": "BUY", "hash": "42a73245fd812a3db360d3901d58aa32392843ae", "best_bid": "0.79", "best_ask": "0.81"}], "timestamp": "1769384097486", "event_type": "price_change"}}
{"_local_timestamp": "2026-01-25T23:34:57.576943+00:00", "data": {"market": "0x734292c6243ba3591eaa677eff5e8643ee411ad241af441c6db4b2b92a581cfc", "price_changes": [{"asset_id": "51167478180387074803337817663659634391413116931006396061068508903042207217732", "price": "0.22", "size": "215.54", "side": "SELL", "hash": "9eaac39b46d6b0382bfc77a7d9f3f9accd6ada7d", "best_bid": "0.19", "best_ask": "0.21"}, {"asset_id": "15994613426158673669823951754185337511629185112820490628757804515285048355477", "price": "0.78", "size": "215.54", "side": "BUY", "hash": "2088619817516288e1467672be93b1792f891220", "best_bid": "0.79", "best_ask": "0.81"}], "timestamp": "1769384097512", "event_type": "price_change"}}
{"_local_timestamp": "2026-01-25T23:34:59.053108+00:00", "data": {"market": "0x734292c6243ba3591eaa677eff5e8643ee411ad241af441c6db4b2b92a581cfc", "price_changes": [{"asset_id": "51167478180387074803337817663659634391413116931006396061068508903042207217732", "price": "0.22", "size": "189.54", "side": "SELL", "hash": "ff3c5ec2e28cf9632a448a837d5592cab208abe2", "best_bid": "0.19", "best_ask": "0.21"}, {"asset_id": "15994613426158673669823951754185337511629185112820490628757804515285048355477", "price": "0.78", "size": "189.54", "side": "BUY", "hash": "fa300decc0f12c60b249104cf2df332eb91ddaef", "best_bid": "0.79", "best_ask": "0.81"}], "timestamp": "1769384098988", "event_type": "price_change"}}
{"_local_timestamp": "2026-01-25T23:34:59.087387+00:00", "data": {"market": "0x734292c6243ba3591eaa677eff5e8643ee411ad241af441c6db4b2b92a581cfc", "price_changes": [{"asset_id": "51167478180387074803337817663659634391413116931006396061068508903042207217732", "price": "0.22", "size": "215.54", "side": "SELL", "hash": "800b2cb30ab2a7407b95f68834a9be0a5ec9a89c", "best_bid": "0.19", "best_ask": "0.21"}, {"asset_id": "15994613426158673669823951754185337511629185112820490628757804515285048355477", "price": "0.78", "size": "215.54", "side": "BUY", "hash": "740bed92a273a2558f0a57965679279d670fb0ca", "best_bid": "0.79", "best_ask": "0.81"}], "timestamp": "1769384099013", "event_type": "price_change"}}
{"_local_timestamp": "2026-01-25T23:35:00.550414+00:00", "data": {"market": "0x734292c6243ba3591eaa677eff5e8643ee411ad241af441c6db4b2b92a581cfc", "price_changes": [{"asset_id": "51167478180387074803337817663659634391413116931006396061068508903042207217732", "price": "0.22", "size": "189.54", "side": "SELL", "hash": "e86bfbb1b897efb71243ca47772f0a10f0b3e4f9", "best_bid": "0.19", "best_ask": "0.21"}, {"asset_id": "15994613426158673669823951754185337511629185112820490628757804515285048355477", "price": "0.78", "size": "189.54", "side": "BUY", "hash": "df3697fc5fea1647549033b9a75878d3fa693cdd", "best_bid": "0.79", "best_ask": "0.81"}], "timestamp": "1769384100483", "event_type": "price_change"}}
{"_local_timestamp": "2026-01-25T23:35:00.572045+00:00", "data": {"market": "0x734292c6243ba3591eaa677eff5e8643ee411ad241af441c6db4b2b92a581cfc", "price_changes": [{"asset_id": "51167478180387074803337817663659634391413116931006396061068508903042207217732", "price": "0.22", "size": "215.54", "side": "SELL", "hash": "24df0ebcc16b32dd65791e4dc0461c7b573c5584", "best_bid": "0.19", "best_ask": "0.21"}, {"asset_id": "15994613426158673669823951754185337511629185112820490628757804515285048355477", "price": "0.78", "size": "215.54", "side": "BUY", "hash": "dc2ef3a8e255e36d56cc32b28b3c171646d5239f", "best_bid": "0.79", "best_ask": "0.81"}], "timestamp": "1769384100509", "event_type": "price_change"}}
{"_local_timestamp": "2026-01-25T23:35:02.164057+00:00", "data": {"market": "0x734292c6243ba3591eaa677eff5e8643ee411ad241af441c6db4b2b92a581cfc", "price_changes": [{"asset_id": "51167478180387074803337817663659634391413116931006396061068508903042207217732", "price": "0.22", "size": "189.54", "side": "SELL", "hash": "502247d966523a9f25adc584dfcdb8dc56efb832", "best_bid": "0.19", "best_ask": "0.21"}, {"asset_id": "15994613426158673669823951754185337511629185112820490628757804515285048355477", "price": "0.78", "size": "189.54", "side": "BUY", "hash": "00bb926b6619a6c9a9703f00ba1726d42206c900", "best_bid": "0.79", "best_ask": "0.81"}], "timestamp": "1769384102036", "event_type": "price_change"}}
{"_local_timestamp": "2026-01-25T23:35:02.183985+00:00", "data": {"market": "0x734292c6243ba3591eaa677eff5e8643ee411ad241af441c6db4b2b92a581cfc", "price_changes": [{"asset_id": "51167478180387074803337817663659634391413116931006396061068508903042207217732", "price": "0.22", "size": "215.54", "side": "SELL", "hash": "c9556a5aac21c11966c3a5bf266ada227a91141d", "best_bid": "0.19", "best_ask": "0.21"}, {"asset_id": "15994613426158673669823951754185337511629185112820490628757804515285048355477", "price": "0.78", "size": "215.54", "side": "BUY", "hash": "31bae4bbc8439a0062b680d40ef2dce86340b374", "best_bid": "0.79", "best_ask": "0.81"}], "timestamp": "1769384102064", "event_type": "price_change"}}
{"_local_timestamp": "2026-01-25T23:35:03.613941+00:00", "data": {"market": "0x734292c6243ba3591eaa677eff5e8643ee411ad241af441c6db4b2b92a581cfc", "price_changes": [{"asset_id": "51167478180387074803337817663659634391413116931006396061068508903042207217732", "price": "0.22", "size": "189.54", "side": "SELL", "hash": "ee6b55d7245e236fb37c4d3ae49f741fe4c7fa65", "best_bid": "0.19", "best_ask": "0.21"}, {"asset_id": "15994613426158673669823951754185337511629185112820490628757804515285048355477", "price": "0.78", "size": "189.54", "side": "BUY", "hash": "1714af3742f9e8a75562c3b0d5f46257b6b2b079", "best_bid": "0.79", "best_ask": "0.81"}], "timestamp": "1769384103484", "event_type": "price_change"}}
{"_local_timestamp": "2026-01-25T23:35:03.641129+00:00", "data": {"market": "0x734292c6243ba3591eaa677eff5e8643ee411ad241af441c6db4b2b92a581cfc", "price_changes": [{"asset_id": "51167478180387074803337817663659634391413116931006396061068508903042207217732", "price": "0.22", "size": "215.54", "side": "SELL", "hash": "c8105e813c37eb653d810e7dd1870edfe22c0af9", "best_bid": "0.19", "best_ask": "0.21"}, {"asset_id": "15994613426158673669823951754185337511629185112820490628757804515285048355477", "price": "0.78", "size": "215.54", "side": "BUY", "hash": "0b3d1ecc796501fc9370ea23ad1cb147ce8e928a", "best_bid": "0.79", "best_ask": "0.81"}], "timestamp": "1769384103511", "event_type": "price_change"}}
{"_local_timestamp": "2026-01-25T23:35:05.140852+00:00", "data": {"market": "0x734292c6243ba3591eaa677eff5e8643ee411ad241af441c6db4b2b92a581cfc", "price_changes": [{"asset_id": "51167478180387074803337817663659634391413116931006396061068508903042207217732", "price": "0.22", "size": "189.54", "side": "SELL", "hash": "a516211b9da9c95070d7f4623389df48c8c68878", "best_bid": "0.19", "best_ask": "0.21"}, {"asset_id": "15994613426158673669823951754185337511629185112820490628757804515285048355477", "price": "0.78", "size": "189.54", "side": "BUY", "hash": "e13a56aa2b1e96751a2b71d4a37407d0e5583f79", "best_bid": "0.79", "best_ask": "0.81"}], "timestamp": "1769384104986", "event_type": "price_change"}}
{"_local_timestamp": "2026-01-25T23:35:05.177652+00:00", "data": {"market": "0x734292c6243ba3591eaa677eff5e8643ee411ad241af441c6db4b2b92a581cfc", "price_changes": [{"asset_id": "51167478180387074803337817663659634391413116931006396061068508903042207217732", "price": "0.22", "size": "215.54", "side": "SELL", "hash": "34b84dced0c95ec5ae4b56d6dc18dc55fa083cf1", "best_bid": "0.19", "best_ask": "0.21"}, {"asset_id": "15994613426158673669823951754185337511629185112820490628757804515285048355477", "price": "0.78", "size": "215.54", "side": "BUY", "hash": "8eabaf7d1f283ab84dc8fe7ef2696ae344139e88", "best_bid": "0.79", "best_ask": "0.81"}], "timestamp": "1769384105013", "event_type": "price_change"}}
{"_local_timestamp": "2026-01-25T23:35:06.674198+00:00", "data": {"market": "0x734292c6243ba3591eaa677eff5e8643ee411ad241af441c6db4b2b92a581cfc", "price_changes": [{"asset_id": "51167478180387074803337817663659634391413116931006396061068508903042207217732", "price": "0.22", "size": "189.54", "side": "SELL", "hash": "ef9b2a9bc456903f480d3341e4d44c79d4b7fb7b", "best_bid": "0.19", "best_ask": "0.21"}, {"asset_id": "15994613426158673669823951754185337511629185112820490628757804515285048355477", "price": "0.78", "size": "189.54", "side": "BUY", "hash": "383e8249350d312ea0c3761d08ba6831c11a335b", "best_bid": "0.79", "best_ask": "0.81"}], "timestamp": "1769384106494", "event_type": "price_change"}}
{"_local_timestamp": "2026-01-25T23:35:06.698163+00:00", "data": {"market": "0x734292c6243ba3591eaa677eff5e8643ee411ad241af441c6db4b2b92a581cfc", "price_changes": [{"asset_id": "51167478180387074803337817663659634391413116931006396061068508903042207217732", "price": "0.22", "size": "215.54", "side": "SELL", "hash": "d4ed72b5fba67d16b41cd7eba2984747c0567e7e", "best_bid": "0.19", "best_ask": "0.21"}, {"asset_id": "15994613426158673669823951754185337511629185112820490628757804515285048355477", "price": "0.78", "size": "215.54", "side": "BUY", "hash": "d534365eb6c6aaeec1e2f6864f41fe342a7c60d5", "best_bid": "0.79", "best_ask": "0.81"}], "timestamp": "1769384106519", "event_type": "price_change"}}
{"_local_timestamp": "2026-01-25T23:35:08.224907+00:00", "data": {"market": "0x734292c6243ba3591eaa677eff5e8643ee411ad241af441c6db4b2b92a581cfc", "price_changes": [{"asset_id": "51167478180387074803337817663659634391413116931006396061068508903042207217732", "price": "0.22", "size": "189.54", "side": "SELL", "hash": "92463f6d79e9ecf4af8006a77ee11684b9aa7a3e", "best_bid": "0.19", "best_ask": "0.21"}, {"asset_id": "15994613426158673669823951754185337511629185112820490628757804515285048355477", "price": "0.78", "size": "189.54", "side": "BUY", "hash": "55239e699ee9a4e97c19826cc98fb6d61617b8e1", "best_bid": "0.79", "best_ask": "0.81"}], "timestamp": "1769384107985", "event_type": "price_change"}}
{"_local_timestamp": "2026-01-25T23:35:08.268875+00:00", "data": {"market": "0x734292c6243ba3591eaa677eff5e8643ee411ad241af441c6db4b2b92a581cfc", "price_changes": [{"asset_id": "51167478180387074803337817663659634391413116931006396061068508903042207217732", "price": "0.22", "size": "215.54", "side": "SELL", "hash": "4de223797a5864f0b4f8a676450803fb8a870a2e", "best_bid": "0.19", "best_ask": "0.21"}, {"asset_id": "15994613426158673669823951754185337511629185112820490628757804515285048355477", "price": "0.78", "size": "215.54", "side": "BUY", "hash": "08eeeb371ede26e3c62e3b1ddd473eea8c461ec5", "best_bid": "0.79", "best_ask": "0.81"}], "timestamp": "1769384108013", "event_type": "price_change"}}
{"_local_timestamp": "2026-01-25T23:35:09.712473+00:00", "data": {"market": "0x734292c6243ba3591eaa677eff5e8643ee411ad241af441c6db4b2b92a581cfc", "price_changes": [{"asset_id": "51167478180387074803337817663659634391413116931006396061068508903042207217732", "price": "0.22", "size": "189.54", "side": "SELL", "hash": "f9a80628a87200851f17a3cbb9ea06fbe746473f", "best_bid": "0.19", "best_ask": "0.21"}, {"asset_id": "15994613426158673669823951754185337511629185112820490628757804515285048355477", "price": "0.78", "size": "189.54", "side": "BUY", "hash": "a42e2c619548ff2da45c37332f2e8af45554e92f", "best_bid": "0.79", "best_ask": "0.81"}], "timestamp": "1769384109485", "event_type": "price_change"}}
{"_local_timestamp": "2026-01-25T23:35:09.742368+00:00", "data": {"market": "0x734292c6243ba3591eaa677eff5e8643ee411ad241af441c6db4b2b92a581cfc", "price_changes": [{"asset_id": "51167478180387074803337817663659634391413116931006396061068508903042207217732", "price": "0.22", "size": "215.54", "side": "SELL", "hash": "bebf1b1c18604d4c38a8a15a8df6d54ce8512126", "best_bid": "0.19", "best_ask": "0.21"}, {"asset_id": "15994613426158673669823951754185337511629185112820490628757804515285048355477", "price": "0.78", "size": "215.54", "side": "BUY", "hash": "a3ae7305618831f695ab9ba2506b75ae36bef9da", "best_bid": "0.79", "best_ask": "0.81"}], "timestamp": "1769384109511", "event_type": "price_change"}}
{"_local_timestamp": "2026-01-25T23:35:11.190686+00:00", "data": {"market": "0x734292c6243ba3591eaa677eff5e8643ee411ad241af441c6db4b2b92a581cfc", "price_changes": [{"asset_id": "51167478180387074803337817663659634391413116931006396061068508903042207217732", "price": "0.22", "size": "189.54", "side": "SELL", "hash": "fcfb82de507f642d0428de282fa4887041dcb4e7", "best_bid": "0.19", "best_ask": "0.21"}, {"asset_id": "15994613426158673669823951754185337511629185112820490628757804515285048355477", "price": "0.78", "size": "189.54", "side": "BUY", "hash": "f7e0687b1a77c36d058c9fc8b6b961b5765ad436", "best_bid": "0.79", "best_ask": "0.81"}], "timestamp": "1769384110983", "event_type": "price_change"}}
{"_local_timestamp": "2026-01-25T23:35:11.222356+00:00", "data": {"market": "0x734292c6243ba3591eaa677eff5e8643ee411ad241af441c6db4b2b92a581cfc", "price_changes": [{"asset_id": "51167478180387074803337817663659634391413116931006396061068508903042207217732", "price": "0.22", "size": "215.54", "side": "SELL", "hash": "6086510a99bf643664a84ef1de5cf02d73889ebb", "best_bid": "0.19", "best_ask": "0.21"}, {"asset_id": "15994613426158673669823951754185337511629185112820490628757804515285048355477", "price": "0.78", "size": "215.54", "side": "BUY", "hash": "ff97fce50419c7a37690f2b32565c347541278d6", "best_bid": "0.79", "best_ask": "0.81"}], "timestamp": "1769384111020", "event_type": "price_change"}}
{"_local_timestamp": "2026-01-25T23:35:12.679980+00:00", "data": {"market": "0x734292c6243ba3591eaa677eff5e8643ee411ad241af441c6db4b2b92a581cfc", "price_changes": [{"asset_id": "51167478180387074803337817663659634391413116931006396061068508903042207217732", "price": "0.22", "size": "189.54", "side": "SELL", "hash": "7ea8b772ee7ae7f3bf123d71c35eca3bd2e744ef", "best_bid": "0.19", "best_ask": "0.21"}, {"asset_id": "15994613426158673669823951754185337511629185112820490628757804515285048355477", "price": "0.78", "size": "189.54", "side": "BUY", "hash": "3c76b61091d164aa14d44f6d447e554f1bd73d3e", "best_bid": "0.79", "best_ask": "0.81"}], "timestamp": "1769384112492", "event_type": "price_change"}}
{"_local_timestamp": "2026-01-25T23:35:12.711491+00:00", "data": {"market": "0x734292c6243ba3591eaa677eff5e8643ee411ad241af441c6db4b2b92a581cfc", "price_changes": [{"asset_id": "51167478180387074803337817663659634391413116931006396061068508903042207217732", "price": "0.22", "size": "215.54", "side": "SELL", "hash": "1733c4d8eb7a455fcdde090b50bf24a4028183d9", "best_bid": "0.19", "best_ask": "0.21"}, {"asset_id": "15994613426158673669823951754185337511629185112820490628757804515285048355477", "price": "0.78", "size": "215.54", "side": "BUY", "hash": "974f848059c71659cd58c8fcf0f7a32176586c94", "best_bid": "0.79", "best_ask": "0.81"}], "timestamp": "1769384112518", "event_type": "price_change"}}
{"_local_timestamp": "2026-01-25T23:35:14.207304+00:00", "data": {"market": "0x734292c6243ba3591eaa677eff5e8643ee411ad241af441c6db4b2b92a581cfc", "price_changes": [{"asset_id": "51167478180387074803337817663659634391413116931006396061068508903042207217732", "price": "0.22", "size": "189.54", "side": "SELL", "hash": "212ecac6be377afa798ae4de4512253a6d3560c8", "best_bid": "0.19", "best_ask": "0.21"}, {"asset_id": "15994613426158673669823951754185337511629185112820490628757804515285048355477", "price": "0.78", "size": "189.54", "side": "BUY", "hash": "fc65b4ff050f89a89a2050a5ca50e348854f14a3", "best_bid": "0.79", "best_ask": "0.81"}], "timestamp": "1769384113989", "event_type": "price_change"}}
{"_local_timestamp": "2026-01-25T23:35:14.246913+00:00", "data": {"market": "0x734292c6243ba3591eaa677eff5e8643ee411ad241af441c6db4b2b92a581cfc", "price_changes": [{"asset_id": "51167478180387074803337817663659634391413116931006396061068508903042207217732", "price": "0.22", "size": "215.54", "side": "SELL", "hash": "7822add8aae0aa493abcf1816c5abafdd41e0f64", "best_bid": "0.19", "best_ask": "0.21"}, {"asset_id": "15994613426158673669823951754185337511629185112820490628757804515285048355477", "price": "0.78", "size": "215.54", "side": "BUY", "hash": "bcdd42e854d7b182d754545f4e11e2773a32dfbb", "best_bid": "0.79", "best_ask": "0.81"}], "timestamp": "1769384114016", "event_type": "price_change"}}
{"_local_timestamp": "2026-01-25T23:35:15.715296+00:00", "data": {"market": "0x734292c6243ba3591eaa677eff5e8643ee411ad241af441c6db4b2b92a581cfc", "price_changes": [{"asset_id": "51167478180387074803337817663659634391413116931006396061068508903042207217732", "price": "0.22", "size": "189.54", "side": "SELL", "hash": "c606e0185e39be801156e769ad0b89c4e39448ec", "best_bid": "0.19", "best_ask": "0.21"}, {"asset_id": "15994613426158673669823951754185337511629185112820490628757804515285048355477", "price": "0.78", "size": "189.54", "side": "BUY", "hash": "298c4e2aedc6835b528835f8c136337a55c7abe8", "best_bid": "0.79", "best_ask": "0.81"}], "timestamp": "1769384115486", "event_type": "price_change"}}
{"_local_timestamp": "2026-01-25T23:35:15.733644+00:00", "data": {"market": "0x734292c6243ba3591eaa677eff5e8643ee411ad241af441c6db4b2b92a581cfc", "price_changes": [{"asset_id": "51167478180387074803337817663659634391413116931006396061068508903042207217732", "price": "0.22", "size": "215.54", "side": "SELL", "hash": "d44aa2fe4b9bd2b0412112a21be1f0804a82be73", "best_bid": "0.19", "best_ask": "0.21"}, {"asset_id": "15994613426158673669823951754185337511629185112820490628757804515285048355477", "price": "0.78", "size": "215.54", "side": "BUY", "hash": "a4302bb2c75fb89e0668e3dc0129e76cd2509063", "best_bid": "0.79", "best_ask": "0.81"}], "timestamp": "1769384115516", "event_type": "price_change"}}
{"_local_timestamp": "2026-01-25T23:35:17.208567+00:00", "data": {"market": "0x734292c6243ba3591eaa677eff5e8643ee411ad241af441c6db4b2b92a581cfc", "price_changes": [{"asset_id": "51167478180387074803337817663659634391413116931006396061068508903042207217732", "price": "0.22", "size": "189.54", "side": "SELL", "hash": "4903626888e988e9f2fb95673aad4e35c27a64a4", "best_bid": "0.19", "best_ask": "0.21"}, {"asset_id": "15994613426158673669823951754185337511629185112820490628757804515285048355477", "price": "0.78", "size": "189.54", "side": "BUY", "hash": "a40fc7802fa223951ed37be9b7ee2d82416e89f9", "best_bid": "0.79", "best_ask": "0.81"}], "timestamp": "1769384116991", "event_type": "price_change"}}
{"_local_timestamp": "2026-01-25T23:35:17.240193+00:00", "data": {"market": "0x734292c6243ba3591eaa677eff5e8643ee411ad241af441c6db4b2b92a581cfc", "price_changes": [{"asset_id": "51167478180387074803337817663659634391413116931006396061068508903042207217732", "price": "0.22", "size": "215.54", "side": "SELL", "hash": "db10e97ff272fb0b73d25d1486786841f3ba8a64", "best_bid": "0.19", "best_ask": "0.21"}, {"asset_id": "15994613426158673669823951754185337511629185112820490628757804515285048355477", "price": "0.78", "size": "215.54", "side": "BUY", "hash": "90aafe63bfede9efed680186f0af1bd42e7dfbf7", "best_bid": "0.79", "best_ask": "0.81"}], "timestamp": "1769384117020", "event_type": "price_change"}}
{"_local_timestamp": "2026-01-25T23:35:18.686315+00:00", "data": {"market": "0x734292c6243ba3591eaa677eff5e8643ee411ad241af441c6db4b2b92a581cfc", "price_changes": [{"asset_id": "51167478180387074803337817663659634391413116931006396061068508903042207217732", "price": "0.22", "size": "189.54", "side": "SELL", "hash": "bcc1d2a89a1a60f48589144b18df46c10e448924", "best_bid": "0.19", "best_ask": "0.21"}, {"asset_id": "15994613426158673669823951754185337511629185112820490628757804515285048355477", "price": "0.78", "size": "189.54", "side": "BUY", "hash": "96d429105956e3ec85c2d28c96ddec668a7d0365", "best_bid": "0.79", "best_ask": "0.81"}], "timestamp": "1769384118485", "event_type": "price_change"}}
{"_local_timestamp": "2026-01-25T23:35:18.716691+00:00", "data": {"market": "0x734292c6243ba3591eaa677eff5e8643ee411ad241af441c6db4b2b92a581cfc", "price_changes": [{"asset_id": "51167478180387074803337817663659634391413116931006396061068508903042207217732", "price": "0.22", "size": "215.54", "side": "SELL", "hash": "3bc724d2fc6d39af8f40d7bccff0ff2c807bfb55", "best_bid": "0.19", "best_ask": "0.21"}, {"asset_id": "15994613426158673669823951754185337511629185112820490628757804515285048355477", "price": "0.78", "size": "215.54", "side": "BUY", "hash": "f7964ee23409e20052d591c41f56bf8cea7ac367", "best_bid": "0.79", "best_ask": "0.81"}], "timestamp": "1769384118514", "event_type": "price_change"}}
{"_local_timestamp": "2026-01-25T23:35:20.230455+00:00", "data": {"market": "0x734292c6243ba3591eaa677eff5e8643ee411ad241af441c6db4b2b92a581cfc", "price_changes": [{"asset_id": "51167478180387074803337817663659634391413116931006396061068508903042207217732", "price": "0.22", "size": "189.54", "side": "SELL", "hash": "f2ca89aa42955b83098c7c46f084940c293f4463", "best_bid": "0.19", "best_ask": "0.21"}, {"asset_id": "15994613426158673669823951754185337511629185112820490628757804515285048355477", "price": "0.78", "size": "189.54", "side": "BUY", "hash": "df755ca9aa077b50b233103850f37991ac05c8d4", "best_bid": "0.79", "best_ask": "0.81"}], "timestamp": "1769384119983", "event_type": "price_change"}}
{"_local_timestamp": "2026-01-25T23:35:20.252007+00:00", "data": {"market": "0x734292c6243ba3591eaa677eff5e8643ee411ad241af441c6db4b2b92a581cfc", "price_changes": [{"asset_id": "51167478180387074803337817663659634391413116931006396061068508903042207217732", "price": "0.22", "size": "215.54", "side": "SELL", "hash": "d7ad443c25b274fea2ed5b8cb7b8be52bcf53d12", "best_bid": "0.19", "best_ask": "0.21"}, {"asset_id": "15994613426158673669823951754185337511629185112820490628757804515285048355477", "price": "0.78", "size": "215.54", "side": "BUY", "hash": "1c44173bd7be4f35ee5411131308207b271e7829", "best_bid": "0.79", "best_ask": "0.81"}], "timestamp": "1769384120009", "event_type": "price_change"}}
{"_local_timestamp": "2026-01-25T23:35:21.693165+00:00", "data": {"market": "0x734292c6243ba3591eaa677eff5e8643ee411ad241af441c6db4b2b92a581cfc", "price_changes": [{"asset_id": "51167478180387074803337817663659634391413116931006396061068508903042207217732", "price": "0.22", "size": "189.54", "side": "SELL", "hash": "18fb78c1d0cb90a1a40a0e0ffd1760930de8b9f0", "best_bid": "0.19", "best_ask": "0.21"}, {"asset_id": "15994613426158673669823951754185337511629185112820490628757804515285048355477", "price": "0.78", "size": "189.54", "side": "BUY", "hash": "5cb49ffa8fb2afaa391bd35795505950132a4054", "best_bid": "0.79", "best_ask": "0.81"}], "timestamp": "1769384121484", "event_type": "price_change"}}
{"_local_timestamp": "2026-01-25T23:35:21.737350+00:00", "data": {"market": "0x734292c6243ba3591eaa677eff5e8643ee411ad241af441c6db4b2b92a581cfc", "price_changes": [{"asset_id": "51167478180387074803337817663659634391413116931006396061068508903042207217732", "price": "0.22", "size": "215.54", "side": "SELL", "hash": "b966a78692ba28976f3b8cb17b08eea4107576d6", "best_bid": "0.19", "best_ask": "0.21"}, {"asset_id": "15994613426158673669823951754185337511629185112820490628757804515285048355477", "price": "0.78", "size": "215.54", "side": "BUY", "hash": "ea54b672e64d955200f67eacdf10600f02d9ad54", "best_bid": "0.79", "best_ask": "0.81"}], "timestamp": "1769384121514", "event_type": "price_change"}}
{"_local_timestamp": "2026-01-25T23:35:23.196289+00:00", "data": {"market": "0x734292c6243ba3591eaa677eff5e8643ee411ad241af441c6db4b2b92a581cfc", "price_changes": [{"asset_id": "51167478180387074803337817663659634391413116931006396061068508903042207217732", "price": "0.22", "size": "189.54", "side": "SELL", "hash": "0e852ac31af2af6c5e1843d9761321496ba099c0", "best_bid": "0.19", "best_ask": "0.21"}, {"asset_id": "15994613426158673669823951754185337511629185112820490628757804515285048355477", "price": "0.78", "size": "189.54", "side": "BUY", "hash": "ab296c3bc18eb15bd487fa8c46f1c0fb8fa6ac9c", "best_bid": "0.79", "best_ask": "0.81"}], "timestamp": "1769384122986", "event_type": "price_change"}}
{"_local_timestamp": "2026-01-25T23:35:23.266023+00:00", "data": {"market": "0x734292c6243ba3591eaa677eff5e8643ee411ad241af441c6db4b2b92a581cfc", "price_changes": [{"asset_id": "51167478180387074803337817663659634391413116931006396061068508903042207217732", "price": "0.22", "size": "215.54", "side": "SELL", "hash": "6e59b7ca5de8b15f7b7083bd7aeabfd9b3c18bcf", "best_bid": "0.19", "best_ask": "0.21"}, {"asset_id": "15994613426158673669823951754185337511629185112820490628757804515285048355477", "price": "0.78", "size": "215.54", "side": "BUY", "hash": "af0159e352d4e870ea8faff3015d262f1d8d708b", "best_bid": "0.79", "best_ask": "0.81"}], "timestamp": "1769384123013", "event_type": "price_change"}}
{"_local_timestamp": "2026-01-25T23:35:24.816475+00:00", "data": {"market": "0x734292c6243ba3591eaa677eff5e8643ee411ad241af441c6db4b2b92a581cfc", "price_changes": [{"asset_id": "51167478180387074803337817663659634391413116931006396061068508903042207217732", "price": "0.22", "size": "189.54", "side": "SELL", "hash": "c401c2bdaa849bc2819d5fe7fe297f2a08f71811", "best_bid": "0.19", "best_ask": "0.21"}, {"asset_id": "15994613426158673669823951754185337511629185112820490628757804515285048355477", "price": "0.78", "size": "189.54", "side": "BUY", "hash": "c00e6abc4988fd3bc96adb52697ba8df4ab4b84a", "best_bid": "0.79", "best_ask": "0.81"}], "timestamp": "1769384124485", "event_type": "price_change"}}
{"_local_timestamp": "2026-01-25T23:35:24.830638+00:00", "data": {"market": "0x734292c6243ba3591eaa677eff5e8643ee411ad241af441c6db4b2b92a581cfc", "price_changes": [{"asset_id": "51167478180387074803337817663659634391413116931006396061068508903042207217732", "price": "0.22", "size": "215.54", "side": "SELL", "hash": "de1323afd25158dc709604a28405c11410872c71", "best_bid": "0.19", "best_ask": "0.21"}, {"asset_id": "15994613426158673669823951754185337511629185112820490628757804515285048355477", "price": "0.78", "size": "215.54", "side": "BUY", "hash": "03d558974b7e9392ea4a84214fefa0d5c136360c", "best_bid": "0.79", "best_ask": "0.81"}], "timestamp": "1769384124513", "event_type": "price_change"}}
{"_local_timestamp": "2026-01-25T23:35:26.237957+00:00", "data": {"market": "0x734292c6243ba3591eaa677eff5e8643ee411ad241af441c6db4b2b92a581cfc", "price_changes": [{"asset_id": "51167478180387074803337817663659634391413116931006396061068508903042207217732", "price": "0.22", "size": "189.54", "side": "SELL", "hash": "82118b88735d1dc2598c4d0f3afc7e3976395900", "best_bid": "0.19", "best_ask": "0.21"}, {"asset_id": "15994613426158673669823951754185337511629185112820490628757804515285048355477", "price": "0.78", "size": "189.54", "side": "BUY", "hash": "d6be5723fee4f038e6a2b4ba58ba1239511bb7b6", "best_bid": "0.79", "best_ask": "0.81"}], "timestamp": "1769384126025", "event_type": "price_change"}}
{"_local_timestamp": "2026-01-25T23:35:26.257420+00:00", "data": {"market": "0x734292c6243ba3591eaa677eff5e8643ee411ad241af441c6db4b2b92a581cfc", "price_changes": [{"asset_id": "51167478180387074803337817663659634391413116931006396061068508903042207217732", "price": "0.22", "size": "215.54", "side": "SELL", "hash": "db06d4c13bd9489e4d905a305a3dc9472d7f2648", "best_bid": "0.19", "best_ask": "0.21"}, {"asset_id": "15994613426158673669823951754185337511629185112820490628757804515285048355477", "price": "0.78", "size": "215.54", "side": "BUY", "hash": "cf1c1a02d07db221a618af0ab8122e7920dcc93f", "best_bid": "0.79", "best_ask": "0.81"}], "timestamp": "1769384126051", "event_type": "price_change"}}
{"_local_timestamp": "2026-01-25T23:35:27.711255+00:00", "data": {"market": "0x734292c6243ba3591eaa677eff5e8643ee411ad241af441c6db4b2b92a581cfc", "price_changes": [{"asset_id": "51167478180387074803337817663659634391413116931006396061068508903042207217732", "price": "0.22", "size": "189.54", "side": "SELL", "hash": "4b26d5b24e181788ca5f5e58444cbb02f2d3db1b", "best_bid": "0.19", "best_ask": "0.21"}, {"asset_id": "15994613426158673669823951754185337511629185112820490628757804515285048355477", "price": "0.78", "size": "189.54", "side": "BUY", "hash": "ce11bdc89b453c11b13b3409f3bff5d17da3ad13", "best_bid": "0.79", "best_ask": "0.81"}], "timestamp": "1769384127484", "event_type": "price_change"}}
{"_local_timestamp": "2026-01-25T23:35:27.736433+00:00", "data": {"market": "0x734292c6243ba3591eaa677eff5e8643ee411ad241af441c6db4b2b92a581cfc", "price_changes": [{"asset_id": "51167478180387074803337817663659634391413116931006396061068508903042207217732", "price": "0.22", "size": "215.54", "side": "SELL", "hash": "bbe06b21b7b5b2652a9ac542230537ecd3f4df5e", "best_bid": "0.19", "best_ask": "0.21"}, {"asset_id": "15994613426158673669823951754185337511629185112820490628757804515285048355477", "price": "0.78", "size": "215.54", "side": "BUY", "hash": "20910668be321d0c8c28c2bf5853a0b3d8383ddc", "best_bid": "0.79", "best_ask": "0.81"}], "timestamp": "1769384127509", "event_type": "price_change"}}
{"_local_timestamp": "2026-01-25T23:35:29.202806+00:00", "data": {"market": "0x734292c6243ba3591eaa677eff5e8643ee411ad241af441c6db4b2b92a581cfc", "price_changes": [{"asset_id": "51167478180387074803337817663659634391413116931006396061068508903042207217732", "price": "0.22", "size": "189.54", "side": "SELL", "hash": "c3fdf8d1644429da870c4e642f50cb03e21f8b19", "best_bid": "0.19", "best_ask": "0.21"}, {"asset_id": "15994613426158673669823951754185337511629185112820490628757804515285048355477", "price": "0.78", "size": "189.54", "side": "BUY", "hash": "4d604ff4509be93c4b2a42be2aa165ed850fa494", "best_bid": "0.79", "best_ask": "0.81"}], "timestamp": "1769384128983", "event_type": "price_change"}}
