{"_local_timestamp": "2026-01-25T23:40:49.395972+00:00", "data": [{"market": "0xfae2aeb2ecea1c8183973cd1635aa88f4cae94ce5d4ea97c9fa68908424006aa", "asset_id": "105286670854988630757625499159433191893597593024297927803470987147000515779791", "timestamp": "1769377656043", "hash": "c3dee07c0111cca563acf452d01d5c1420d53378", "bids": [], "asks": [{"price": "0.53", "size": "30"}, {"price": "0.52", "size": "19.6"}], "event_type": "book", "last_trade_price": "0.500"}, {"market": "0x13c4ce2793691c8255a02e0143f748674ec8b5f235077054f883031ffd988af8", "asset_id": "73846110499457489251363220321412539476082149651717816609900994881225428752561", "timestamp": "1769378253000", "hash": "a235ba0826caf096d8a4b9ef162a9d87b83b3f24", "bids": [], "asks": [], "event_type": "book", "last_trade_price": "0.510"}, {"market": "0x7a44c1df3d0ed971f6bca30e8f47ae2b26fd94673940aee6cd285f65ac98e856", "asset_id": "51687742502917804256548479950700507416534585399600062901860470185518529552200", "timestamp": "1769377656043", "hash": "2ca20b0f7225229dfabca3f17b5c667678375d25", "bids": [], "asks": [], "event_type": "book", "last_trade_price": ""}, {"market": "0x13c4ce2793691c8255a02e0143f748674ec8b5f235077054f883031ffd988af8", "asset_id": "86016839057183078081715130074788437088182400497260509664302858945153615421798", "timestamp": "1769378253000", "hash": "48f3c23278ecf18ef34e8822eea03ce71e4e7f31", "bids": [], "asks": [], "event_type": "book", "last_trade_price": "0.510"}, {"market": "0x80aa9d0b6a8704c42a0bc8cad2b3c1ec44b5be8585494b265eebd1c835e7d833", "asset_id": "91308982590820245262066841193535697855859321167565677909502411500089762061081", "timestamp": "1769377656043", "hash": "00dec0279492e740d0dd6b0c8e1d70256610f1da", "bids": [{"price": "0.37", "size": "5"}], "asks": [], "event_type": "book", "last_trade_price": "0.500"}, {"market": "0xa1a679cc64bbdf4dfd772deec701d370ac28372886b7a1cc0ea2db6a767eb39e", "asset_id": "114516369373731711156458456541907902742070218067576619371209565425670175172019", "timestamp": "1769377656043", "hash": "b102aa3e76a3ff1f4f9b9ae50a9a6396aa1da6da", "bids": [{"price": "0.3", "size": "13645"}], "asks": [], "event_type": "book", "last_trade_price": ""}, {"market": "0xfae2aeb2ecea1c8183973cd1635aa88f4cae94ce5d4ea97c9fa68908424006aa", "asset_id": "65170798515500510986383516506073520827697179751552714758628560654111082596363", "timestamp": "1769377656043", "hash": "09c17a036927c814cac9d1f8d86c5be12cb2209f", "bids": [{"price": "0.47", "size": "30"}, {"price": "0.48", "size": "19.6"}], "asks": [], "event_type": "book", "last_trade_price": "0.500"}, {"market": "0x7a44c1df3d0ed971f6bca30e8f47ae2b26fd94673940aee6cd285f65ac98e856", "asset_id": "108138270241384113754029412710926693982380409790644934629914045074617004226639", "timestamp": "1769377656043", "hash": "e8028b26859171fd697feeb9c43570158111bfe1", "bids": [], "asks": [], "event_type": "book", "last_trade_price": ""}, {"market": "0x80aa9d0b6a8704c42a0bc8cad2b3c1ec44b5be8585494b265eebd1c835e7d833", "asset_id": "79706039483265919706985455388637786973564325724685194652818886268215177553831", "timestamp": "1769377656043", "hash": "567a34dfc1dd6746a5062f167a64b18b6155158b", "bids": [], "asks": [{"price": "0.63", "size": "5"}], "event_type": "book", "last_trade_price": "0.500"}, {"market": "0xa1a679cc64bbdf4dfd772deec701d370ac28372886b7a1cc0ea2db6a767eb39e", "asset_id": "1689488946662156096429834721589058298752672260634046151987222507005763444613", "timestamp": "1769377656043", "hash": "7a0f8f283413968187e5b3e6e5a8cf2cbd0f86b9", "bids": [], "asks": [{"price": "0.7", "size": "13645"}], "event_type": "book", "last_trade_price": ""}]}
