{"_local_timestamp": "2026-01-25T23:33:33.485842+00:00", "data": [{"market": "0x0af44ddef5486a93273814e3093bbd63d81278348229ad675d6f5e8e97d7234d", "asset_id": "34261786161528041988621089241553806884842935107310561777788616478373913702593", "timestamp": "1769384013149", "hash": "fe53f6fb69e5ac31fe66bd6bdea3e5dbcc53adf3", "bids": [{"price": "0.001", "size": "3377.14"}, {"price": "0.002", "size": "1250"}, {"price": "0.003", "size": "1172.66"}, {"price": "0.006", "size": "83"}, {"price": "0.007", "size": "9.55"}, {"price": "0.01", "size": "7500"}, {"price": "0.02", "size": "3000"}, {"price": "0.021", "size": "13.12"}, {"price": "0.05", "size": "30"}, {"price": "0.051", "size": "39"}, {"price": "0.09", "size": "1400"}, {"price": "0.091", "size": "6.89"}, {"price": "0.14", "size": "242.85"}, {"price": "0.142", "size": "650"}, {"price": "0.19", "size": "168.42"}, {"price": "0.2", "size": "400"}, {"price": "0.201", "size": "846"}, {"price": "0.23", "size": "121.73"}, {"price": "0.234", "size": "258"}, {"price": "0.236", "size": "1878"}, {"price": "0.28", "size": "92.85"}, {"price": "0.286", "size": "200"}, {"price": "0.33", "size": "72.72"}, {"price": "0.38", "size": "177.63"}, {"price": "0.61", "size": "100"}, {"price": "0.75", "size": "40"}, {"price": "0.76", "size": "1000"}, {"price": "0.769", "size": "16.9"}, {"price": "0.77", "size": "14.28"}, {"price": "0.86", "size": "1000"}, {"price": "0.87", "size": "500"}, {"price": "0.882", "size": "200"}, {"price": "0.884", "size": "900"}, {"price": "0.885", "size": "1500"}, {"price": "0.889", "size": "700"}, {"price": "0.902", "size": "200"}, {"price": "0.903", "size": "185.29"}], "asks": [{"price": "0.999", "size": "43716"}, {"price": "0.998", "size": "1672.82"}, {"price": "0.997", "size": "39.93"}, {"price": "0.99", "size": "111250"}, {"price": "0.989", "size": "2637"}, {"price": "0.988", "size": "5.35"}, {"price": "0.985", "size": "333.33"}, {"price": "0.984", "size": "812.5"}, {"price": "0.983", "size": "1358.14"}, {"price": "0.98", "size": "1500"}, {"price": "0.979", "size": "905"}, {"price": "0.977", "size": "217.39"}, {"price": "0.976", "size": "229.16"}, {"price": "0.975", "size": "5.74"}, {"price": "0.973", "size": "500"}, {"price": "0.972", "size": "536"}, {"price": "0.97", "size": "250"}, {"price": "0.969", "size": "388"}, {"price": "0.965", "size": "142.85"}, {"price": "0.964", "size": "7.24"}, {"price": "0.958", "size": "20"}, {"price": "0.955", "size": "20"}, {"price": "0.95", "size": "1020"}, {"price": "0.949", "size": "520"}, {"price": "0.948", "size": "193"}, {"price": "0.941", "size": "20"}, {"price": "0.94", "size": "22.24"}, {"price": "0.934", "size": "805.34"}, {"price": "0.933", "size": "120"}, {"price": "0.93", "size": "100"}, {"price": "0.929", "size": "85"}, {"price": "0.924", "size": "22"}, {"price": "0.919", "size": "100"}, {"price": "0.918", "size": "61"}, {"price": "0.908", "size": "500"}, {"price": "0.907", "size": "164.68"}, {"price": "0.905", "size": "400"}, {"price": "0.904", "size": "101"}], "event_type": "book", "last_trade_price": "0.097"}, {"market": "0x0af44ddef5486a93273814e3093bbd63d81278348229ad675d6f5e8e97d7234d", "asset_id": "48487596218780237850211327452833216815276571672573192726248192470537150201654", "timestamp": "1769384013149", "hash": "efed5820c47747d9928fee3eaae3828ebb01f15c", "bids": [{"price": "0.001", "size": "43716"}, {"price": "0.002", "size": "1672.82"}, {"price": "0.003", "size": "39.93"}, {"price": "0.01", "size": "111250"}, {"price": "0.011", "size": "2637"}, {"price": "0.012", "size": "5.35"}, {"price": "0.015", "size": "333.33"}, {"price": "0.016", "size": "812.5"}, {"price": "0.017", "size": "1358.14"}, {"price": "0.02", "size": "1500"}, {"price": "0.021", "size": "905"}, {"price": "0.023", "size": "217.39"}, {"price": "0.024", "size": "229.16"}, {"price": "0.025", "size": "5.74"}, {"price": "0.027", "size": "500"}, {"price": "0.028", "size": "536"}, {"price": "0.03", "size": "250"}, {"price": "0.031", "size": "388"}, {"price": "0.035", "size": "142.85"}, {"price": "0.036", "size": "7.24"}, {"price": "0.042", "size": "20"}, {"price": "0.045", "size": "20"}, {"price": "0.05", "size": "1020"}, {"price": "0.051", "size": "520"}, {"price": "0.052", "size": "193"}, {"price": "0.059", "size": "20"}, {"price": "0.06", "size": "22.24"}, {"price": "0.066", "size": "805.34"}, {"price": "0.067", "size": "120"}, {"price": "0.07", "size": "100"}, {"price": "0.071", "size": "85"}, {"price": "0.076", "size": "22"}, {"price": "0.081", "size": "100"}, {"price": "0.082", "size": "61"}, {"price": "0.092", "size": "500"}, {"price": "0.093", "size": "164.68"}, {"price": "0.095", "size": "400"}, {"price": "0.096", "size": "101"}], "asks": [{"price": "0.999", "size": "3377.14"}, {"price": "0.998", "size": "1250"}, {"price": "0.997", "size": "1172.66"}, {"price": "0.994", "size": "83"}, {"price": "0.993", "size": "9.55"}, {"price": "0.99", "size": "7500"}, {"price": "0.98", "size": "3000"}, {"price": "0.979", "size": "13.12"}, {"price": "0.95", "size": "30"}, {"price": "0.949", "size": "39"}, {"price": "0.91", "size": "1400"}, {"price": "0.909", "size": "6.89"}, {"price": "0.86", "size": "242.85"}, {"price": "0.858", "size": "650"}, {"price": "0.81", "size": "168.42"}, {"price": "0.8", "size": "400"}, {"price": "0.799", "size": "846"}, {"price": "0.77", "size": "121.73"}, {"price": "0.766", "size": "258"}, {"price": "0.764", "size": "1878"}, {"price": "0.72", "size": "92.85"}, {"price": "0.714", "size": "200"}, {"price": "0.67", "size": "72.72"}, {"price": "0.62", "size": "177.63"}, {"price": "0.39", "size": "100"}, {"price": "0.25", "size": "40"}, {"price": "0.24", "size": "1000"}, {"price": "0.231", "size": "16.9"}, {"price": "0.23", "size": "14.28"}, {"price": "0.14", "size": "1000"}, {"price": "0.13", "size": "500"}, {"price": "0.118", "size": "200"}, {"price": "0.116", "size": "900"}, {"price": "0.115", "size": "1500"}, {"price": "0.111", "size": "700"}, {"price": "0.098", "size": "200"}, {"price": "0.097", "size": "185.29"}], "event_type": "book", "last_trade_price": "0.097"}]}
{"_local_timestamp": "2026-01-25T23:33:33.714991+00:00", "data": {"market": "0x0af44ddef5486a93273814e3093bbd63d81278348229ad675d6f5e8e97d7234d", "price_changes": [{"asset_id": "34261786161528041988621089241553806884842935107310561777788616478373913702593", "price": "0.28", "size": "142.85", "side": "BUY", "hash": "215ca528c57fa0ef52aa00e822137a53b7c26d04", "best_bid": "0.903", "best_ask": "0.904"}, {"asset_id": "48487596218780237850211327452833216815276571672573192726248192470537150201654", "price": "0.72", "size": "142.85", "side": "SELL", "hash": "91418a982be9e99d4c57d28d678055b2da4bedd7", "best_bid": "0.096", "best_ask": "0.097"}], "timestamp": "1769384013551", "event_type": "price_change"}}
{"_local_timestamp": "2026-01-25T23:33:40.309140+00:00", "data": {"market": "0x0af44ddef5486a93273814e3093bbd63d81278348229ad675d6f5e8e97d7234d", "price_changes": [{"asset_id": "34261786161528041988621089241553806884842935107310561777788616478373913702593", "price": "0.286", "size": "150", "side": "BUY", "hash": "9d964a8d93686c24f922985c2524968b0cfd130f", "best_bid": "0.903", "best_ask": "0.904"}, {"asset_id": "48487596218780237850211327452833216815276571672573192726248192470537150201654", "price": "0.714", "size": "150", "side": "SELL", "hash": "0fe44c16d022a8ef154977ac0fc276ee9d812067", "best_bid": "0.096", "best_ask": "0.097"}], "timestamp": "1769384020098", "event_type": "price_change"}}
{"_local_timestamp": "2026-01-25T23:33:40.699460+00:00", "data": {"market": "0x0af44ddef5486a93273814e3093bbd63d81278348229ad675d6f5e8e97d7234d", "price_changes": [{"asset_id": "34261786161528041988621089241553806884842935107310561777788616478373913702593", "price": "0.236", "size": "1928", "side": "BUY", "hash": "07f340582d26a13bee934a1ebc14fb08d2871156", "best_bid": "0.903", "best_ask": "0.904"}, {"asset_id": "48487596218780237850211327452833216815276571672573192726248192470537150201654", "price": "0.764", "size": "1928", "side": "SELL", "hash": "a882994cbb7883b620758c19ebb2e99df02f88a8", "best_bid": "0.096", "best_ask": "0.097"}], "timestamp": "1769384020538", "event_type": "price_change"}}
{"_local_timestamp": "2026-01-25T23:34:19.926131+00:00", "data": {"market": "0x0af44ddef5486a93273814e3093bbd63d81278348229ad675d6f5e8e97d7234d", "price_changes": [{"asset_id": "34261786161528041988621089241553806884842935107310561777788616478373913702593", "price": "0.236", "size": "150", "side": "BUY", "hash": "5336a0c4b52cf167897083d16568381cc6336f73", "best_bid": "0.903", "best_ask": "0.904"}, {"asset_id": "48487596218780237850211327452833216815276571672573192726248192470537150201654", "price": "0.764", "size": "150", "side": "SELL", "hash": "51ab6b6f4d6c47f2eab338fa1987f4f76a2a9f00", "best_bid": "0.096", "best_ask": "0.097"}], "timestamp": "1769384059763", "event_type": "price_change"}}
{"_local_timestamp": "2026-01-25T23:34:27.762812+00:00", "data": {"market": "0x0af44ddef5486a93273814e3093bbd63d81278348229ad675d6f5e8e97d7234d", "price_changes": [{"asset_id": "34261786161528041988621089241553806884842935107310561777788616478373913702593", "price": "0.286", "size": "50", "side": "BUY", "hash": "50216105bc85e4ddce72b2b0d0ca909b03ea680c", "best_bid": "0.903", "best_ask": "0.904"}, {"asset_id": "48487596218780237850211327452833216815276571672573192726248192470537150201654", "price": "0.714", "size": "50", "side": "SELL", "hash": "96ff4295115f60a46b67e1b16a25f9282b4d0dc0", "best_bid": "0.096", "best_ask": "0.097"}], "timestamp": "1769384067581", "event_type": "price_change"}}
{"_local_timestamp": "2026-01-25T23:34:28.309847+00:00", "data": {"market": "0x0af44ddef5486a93273814e3093bbd63d81278348229ad675d6f5e8e97d7234d", "price_changes": [{"asset_id": "34261786161528041988621089241553806884842935107310561777788616478373913702593", "price": "0.236", "size": "250", "side": "BUY", "hash": "b0be852ee6895ff130e32bce308e7daad14f67ac", "best_bid": "0.903", "best_ask": "0.904"}, {"asset_id": "48487596218780237850211327452833216815276571672573192726248192470537150201654", "price": "0.764", "size": "250", "side": "SELL", "hash": "4d326a135deeaacedadf5aae8ddf674fab9aeda5", "best_bid": "0.096", "best_ask": "0.097"}], "timestamp": "1769384068086", "event_type": "price_change"}}
{"_local_timestamp": "2026-01-25T23:34:43.627752+00:00", "data": {"market": "0x0af44ddef5486a93273814e3093bbd63d81278348229ad675d6f5e8e97d7234d", "price_changes": [{"asset_id": "34261786161528041988621089241553806884842935107310561777788616478373913702593", "price": "0.286", "size": "0", "side": "BUY", "hash": "7c2b1b6b4e50f76b2e1abb86dabdec052efac36a", "best_bid": "0.903", "best_ask": "0.904"}, {"asset_id": "48487596218780237850211327452833216815276571672573192726248192470537150201654", "price": "0.714", "size": "0", "side": "SELL", "hash": "3120769a469c476b9866836ef47308332badbf1d", "best_bid": "0.096", "best_ask": "0.097"}], "timestamp": "1769384083544", "event_type": "price_change"}}
{"_local_timestamp": "2026-01-25T23:34:43.866440+00:00", "data": {"market": "0x0af44ddef5486a93273814e3093bbd63d81278348229ad675d6f5e8e97d7234d", "price_changes": [{"asset_id": "34261786161528041988621089241553806884842935107310561777788616478373913702593", "price": "0.28", "size": "192.85", "side": "BUY", "hash": "280e35be3f715ca14cbc76ad7d9ebd44b8835c7d", "best_bid": "0.903", "best_ask": "0.904"}, {"asset_id": "48487596218780237850211327452833216815276571672573192726248192470537150201654", "price": "0.72", "size": "192.85", "side": "SELL", "hash": "04b11f1357e6b0758935073726a2589cb5e10972", "best_bid": "0.096", "best_ask": "0.097"}], "timestamp": "1769384083798", "event_type": "price_change"}}
{"_local_timestamp": "2026-01-25T23:35:23.791344+00:00", "data": {"market": "0x0af44ddef5486a93273814e3093bbd63d81278348229ad675d6f5e8e97d7234d", "price_changes": [{"asset_id": "34261786161528041988621089241553806884842935107310561777788616478373913702593", "price": "0.236", "size": "150", "side": "BUY", "hash": "d5e83765a6b10c9dc4b902683f2ea513f7a7aaa6", "best_bid": "0.903", "best_ask": "0.904"}, {"asset_id": "48487596218780237850211327452833216815276571672573192726248192470537150201654", "price": "0.764", "size": "150", "side": "SELL", "hash": "32d08900dc9304f6af33ddd52785eaa957ff883f", "best_bid": "0.096", "best_ask": "0.097"}], "timestamp": "1769384123679", "event_type": "price_change"}}
{"_local_timestamp": "2026-01-25T23:35:24.251681+00:00", "data": {"market": "0x0af44ddef5486a93273814e3093bbd63d81278348229ad675d6f5e8e97d7234d", "price_changes": [{"asset_id": "34261786161528041988621089241553806884842935107310561777788616478373913702593", "price": "0.234", "size": "358", "side": "BUY", "hash": "095f3a95f9cbb3b3c10dc26b49f2c379b91498ea", "best_bid": "0.903", "best_ask": "0.904"}, {"asset_id": "48487596218780237850211327452833216815276571672573192726248192470537150201654", "price": "0.766", "size": "358", "side": "SELL", "hash": "e1c40dacb567b8b1f49782a10c62d673368c01df", "best_bid": "0.096", "best_ask": "0.097"}], "timestamp": "1769384123979", "event_type": "price_change"}}
{"_local_timestamp": "2026-01-25T23:35:29.047689+00:00", "data": {"market": "0x0af44ddef5486a93273814e3093bbd63d81278348229ad675d6f5e8e97d7234d", "price_changes": [{"asset_id": "34261786161528041988621089241553806884842935107310561777788616478373913702593", "price": "0.287", "size": "1462", "side": "BUY", "hash": "0c94dcf066d42d3911284d811aa561b09c8cd2f2", "best_bid": "0.903", "best_ask": "0.904"}, {"asset_id": "48487596218780237850211327452833216815276571672573192726248192470537150201654", "price": "0.713", "size": "1462", "side": "SELL", "hash": "7b8257ac8b8d12b083f13136cf0d8da92fe6d5fc", "best_bid": "0.096", "best_ask": "0.097"}], "timestamp": "1769384128981", "event_type": "price_change"}}
{"_local_timestamp": "2026-01-25T23:35:56.421339+00:00", "data": {"market": "0x0af44ddef5486a93273814e3093bbd63d81278348229ad675d6f5e8e97d7234d", "price_changes": [{"asset_id": "34261786161528041988621089241553806884842935107310561777788616478373913702593", "price": "0.201", "size": "796", "side": "BUY", "hash": "3a501256d73a3edc52c5440b693bba7a8811f41a", "best_bid": "0.903", "best_ask": "0.904"}, {"asset_id": "48487596218780237850211327452833216815276571672573192726248192470537150201654", "price": "0.799", "size": "796", "side": "SELL", "hash": "3284574bf8f6b28e5b10b1649cdbf51d7d2b79ad", "best_bid": "0.096", "best_ask": "0.097"}], "timestamp": "1769384156287", "event_type": "price_change"}}
{"_local_timestamp": "2026-01-25T23:35:56.422825+00:00", "data": {"market": "0x0af44ddef5486a93273814e3093bbd63d81278348229ad675d6f5e8e97d7234d", "price_changes": [{"asset_id": "34261786161528041988621089241553806884842935107310561777788616478373913702593", "price": "0.28", "size": "142.85", "side": "BUY", "hash": "3a501256d73a3edc52c5440b693bba7a8811f41a", "best_bid": "0.903", "best_ask": "0.904"}, {"asset_id": "48487596218780237850211327452833216815276571672573192726248192470537150201654", "price": "0.72", "size": "142.85", "side": "SELL", "hash": "3284574bf8f6b28e5b10b1649cdbf51d7d2b79ad", "best_bid": "0.096", "best_ask": "0.097"}], "timestamp": "1769384156287", "event_type": "price_change"}}
{"_local_timestamp": "2026-01-25T23:35:56.848413+00:00", "data": {"market": "0x0af44ddef5486a93273814e3093bbd63d81278348229ad675d6f5e8e97d7234d", "price_changes": [{"asset_id": "34261786161528041988621089241553806884842935107310561777788616478373913702593", "price": "0.286", "size": "50", "side": "BUY", "hash": "66ce7b13e6688d0308d564561bd83d37a776ee6f", "best_bid": "0.903", "best_ask": "0.904"}, {"asset_id": "48487596218780237850211327452833216815276571672573192726248192470537150201654", "price": "0.714", "size": "50", "side": "SELL", "hash": "73ae479e07a35cecddef64f332d55d7341fe8ec4", "best_bid": "0.096", "best_ask": "0.097"}], "timestamp": "1769384156725", "event_type": "price_change"}}
{"_local_timestamp": "2026-01-25T23:35:56.896897+00:00", "data": {"market": "0x0af44ddef5486a93273814e3093bbd63d81278348229ad675d6f5e8e97d7234d", "price_changes": [{"asset_id": "34261786161528041988621089241553806884842935107310561777788616478373913702593", "price": "0.236", "size": "200", "side": "BUY", "hash": "4aa439a325cb888740119178be57cabd631f0b8d", "best_bid": "0.903", "best_ask": "0.904"}, {"asset_id": "48487596218780237850211327452833216815276571672573192726248192470537150201654", "price": "0.764", "size": "200", "side": "SELL", "hash": "3e0e3044c7f1357119fbb3c6b65124533456f036", "best_bid": "0.096", "best_ask": "0.097"}], "timestamp": "1769384156758", "event_type": "price_change"}}
{"_local_timestamp": "2026-01-25T23:35:58.177296+00:00", "data": {"market": "0x0af44ddef5486a93273814e3093bbd63d81278348229ad675d6f5e8e97d7234d", "price_changes": [{"asset_id": "34261786161528041988621089241553806884842935107310561777788616478373913702593", "price": "0.287", "size": "0", "side": "BUY", "hash": "f6a5ab9c82688b72a4b1a207065db05b435a1381", "best_bid": "0.903", "best_ask": "0.904"}, {"asset_id": "48487596218780237850211327452833216815276571672573192726248192470537150201654", "price": "0.713", "size": "0", "side": "SELL", "hash": "ba719e3423f4a7f1ac10bca28008dc5b10642d27", "best_bid": "0.096", "best_ask": "0.097"}], "timestamp": "1769384158076", "event_type": "price_change"}}
{"_local_timestamp": "2026-01-25T23:35:59.100595+00:00", "data": {"market": "0x0af44ddef5486a93273814e3093bbd63d81278348229ad675d6f5e8e97d7234d", "price_changes": [{"asset_id": "48487596218780237850211327452833216815276571672573192726248192470537150201654", "price": "0.011", "size": "546", "side": "BUY", "hash": "ae6706a071b738c3e844c4b5ffd2793cc5272b84", "best_bid": "0.096", "best_ask": "0.097"}, {"asset_id": "34261786161528041988621089241553806884842935107310561777788616478373913702593", "price": "0.989", "size": "546", "side": "SELL", "hash": "3cae643f4837471874c9acc7aeb339a79ab54fb6", "best_bid": "0.903", "best_ask": "0.904"}], "timestamp": "1769384159000", "event_type": "price_change"}}
{"_local_timestamp": "2026-01-25T23:35:59.127255+00:00", "data": {"market": "0x0af44ddef5486a93273814e3093bbd63d81278348229ad675d6f5e8e97d7234d", "price_changes": [{"asset_id": "48487596218780237850211327452833216815276571672573192726248192470537150201654", "price": "0.017", "size": "1183.14", "side": "BUY", "hash": "9d67c632ec8284e8c73f2ed19b4a7d9d50b69d9a", "best_bid": "0.096", "best_ask": "0.097"}, {"asset_id": "34261786161528041988621089241553806884842935107310561777788616478373913702593", "price": "0.983", "size": "1183.14", "side": "SELL", "hash": "24bd30525a3a56e30f811f528890a679c2fe1967", "best_bid": "0.903", "best_ask": "0.904"}], "timestamp": "1769384159005", "event_type": "price_change"}}
{"_local_timestamp": "2026-01-25T23:35:59.134734+00:00", "data": {"market": "0x0af44ddef5486a93273814e3093bbd63d81278348229ad675d6f5e8e97d7234d", "price_changes": [{"asset_id": "48487596218780237850211327452833216815276571672573192726248192470537150201654", "price": "0.028", "size": "500", "side": "BUY", "hash": "aff022a7bd6e54bf0f6752aab27baa75d989c5ee", "best_bid": "0.096", "best_ask": "0.097"}, {"asset_id": "34261786161528041988621089241553806884842935107310561777788616478373913702593", "price": "0.972", "size": "500", "side": "SELL", "hash": "fd097af8a2f43a5d230a4eb8c268d33d044f16f9", "best_bid": "0.903", "best_ask": "0.904"}], "timestamp": "1769384159008", "event_type": "price_change"}}
{"_local_timestamp": "2026-01-25T23:35:59.135182+00:00", "data": {"market": "0x0af44ddef5486a93273814e3093bbd63d81278348229ad675d6f5e8e97d7234d", "price_changes": [{"asset_id": "48487596218780237850211327452833216815276571672573192726248192470537150201654", "price": "0.031", "size": "355", "side": "BUY", "hash": "da11dd162b7a4d3eb78f6a3c08f8fc84efe52450", "best_bid": "0.096", "best_ask": "0.097"}, {"asset_id": "34261786161528041988621089241553806884842935107310561777788616478373913702593", "price": "0.969", "size": "355", "side": "SELL", "hash": "aa64203225608b5f3dc5a15eb0d547a6ddfa915b", "best_bid": "0.903", "best_ask": "0.904"}], "timestamp": "1769384159009", "event_type": "price_change"}}
{"_local_timestamp": "2026-01-25T23:35:59.135625+00:00", "data": {"market": "0x0af44ddef5486a93273814e3093bbd63d81278348229ad675d6f5e8e97d7234d", "price_changes": [{"asset_id": "48487596218780237850211327452833216815276571672573192726248192470537150201654", "price": "0.067", "size": "0", "side": "BUY", "hash": "da11dd162b7a4d3eb78f6a3c08f8fc84efe52450", "best_bid": "0.096", "best_ask": "0.097"}, {"asset_id": "34261786161528041988621089241553806884842935107310561777788616478373913702593", "price": "0.933", "size": "0", "side": "SELL", "hash": "aa64203225608b5f3dc5a15eb0d547a6ddfa915b", "best_bid": "0.903", "best_ask": "0.904"}], "timestamp": "1769384159009", "event_type": "price_change"}}
{"_local_timestamp": "2026-01-25T23:35:59.136012+00:00", "data": {"market": "0x0af44ddef5486a93273814e3093bbd63d81278348229ad675d6f5e8e97d7234d", "price_changes": [{"asset_id": "48487596218780237850211327452833216815276571672573192726248192470537150201654", "price": "0.001", "size": "42716", "side": "BUY", "hash": "f74785c78747bc54c93bca4c71cc0d047d6b4bff", "best_bid": "0.096", "best_ask": "0.097"}, {"asset_id": "34261786161528041988621089241553806884842935107310561777788616478373913702593", "price": "0.999", "size": "42716", "side": "SELL", "hash": "0073166e6c92a6a2e7d3d57ce999ddc1bd31fe9f", "best_bid": "0.903", "best_ask": "0.904"}], "timestamp": "1769384159010", "event_type": "price_change"}}
{"_local_timestamp": "2026-01-25T23:35:59.142809+00:00", "data": {"market": "0x0af44ddef5486a93273814e3093bbd63d81278348229ad675d6f5e8e97d7234d", "price_changes": [{"asset_id": "48487596218780237850211327452833216815276571672573192726248192470537150201654", "price": "0.071", "size": "28", "side": "BUY", "hash": "f74785c78747bc54c93bca4c71cc0d047d6b4bff", "best_bid": "0.096", "best_ask": "0.097"}, {"asset_id": "34261786161528041988621089241553806884842935107310561777788616478373913702593", "price": "0.929", "size": "28", "side": "SELL", "hash": "0073166e6c92a6a2e7d3d57ce999ddc1bd31fe9f", "best_bid": "0.903", "best_ask": "0.904"}], "timestamp": "1769384159010", "event_type": "price_change"}}
{"_local_timestamp": "2026-01-25T23:36:02.374942+00:00", "data": {"market": "0x0af44ddef5486a93273814e3093bbd63d81278348229ad675d6f5e8e97d7234d", "price_changes": [{"asset_id": "34261786161528041988621089241553806884842935107310561777788616478373913702593", "price": "0.28", "size": "92.85", "side": "BUY", "hash": "20c0e063e643c0f55e350c562693bfbb753011ee", "best_bid": "0.903", "best_ask": "0.904"}, {"asset_id": "48487596218780237850211327452833216815276571672573192726248192470537150201654", "price": "0.72", "size": "92.85", "side": "SELL", "hash": "9f3fc162bcfae0af3a91fa0da741bd9b973b4e9c", "best_bid": "0.096", "best_ask": "0.097"}], "timestamp": "1769384162266", "event_type": "price_change"}}
{"_local_timestamp": "2026-01-25T23:36:02.654762+00:00", "data": {"market": "0x0af44ddef5486a93273814e3093bbd63d81278348229ad675d6f5e8e97d7234d", "price_changes": [{"asset_id": "34261786161528041988621089241553806884842935107310561777788616478373913702593", "price": "0.287", "size": "50", "side": "BUY", "hash": "2146312f38cfae2d52e39282f22500b6eaec3393", "best_bid": "0.903", "best_ask": "0.904"}, {"asset_id": "48487596218780237850211327452833216815276571672573192726248192470537150201654", "price": "0.713", "size": "50", "side": "SELL", "hash": "a7b2c8442be3aedac17ca1d3dfa5f5f1da28c18b", "best_bid": "0.096", "best_ask": "0.097"}], "timestamp": "1769384162553", "event_type": "price_change"}}
{"_local_timestamp": "2026-01-25T23:36:12.410216+00:00", "data": {"market": "0x0af44ddef5486a93273814e3093bbd63d81278348229ad675d6f5e8e97d7234d", "price_changes": [{"asset_id": "48487596218780237850211327452833216815276571672573192726248192470537150201654", "price": "0.067", "size": "120", "side": "BUY", "hash": "381114e0f93e187d62e8890054002a49662d5953", "best_bid": "0.096", "best_ask": "0.097"}, {"asset_id": "34261786161528041988621089241553806884842935107310561777788616478373913702593", "price": "0.933", "size": "120", "side": "SELL", "hash": "227bb0b883fb2676cda94b9c1b2cc1b26ebba961", "best_bid": "0.903", "best_ask": "0.904"}], "timestamp": "1769384172341", "event_type": "price_change"}}
{"_local_timestamp": "2026-01-25T23:36:12.411113+00:00", "data": {"market": "0x0af44ddef5486a93273814e3093bbd63d81278348229ad675d6f5e8e97d7234d", "price_changes": [{"asset_id": "48487596218780237850211327452833216815276571672573192726248192470537150201654", "price": "0.017", "size": "1358.14", "side": "BUY", "hash": "0e63566f32c05368f6a7a9cbf206fc73e8826fa1", "best_bid": "0.096", "best_ask": "0.097"}, {"asset_id": "34261786161528041988621089241553806884842935107310561777788616478373913702593", "price": "0.983", "size": "1358.14", "side": "SELL", "hash": "6fa43d4c4221e2a95f1f476b9b70808176d7cec2", "best_bid": "0.903", "best_ask": "0.904"}], "timestamp": "1769384172342", "event_type": "price_change"}}
{"_local_timestamp": "2026-01-25T23:36:12.411521+00:00", "data": {"market": "0x0af44ddef5486a93273814e3093bbd63d81278348229ad675d6f5e8e97d7234d", "price_changes": [{"asset_id": "48487596218780237850211327452833216815276571672573192726248192470537150201654", "price": "0.011", "size": "2637", "side": "BUY", "hash": "2a88d408f0f1c4652668850451a87eb3948453bc", "best_bid": "0.096", "best_ask": "0.097"}, {"asset_id": "34261786161528041988621089241553806884842935107310561777788616478373913702593", "price": "0.989", "size": "2637", "side": "SELL", "hash": "3749b12318383c8570594383e848d0778d1acc58", "best_bid": "0.903", "best_ask": "0.904"}], "timestamp": "1769384172343", "event_type": "price_change"}}
{"_local_timestamp": "2026-01-25T23:36:12.411862+00:00", "data": {"market": "0x0af44ddef5486a93273814e3093bbd63d81278348229ad675d6f5e8e97d7234d", "price_changes": [{"asset_id": "48487596218780237850211327452833216815276571672573192726248192470537150201654", "price": "0.028", "size": "536", "side": "BUY", "hash": "f9e84f5c8b4c92fc5ffb612a9ab3d6faaf463242", "best_bid": "0.096", "best_ask": "0.097"}, {"asset_id": "34261786161528041988621089241553806884842935107310561777788616478373913702593", "price": "0.972", "size": "536", "side": "SELL", "hash": "7c3f22e74b69515eed287c739bb50a4803318216", "best_bid": "0.903", "best_ask": "0.904"}], "timestamp": "1769384172344", "event_type": "price_change"}}
{"_local_timestamp": "2026-01-25T23:36:12.412194+00:00", "data": {"market": "0x0af44ddef5486a93273814e3093bbd63d81278348229ad675d6f5e8e97d7234d", "price_changes": [{"asset_id": "48487596218780237850211327452833216815276571672573192726248192470537150201654", "price": "0.001", "size": "43716", "side": "BUY", "hash": "aadcae34b9c4d7c1ac56aab65521930bd0542151", "best_bid": "0.096", "best_ask": "0.097"}, {"asset_id": "34261786161528041988621089241553806884842935107310561777788616478373913702593", "price": "0.999", "size": "43716", "side": "SELL", "hash": "cb252f81d8ad8617de24579547617b857edf0a11", "best_bid": "0.903", "best_ask": "0.904"}], "timestamp": "1769384172344", "event_type": "price_change"}}
{"_local_timestamp": "2026-01-25T23:36:12.412518+00:00", "data": {"market": "0x0af44ddef5486a93273814e3093bbd63d81278348229ad675d6f5e8e97d7234d", "price_changes": [{"asset_id": "48487596218780237850211327452833216815276571672573192726248192470537150201654", "price": "0.031", "size": "388", "side": "BUY", "hash": "4b4b5fb0ad50e4f8361e5b89dcf532e6322df199", "best_bid": "0.096", "best_ask": "0.097"}, {"asset_id": "34261786161528041988621089241553806884842935107310561777788616478373913702593", "price": "0.969", "size": "388", "side": "SELL", "hash": "9f8d99cf03b8d84925b0810d4145a8b73b9b6192", "best_bid": "0.903", "best_ask": "0.904"}], "timestamp": "1769384172345", "event_type": "price_change"}}
{"_local_timestamp": "2026-01-25T23:36:12.412900+00:00", "data": {"market": "0x0af44ddef5486a93273814e3093bbd63d81278348229ad675d6f5e8e97d7234d", "price_changes": [{"asset_id": "48487596218780237850211327452833216815276571672573192726248192470537150201654", "price": "0.071", "size": "85", "side": "BUY", "hash": "ad83c3856ccad5b28fb856761f2953eb09ddffcd", "best_bid": "0.096", "best_ask": "0.097"}, {"asset_id": "34261786161528041988621089241553806884842935107310561777788616478373913702593", "price": "0.929", "size": "85", "side": "SELL", "hash": "755b24f1287f1dec925018b466659aff908e0ba1", "best_bid": "0.903", "best_ask": "0.904"}], "timestamp": "1769384172346", "event_type": "price_change"}}
