{"_local_timestamp": "2026-01-25T23:33:33.485842+00:00", "data": [{"market": "0x0af44ddef5486a93273814e3093bbd63d81278348229ad675d6f5e8e97d7234d", "asset_id": "34261786161528041988621089241553806884842935107310561777788616478373913702593", "timestamp": "1769384013149", "hash": "fe53f6fb69e5ac31fe66bd6bdea3e5dbcc53adf3", "bids": [{"price": "0.001", "size": "3377.14"}, {"price": "0.002", "size": "1250"}, {"price": "0.003", "size": "1172.66"}, {"price": "0.006", "size": "83"}, {"price": "0.007", "size": "9.55"}, {"price": "0.01", "size": "7500"}, {"price": "0.02", "size": "3000"}, {"price": "0.021", "size": "13.12"}, {"price": "0.05", "size": "30"}, {"price": "0.051", "size": "39"}, {"price": "0.09", "size": "1400"}, {"price": "0.091", "size": "6.89"}, {"price": "0.14", "size": "242.85"}, {"price": "0.142", "size": "650"}, {"price": "0.19", "size": "168.42"}, {"price": "0.2", "size": "400"}, {"price": "0.201", "size": "846"}, {"price": "0.23", "size": "121.73"}, {"price": "0.234", "size": "258"}, {"price": "0.236", "size": "1878"}, {"price": "0.28", "size": "92.85"}, {"price": "0.286", "size": "200"}, {"price": "0.33", "size": "72.72"}, {"price": "0.38", "size": "177.63"}, {"price": "0.61", "size": "100"}, {"price": "0.75", "size": "40"}, {"price": "0.76", "size": "1000"}, {"price": "0.769", "size": "16.9"}, {"price": "0.77", "size": "14.28"}, {"price": "0.86", "size": "1000"}, {"price": "0.87", "size": "500"}, {"price": "0.882", "size": "200"}, {"price": "0.884", "size": "900"}, {"price": "0.885", "size": "1500"}, {"price": "0.889", "size": "700"}, {"price": "0.902", "size": "200"}, {"price": "0.903", "size": "185.29"}], "asks": [{"price": "0.999", "size": "43716"}, {"price": "0.998", "size": "1672.82"}, {"price": "0.997", "size": "39.93"}, {"price": "0.99", "size": "111250"}, {"price": "0.989", "size": "2637"}, {"price": "0.988", "size": "5.35"}, {"price": "0.985", "size": "333.33"}, {"price": "0.984", "size": "812.5"}, {"price": "0.983", "size": "1358.14"}, {"price": "0.98", "size": "1500"}, {"price": "0.979", "size": "905"}, {"price": "0.977", "size": "217.39"}, {"price": "0.976", "size": "229.16"}, {"price": "0.975", "size": "5.74"}, {"price": "0.973", "size": "500"}, {"price": "0.972", "size": "536"}, {"price": "0.97", "size": "250"}, {"price": "0.969", "size": "388"}, {"price": "0.965", "size": "142.85"}, {"price": "0.964", "size": "7.24"}, {"price": "0.958", "size": "20"}, {"price": "0.955", "size": "20"}, {"price": "0.95", "size": "1020"}, {"price": "0.949", "size": "520"}, {"price": "0.948", "size": "193"}, {"price": "0.941", "size": "20"}, {"price": "0.94", "size": "22.24"}, {"price": "0.934", "size": "805.34"}, {"price": "0.933", "size": "120"}, {"price": "0.93", "size": "100"}, {"price": "0.929", "size": "85"}, {"price": "0.924", "size": "22"}, {"price": "0.919", "size": "100"}, {"price": "0.918", "size": "61"}, {"price": "0.908", "size": "500"}, {"price": "0.907", "size": "164.68"}, {"price": "0.905", "size": "400"}, {"price": "0.904", "size": "101"}], "event_type": "book", "last_trade_price": "0.097"}, {"market": "0x0af44ddef5486a93273814e3093bbd63d81278348229ad675d6f5e8e97d7234d", "asset_id": "48487596218780237850211327452833216815276571672573192726248192470537150201654", "timestamp": "1769384013149", "hash": "efed5820c47747d9928fee3eaae3828ebb01f15c", "bids": [{"price": "0.001", "size": "43716"}, {"price": "0.002", "size": "1672.82"}, {"price": "0.003", "size": "39.93"}, {"price": "0.01", "size": "111250"}, {"price": "0.011", "size": "2637"}, {"price": "0.012", "size": "5.35"}, {"price": "0.015", "size": "333.33"}, {"price": "0.016", "size": "812.5"}, {"price": "0.017", "size": "1358.14"}, {"price": "0.02", "size": "1500"}, {"price": "0.021", "size": "905"}, {"price": "0.023", "size": "217.39"}, {"price": "0.024", "size": "229.16"}, {"price": "0.025", "size": "5.74"}, {"price": "0.027", "size": "500"}, {"price": "0.028", "size": "536"}, {"price": "0.03", "size": "250"}, {"price": "0.031", "size": "388"}, {"price": "0.035", "size": "142.85"}, {"price": "0.036", "size": "7.24"}, {"price": "0.042", "size": "20"}, {"price": "0.045", "size": "20"}, {"price": "0.05", "size": "1020"}, {"price": "0.051", "size": "520"}, {"price": "0.052", "size": "193"}, {"price": "0.059", "size": "20"}, {"price": "0.06", "size": "22.24"}, {"price": "0.066", "size": "805.34"}, {"price": "0.067", "size": "120"}, {"price": "0.07", "size": "100"}, {"price": "0.071", "size": "85"}, {"price": "0.076", "size": "22"}, {"price": "0.081", "size": "100"}, {"price": "0.082", "size": "61"}, {"price": "0.092", "size": "500"}, {"price": "0.093", "size": "164.68"}, {"price": "0.095", "size": "400"}, {"price": "0.096", "size": "101"}], "asks": [{"price": "0.999", "size": "3377.14"}, {"price": "0.998", "size": "1250"}, {"price": "0.997", "size": "1172.66"}, {"price": "0.994", "size": "83"}, {"price": "0.993", "size": "9.55"}, {"price": "0.99", "size": "7500"}, {"price": "0.98", "size": "3000"}, {"price": "0.979", "size": "13.12"}, {"price": "0.95", "size": "30"}, {"price": "0.949", "size": "39"}, {"price": "0.91", "size": "1400"}, {"price": "0.909", "size": "6.89"}, {"price": "0.86", "size": "242.85"}, {"price": "0.858", "size": "650"}, {"price": "0.81", "size": "168.42"}, {"price": "0.8", "size": "400"}, {"price": "0.799", "size": "846"}, {"price": "0.77", "size": "121.73"}, {"price": "0.766", "size": "258"}, {"price": "0.764", "size": "1878"}, {"price": "0.72", "size": "92.85"}, {"price": "0.714", "size": "200"}, {"price": "0.67", "size": "72.72"}, {"price": "0.62", "size": "177.63"}, {"price": "0.39", "size": "100"}, {"price": "0.25", "size": "40"}, {"price": "0.24", "size": "1000"}, {"price": "0.231", "size": "16.9"}, {"price": "0.23", "size": "14.28"}, {"price": "0.14", "size": "1000"}, {"price": "0.13", "size": "500"}, {"price": "0.118", "size": "200"}, {"price": "0.116", "size": "900"}, {"price": "0.115", "size": "1500"}, {"price": "0.111", "size": "700"}, {"price": "0.098", "size": "200"}, {"price": "0.097", "size": "185.29"}], "event_type": "book", "last_trade_price": "0.097"}]}
{"_local_timestamp": "2026-01-25T23:33:33.714991+00:00", "data": {"market": "0x0af44ddef5486a93273814e3093bbd63d81278348229ad675d6f5e8e97d7234d", "price_changes": [{"asset_id": "34261786161528041988621089241553806884842935107310561777788616478373913702593", "price": "0.28", "size": "142.85", "side": "BUY", "hash": "215ca528c57fa0ef52aa00e822137a53b7c26d04", "best_bid": "0.903", "best_ask": "0.904"}, {"asset_id": "48487596218780237850211327452833216815276571672573192726248192470537150201654", "price": "0.72", "size": "142.85", "side": "SELL", "hash": "91418a982be9e99d4c57d28d678055b2da4bedd7", "best_bid": "0.096", "best_ask": "0.097"}], "timestamp": "1769384013551", "event_type": "price_change"}}
{"_local_timestamp": "2026-01-25T23:33:40.309140+00:00", "data": {"market": "0x0af44ddef5486a93273814e3093bbd63d81278348229ad675d6f5e8e97d7234d", "price_changes": [{"asset_id": "34261786161528041988621089241553806884842935107310561777788616478373913702593", "price": "0.286", "size": "150", "side": "BUY", "hash": "9d964a8d93686c24f922985c2524968b0cfd130f", "best_bid": "0.903", "best_ask": "0.904"}, {"asset_id": "48487596218780237850211327452833216815276571672573192726248192470537150201654", "price": "0.714", "size": "150", "side": "SELL", "hash": "0fe44c16d022a8ef154977ac0fc276ee9d812067", "best_bid": "0.096", "best_ask": "0.097"}], "timestamp": "1769384020098", "event_type": "price_change"}}
{"_local_timestamp": "2026-01-25T23:33:40.699460+00:00", "data": {"market": "0x0af44ddef5486a93273814e3093bbd63d81278348229ad675d6f5e8e97d7234d", "price_changes": [{"asset_id": "34261786161528041988621089241553806884842935107310561777788616478373913702593", "price": "0.236", "size": "1928", "side": "BUY", "hash": "07f340582d26a13bee934a1ebc14fb08d2871156", "best_bid": "0.903", "best_ask": "0.904"}, {"asset_id": "48487596218780237850211327452833216815276571672573192726248192470537150201654", "price": "0.764", "size": "1928", "side": "SELL", "hash": "a882994cbb7883b620758c19ebb2e99df02f88a8", "best_bid": "0.096", "best_ask": "0.097"}], "timestamp": "1769384020538", "event_type": "price_change"}}
{"_local_timestamp": "2026-01-25T23:34:19.926131+00:00", "data": {"market": "0x0af44ddef5486a93273814e3093bbd63d81278348229ad675d6f5e8e97d7234d", "price_changes": [{"asset_id": "34261786161528041988621089241553806884842935107310561777788616478373913702593", "price": "0.236", "size": "150", "side": "BUY", "hash": "5336a0c4b52cf167897083d16568381cc6336f73", "best_bid": "0.903", "best_ask": "0.904"}, {"asset_id": "48487596218780237850211327452833216815276571672573192726248192470537150201654", "price": "0.764", "size": "150", "side": "SELL", "hash": "51ab6b6f4d6c47f2eab338fa1987f4f76a2a9f00", "best_bid": "0.096", "best_ask": "0.097"}], "timestamp": "1769384059763", "event_type": "price_change"}}
{"_local_timestamp": "2026-01-25T23:34:27.762812+00:00", "data": {"market": "0x0af44ddef5486a93273814e3093bbd63d81278348229ad675d6f5e8e97d7234d", "price_changes": [{"asset_id": "34261786161528041988621089241553806884842935107310561777788616478373913702593", "price": "0.286", "size": "50", "side": "BUY", "hash": "50216105bc85e4ddce72b2b0d0ca909b03ea680c", "best_bid": "0.903", "best_ask": "0.904"}, {"asset_id": "48487596218780237850211327452833216815276571672573192726248192470537150201654", "price": "0.714", "size": "50", "side": "SELL", "hash": "96ff4295115f60a46b67e1b16a25f9282b4d0dc0", "best_bid": "0.096", "best_ask": "0.097"}], "timestamp": "1769384067581", "event_type": "price_change"}}
{"_local_timestamp": "2026-01-25T23:34:28.309847+00:00", "data": {"market": "0x0af44ddef5486a93273814e3093bbd63d81278348229ad675d6f5e8e97d7234d", "price_changes": [{"asset_id": "34261786161528041988621089241553806884842935107310561777788616478373913702593", "price": "0.236", "size": "250", "side": "BUY", "hash": "b0be852ee6895ff130e32bce308e7daad14f67ac", "best_bid": "0.903", "best_ask": "0.904"}, {"asset_id": "48487596218780237850211327452833216815276571672573192726248192470537150201654", "price": "0.764", "size": "250", "side": "SELL", "hash": "4d326a135deeaacedadf5aae8ddf674fab9aeda5", "best_bid": "0.096", "best_ask": "0.097"}], "timestamp": "1769384068086", "event_type": "price_change"}}
{"_local_timestamp": "2026-01-25T23:34:43.627752+00:00", "data": {"market": "0x0af44ddef5486a93273814e3093bbd63d81278348229ad675d6f5e8e97d7234d", "price_changes": [{"asset_id": "34261786161528041988621089241553806884842935107310561777788616478373913702593", "price": "0.286", "size": "0", "side": "BUY", "hash": "7c2b1b6b4e50f76b2e1abb86dabdec052efac36a", "best_bid": "0.903", "best_ask": "0.904"}, {"asset_id": "48487596218780237850211327452833216815276571672573192726248192470537150201654", "price": "0.714", "size": "0", "side": "SELL", "hash": "3120769a469c476b9866836ef47308332badbf1d", "best_bid": "0.096", "best_ask": "0.097"}], "timestamp": "1769384083544", "event_type": "price_change"}}
{"_local_timestamp": "2026-01-25T23:34:43.866440+00:00", "data": {"market": "0x0af44ddef5486a93273814e3093bbd63d81278348229ad675d6f5e8e97d7234d", "price_changes": [{"asset_id": "34261786161528041988621089241553806884842935107310561777788616478373913702593", "price": "0.28", "size": "192.85", "side": "BUY", "hash": "280e35be3f715ca14cbc76ad7d9ebd44b8835c7d", "best_bid": "0.903", "best_ask": "0.904"}, {"asset_id": "48487596218780237850211327452833216815276571672573192726248192470537150201654", "price": "0.72", "size": "192.85", "side": "SELL", "hash": "04b11f1357e6b0758935073726a2589cb5e10972", "best_bid": "0.096", "best_ask": "0.097"}], "timestamp": "1769384083798", "event_type": "price_change"}}
{"_local_timestamp": "2026-01-25T23:35:23.791344+00:00", "data": {"market": "0x0af44ddef5486a93273814e3093bbd63d81278348229ad675d6f5e8e97d7234d", "price_changes": [{"asset_id": "34261786161528041988621089241553806884842935107310561777788616478373913702593", "price": "0.236", "size": "150", "side": "BUY", "hash": "d5e83765a6b10c9dc4b902683f2ea513f7a7aaa6", "best_bid": "0.903", "best_ask": "0.904"}, {"asset_id": "48487596218780237850211327452833216815276571672573192726248192470537150201654", "price": "0.764", "size": "150", "side": "SELL", "hash": "32d08900dc9304f6af33ddd52785eaa957ff883f", "best_bid": "0.096", "best_ask": "0.097"}], "timestamp": "1769384123679", "event_type": "price_change"}}
{"_local_timestamp": "2026-01-25T23:35:24.251681+00:00", "data": {"market": "0x0af44ddef5486a93273814e3093bbd63d81278348229ad675d6f5e8e97d7234d", "price_changes": [{"asset_id": "34261786161528041988621089241553806884842935107310561777788616478373913702593", "price": "0.234", "size": "358", "side": "BUY", "hash": "095f3a95f9cbb3b3c10dc26b49f2c379b91498ea", "best_bid": "0.903", "best_ask": "0.904"}, {"asset_id": "48487596218780237850211327452833216815276571672573192726248192470537150201654", "price": "0.766", "size": "358", "side": "SELL", "hash": "e1c40dacb567b8b1f49782a10c62d673368c01df", "best_bid": "0.096", "best_ask": "0.097"}], "timestamp": "1769384123979", "event_type": "price_change"}}
{"_local_timestamp": "2026-01-25T23:35:29.047689+00:00", "data": {"market": "0x0af44ddef5486a93273814e3093bbd63d81278348229ad675d6f5e8e97d7234d", "price_changes": [{"asset_id": "34261786161528041988621089241553806884842935107310561777788616478373913702593", "price": "0.287", "size": "1462", "side": "BUY", "hash": "0c94dcf066d42d3911284d811aa561b09c8cd2f2", "best_bid": "0.903", "best_ask": "0.904"}, {"asset_id": "48487596218780237850211327452833216815276571672573192726248192470537150201654", "price": "0.713", "size": "1462", "side": "SELL", "hash": "7b8257ac8b8d12b083f13136cf0d8da92fe6d5fc", "best_bid": "0.096", "best_ask": "0.097"}], "timestamp": "1769384128981", "event_type": "price_change"}}
{"_local_timestamp": "2026-01-25T23:35:56.421339+00:00", "data": {"market": "0x0af44ddef5486a93273814e3093bbd63d81278348229ad675d6f5e8e97d7234d", "price_changes": [{"asset_id": "34261786161528041988621089241553806884842935107310561777788616478373913702593", "price": "0.201", "size": "796", "side": "BUY", "hash": "3a501256d73a3edc52c5440b693bba7a8811f41a", "best_bid": "0.903", "best_ask": "0.904"}, {"asset_id": "48487596218780237850211327452833216815276571672573192726248192470537150201654", "price": "0.799", "size": "796", "side": "SELL", "hash": "3284574bf8f6b28e5b10b1649cdbf51d7d2b79ad", "best_bid": "0.096", "best_ask": "0.097"}], "timestamp": "1769384156287", "event_type": "price_change"}}
{"_local_timestamp": "2026-01-25T23:35:56.422825+00:00", "data": {"market": "0x0af44ddef5486a93273814e3093bbd63d81278348229ad675d6f5e8e97d7234d", "price_changes": [{"asset_id": "34261786161528041988621089241553806884842935107310561777788616478373913702593", "price": "0.28", "size": "142.85", "side": "BUY", "hash": "3a501256d73a3edc52c5440b693bba7a8811f41a", "best_bid": "0.903", "best_ask": "0.904"}, {"asset_id": "48487596218780237850211327452833216815276571672573192726248192470537150201654", "price": "0.72", "size": "142.85", "side": "SELL", "hash": "3284574bf8f6b28e5b10b1649cdbf51d7d2b79ad", "best_bid": "0.096", "best_ask": "0.097"}], "timestamp": "1769384156287", "event_type": "price_change"}}
{"_local_timestamp": "2026-01-25T23:35:56.848413+00:00", "data": {"market": "0x0af44ddef5486a93273814e3093bbd63d81278348229ad675d6f5e8e97d7234d", "price_changes": [{"asset_id": "34261786161528041988621089241553806884842935107310561777788616478373913702593", "price": "0.286", "size": "50", "side": "BUY", "hash": "66ce7b13e6688d0308d564561bd83d37a776ee6f", "best_bid": "0.903", "best_ask": "0.904"}, {"asset_id": "48487596218780237850211327452833216815276571672573192726248192470537150201654", "price": "0.714", "size": "50", "side": "SELL", "hash": "73ae479e07a35cecddef64f332d55d7341fe8ec4", "best_bid": "0.096", "best_ask": "0.097"}], "timestamp": "1769384156725", "event_type": "price_change"}}
{"_local_timestamp": "2026-01-25T23:35:56.896897+00:00", "data": {"market": "0x0af44ddef5486a93273814e3093bbd63d81278348229ad675d6f5e8e97d7234d", "price_changes": [{"asset_id": "34261786161528041988621089241553806884842935107310561777788616478373913702593", "price": "0.236", "size": "200", "side": "BUY", "hash": "4aa439a325cb888740119178be57cabd631f0b8d", "best_bid": "0.903", "best_ask": "0.904"}, {"asset_id": "48487596218780237850211327452833216815276571672573192726248192470537150201654", "price": "0.764", "size": "200", "side": "SELL", "hash": "3e0e3044c7f1357119fbb3c6b65124533456f036", "best_bid": "0.096", "best_ask": "0.097"}], "timestamp": "1769384156758", "event_type": "price_change"}}
{"_local_timestamp": "2026-01-25T23:35:58.177296+00:00", "data": {"market": "0x0af44ddef5486a93273814e3093bbd63d81278348229ad675d6f5e8e97d7234d", "price_changes": [{"asset_id": "34261786161528041988621089241553806884842935107310561777788616478373913702593", "price": "0.287", "size": "0", "side": "BUY", "hash": "f6a5ab9c82688b72a4b1a207065db05b435a1381", "best_bid": "0.903", "best_ask": "0.904"}, {"asset_id": "48487596218780237850211327452833216815276571672573192726248192470537150201654", "price": "0.713", "size": "0", "side": "SELL", "hash": "ba719e3423f4a7f1ac10bca28008dc5b10642d27", "best_bid": "0.096", "best_ask": "0.097"}], "timestamp": "1769384158076", "event_type": "price_change"}}
{"_local_timestamp": "2026-01-25T23:35:59.100595+00:00", "data": {"market": "0x0af44ddef5486a93273814e3093bbd63d81278348229ad675d6f5e8e97d7234d", "price_changes": [{"asset_id": "48487596218780237850211327452833216815276571672573192726248192470537150201654", "price": "0.011", "size": "546", "side": "BUY", "hash": "ae6706a071b738c3e844c4b5ffd2793cc5272b84", "best_bid": "0.096", "best_ask": "0.097"}, {"asset_id": "34261786161528041988621089241553806884842935107310561777788616478373913702593", "price": "0.989", "size": "546", "side": "SELL", "hash": "3cae643f4837471874c9acc7aeb339a79ab54fb6", "best_bid": "0.903", "best_ask": "0.904"}], "timestamp": "1769384159000", "event_type": "price_change"}}
{"_local_timestamp": "2026-01-25T23:35:59.127255+00:00", "data": {"market": "0x0af44ddef5486a93273814e3093bbd63d81278348229ad675d6f5e8e97d7234d", "price_changes": [{"asset_id": "48487596218780237850211327452833216815276571672573192726248192470537150201654", "price": "0.017", "size": "1183.14", "side": "BUY", "hash": "9d67c632ec8284e8c73f2ed19b4a7d9d50b69d9a", "best_bid": "0.096", "best_ask": "0.097"}, {"asset_id": "34261786161528041988621089241553806884842935107310561777788616478373913702593", "price": "0.983", "size": "1183.14", "side": "SELL", "hash": "24bd30525a3a56e30f811f528890a679c2fe1967", "best_bid": "0.903", "best_ask": "0.904"}], "timestamp": "1769384159005", "event_type": "price_change"}}
{"_local_timestamp": "2026-01-25T23:35:59.134734+00:00", "data": {"market": "0x0af44ddef5486a93273814e3093bbd63d81278348229ad675d6f5e8e97d7234d", "price_changes": [{"asset_id": "48487596218780237850211327452833216815276571672573192726248192470537150201654", "price": "0.028", "size": "500", "side": "BUY", "hash": "aff022a7bd6e54bf0f6752aab27baa75d989c5ee", "best_bid": "0.096", "best_ask": "0.097"}, {"asset_id": "34261786161528041988621089241553806884842935107310561777788616478373913702593", "price": "0.972", "size": "500", "side": "SELL", "hash": "fd097af8a2f43a5d230a4eb8c268d33d044f16f9", "best_bid": "0.903", "best_ask": "0.904"}], "timestamp": "1769384159008", "event_type": "price_change"}}
{"_local_timestamp": "2026-01-25T23:35:59.135182+00:00", "data": {"market": "0x0af44ddef5486a93273814e3093bbd63d81278348229ad675d6f5e8e97d7234d", "price_changes": [{"asset_id": "48487596218780237850211327452833216815276571672573192726248192470537150201654", "price": "0.031", "size": "355", "side": "BUY", "hash": "da11dd162b7a4d3eb78f6a3c08f8fc84efe52450", "best_bid": "0.096", "best_ask": "0.097"}, {"asset_id": "34261786161528041988621089241553806884842935107310561777788616478373913702593", "price": "0.969", "size": "355", "side": "SELL", "hash": "aa64203225608b5f3dc5a15eb0d547a6ddfa915b", "best_bid": "0.903", "best_ask": "0.904"}], "timestamp": "1769384159009", "event_type": "price_change"}}
{"_local_timestamp": "2026-01-25T23:35:59.135625+00:00", "data": {"market": "0x0af44ddef5486a93273814e3093bbd63d81278348229ad675d6f5e8e97d7234d", "price_changes": [{"asset_id": "48487596218780237850211327452833216815276571672573192726248192470537150201654", "price": "0.067", "size": "0", "side": "BUY", "hash": "da11dd162b7a4d3eb78f6a3c08f8fc84efe52450", "best_bid": "0.096", "best_ask": "0.097"}, {"asset_id": "34261786161528041988621089241553806884842935107310561777788616478373913702593", "price": "0.933", "size": "0", "side": "SELL", "hash": "aa64203225608b5f3dc5a15eb0d547a6ddfa915b", "best_bid": "0.903", "best_ask": "0.904"}], "timestamp": "1769384159009", "event_type": "price_change"}}
{"_local_timestamp": "2026-01-25T23:35:59.136012+00:00", "data": {"market": "0x0af44ddef5486a93273814e3093bbd63d81278348229ad675d6f5e8e97d7234d", "price_changes": [{"asset_id": "48487596218780237850211327452833216815276571672573192726248192470537150201654", "price": "0.001", "size": "42716", "side": "BUY", "hash": "f74785c78747bc54c93bca4c71cc0d047d6b4bff", "best_bid": "0.096", "best_ask": "0.097"}, {"asset_id": "34261786161528041988621089241553806884842935107310561777788616478373913702593", "price": "0.999", "size": "42716", "side": "SELL", "hash": "0073166e6c92a6a2e7d3d57ce999ddc1bd31fe9f", "best_bid": "0.903", "best_ask": "0.904"}], "timestamp": "1769384159010", "event_type": "price_change"}}
{"_local_timestamp": "2026-01-25T23:35:59.142809+00:00", "data": {"market": "0x0af44ddef5486a93273814e3093bbd63d81278348229ad675d6f5e8e97d7234d", "price_changes": [{"asset_id": "48487596218780237850211327452833216815276571672573192726248192470537150201654", "price": "0.071", "size": "28", "side": "BUY", "hash": "f74785c78747bc54c93bca4c71cc0d047d6b4bff", "best_bid": "0.096", "best_ask": "0.097"}, {"asset_id": "34261786161528041988621089241553806884842935107310561777788616478373913702593", "price": "0.929", "size": "28", "side": "SELL", "hash": "0073166e6c92a6a2e7d3d57ce999ddc1bd31fe9f", "best_bid": "0.903", "best_ask": "0.904"}], "timestamp": "1769384159010", "event_type": "price_change"}}
{"_local_timestamp": "2026-01-25T23:36:02.374942+00:00", "data": {"market": "0x0af44ddef5486a93273814e3093bbd63d81278348229ad675d6f5e8e97d7234d", "price_changes": [{"asset_id": "34261786161528041988621089241553806884842935107310561777788616478373913702593", "price": "0.28", "size": "92.85", "side": "BUY", "hash": "20c0e063e643c0f55e350c562693bfbb753011ee", "best_bid": "0.903", "best_ask": "0.904"}, {"asset_id": "48487596218780237850211327452833216815276571672573192726248192470537150201654", "price": "0.72", "size": "92.85", "side": "SELL", "hash": "9f3fc162bcfae0af3a91fa0da741bd9b973b4e9c", "best_bid": "0.096", "best_ask": "0.097"}], "timestamp": "1769384162266", "event_type": "price_change"}}
{"_local_timestamp": "2026-01-25T23:36:02.654762+00:00", "data": {"market": "0x0af44ddef5486a93273814e3093bbd63d81278348229ad675d6f5e8e97d7234d", "price_changes": [{"asset_id": "34261786161528041988621089241553806884842935107310561777788616478373913702593", "price": "0.287", "size": "50", "side": "BUY", "hash": "2146312f38cfae2d52e39282f22500b6eaec3393", "best_bid": "0.903", "best_ask": "0.904"}, {"asset_id": "48487596218780237850211327452833216815276571672573192726248192470537150201654", "price": "0.713", "size": "50", "side": "SELL", "hash": "a7b2c8442be3aedac17ca1d3dfa5f5f1da28c18b", "best_bid": "0.096", "best_ask": "0.097"}], "timestamp": "1769384162553", "event_type": "price_change"}}
{"_local_timestamp": "2026-01-25T23:36:12.410216+00:00", "data": {"market": "0x0af44ddef5486a93273814e3093bbd63d81278348229ad675d6f5e8e97d7234d", "price_changes": [{"asset_id": "48487596218780237850211327452833216815276571672573192726248192470537150201654", "price": "0.067", "size": "120", "side": "BUY", "hash": "381114e0f93e187d62e8890054002a49662d5953", "best_bid": "0.096", "best_ask": "0.097"}, {"asset_id": "34261786161528041988621089241553806884842935107310561777788616478373913702593", "price": "0.933", "size": "120", "side": "SELL", "hash": "227bb0b883fb2676cda94b9c1b2cc1b26ebba961", "best_bid": "0.903", "best_ask": "0.904"}], "timestamp": "1769384172341", "event_type": "price_change"}}
{"_local_timestamp": "2026-01-25T23:36:12.411113+00:00", "data": {"market": "0x0af44ddef5486a93273814e3093bbd63d81278348229ad675d6f5e8e97d7234d", "price_changes": [{"asset_id": "48487596218780237850211327452833216815276571672573192726248192470537150201654", "price": "0.017", "size": "1358.14", "side": "BUY", "hash": "0e63566f32c05368f6a7a9cbf206fc73e8826fa1", "best_bid": "0.096", "best_ask": "0.097"}, {"asset_id": "34261786161528041988621089241553806884842935107310561777788616478373913702593", "price": "0.983", "size": "1358.14", "side": "SELL", "hash": "6fa43d4c4221e2a95f1f476b9b70808176d7cec2", "best_bid": "0.903", "best_ask": "0.904"}], "timestamp": "1769384172342", "event_type": "price_change"}}
{"_local_timestamp": "2026-01-25T23:36:12.411521+00:00", "data": {"market": "0x0af44ddef5486a93273814e3093bbd63d81278348229ad675d6f5e8e97d7234d", "price_changes": [{"asset_id": "48487596218780237850211327452833216815276571672573192726248192470537150201654", "price": "0.011", "size": "2637", "side": "BUY", "hash": "2a88d408f0f1c4652668850451a87eb3948453bc", "best_bid": "0.096", "best_ask": "0.097"}, {"asset_id": "34261786161528041988621089241553806884842935107310561777788616478373913702593", "price": "0.989", "size": "2637", "side": "SELL", "hash": "3749b12318383c8570594383e848d0778d1acc58", "best_bid": "0.903", "best_ask": "0.904"}], "timestamp": "1769384172343", "event_type": "price_change"}}
{"_local_timestamp": "2026-01-25T23:36:12.411862+00:00", "data": {"market": "0x0af44ddef5486a93273814e3093bbd63d81278348229ad675d6f5e8e97d7234d", "price_changes": [{"asset_id": "48487596218780237850211327452833216815276571672573192726248192470537150201654", "price": "0.028", "size": "536", "side": "BUY", "hash": "f9e84f5c8b4c92fc5ffb612a9ab3d6faaf463242", "best_bid": "0.096", "best_ask": "0.097"}, {"asset_id": "34261786161528041988621089241553806884842935107310561777788616478373913702593", "price": "0.972", "size": "536", "side": "SELL", "hash": "7c3f22e74b69515eed287c739bb50a4803318216", "best_bid": "0.903", "best_ask": "0.904"}], "timestamp": "1769384172344", "event_type": "price_change"}}
{"_local_timestamp": "2026-01-25T23:36:12.412194+00:00", "data": {"market": "0x0af44ddef5486a93273814e3093bbd63d81278348229ad675d6f5e8e97d7234d", "price_changes": [{"asset_id": "48487596218780237850211327452833216815276571672573192726248192470537150201654", "price": "0.001", "size": "43716", "side": "BUY", "hash": "aadcae34b9c4d7c1ac56aab65521930bd0542151", "best_bid": "0.096", "best_ask": "0.097"}, {"asset_id": "34261786161528041988621089241553806884842935107310561777788616478373913702593", "price": "0.999", "size": "43716", "side": "SELL", "hash": "cb252f81d8ad8617de24579547617b857edf0a11", "best_bid": "0.903", "best_ask": "0.904"}], "timestamp": "1769384172344", "event_type": "price_change"}}
{"_local_timestamp": "2026-01-25T23:36:12.412518+00:00", "data": {"market": "0x0af44ddef5486a93273814e3093bbd63d81278348229ad675d6f5e8e97d7234d", "price_changes": [{"asset_id": "48487596218780237850211327452833216815276571672573192726248192470537150201654", "price": "0.031", "size": "388", "side": "BUY", "hash": "4b4b5fb0ad50e4f8361e5b89dcf532e6322df199", "best_bid": "0.096", "best_ask": "0.097"}, {"asset_id": "34261786161528041988621089241553806884842935107310561777788616478373913702593", "price": "0.969", "size": "388", "side": "SELL", "hash": "9f8d99cf03b8d84925b0810d4145a8b73b9b6192", "best_bid": "0.903", "best_ask": "0.904"}], "timestamp": "1769384172345", "event_type": "price_change"}}
{"_local_timestamp": "2026-01-25T23:36:12.412900+00:00", "data": {"market": "0x0af44ddef5486a93273814e3093bbd63d81278348229ad675d6f5e8e97d7234d", "price_changes": [{"asset_id": "48487596218780237850211327452833216815276571672573192726248192470537150201654", "price": "0.071", "size": "85", "side": "BUY", "hash": "ad83c3856ccad5b28fb856761f2953eb09ddffcd", "best_bid": "0.096", "best_ask": "0.097"}, {"asset_id": "34261786161528041988621089241553806884842935107310561777788616478373913702593", "price": "0.929", "size": "85", "side": "SELL", "hash": "755b24f1287f1dec925018b466659aff908e0ba1", "best_bid": "0.903", "best_ask": "0.904"}], "timestamp": "1769384172346", "event_type": "price_change"}}
{"_local_timestamp": "2026-01-25T23:36:43.395939+00:00", "data": {"market": "0x0af44ddef5486a93273814e3093bbd63d81278348229ad675d6f5e8e97d7234d", "price_changes": [{"asset_id": "34261786161528041988621089241553806884842935107310561777788616478373913702593", "price": "0.287", "size": "0", "side": "BUY", "hash": "0cff05bfde5892ff0b3f7081108f172bc08fc0c4", "best_bid": "0.903", "best_ask": "0.904"}, {"asset_id": "48487596218780237850211327452833216815276571672573192726248192470537150201654", "price": "0.713", "size": "0", "side": "SELL", "hash": "9337dba408b7543d59f3fc55a39f5b79ae6c331e", "best_bid": "0.096", "best_ask": "0.097"}], "timestamp": "1769384203214", "event_type": "price_change"}}
{"_local_timestamp": "2026-01-25T23:36:43.759518+00:00", "data": {"market": "0x0af44ddef5486a93273814e3093bbd63d81278348229ad675d6f5e8e97d7234d", "price_changes": [{"asset_id": "34261786161528041988621089241553806884842935107310561777788616478373913702593", "price": "0.28", "size": "142.85", "side": "BUY", "hash": "f04c458b952d2d2f4feddfe3818f7f8553150a1a", "best_bid": "0.903", "best_ask": "0.904"}, {"asset_id": "48487596218780237850211327452833216815276571672573192726248192470537150201654", "price": "0.72", "size": "142.85", "side": "SELL", "hash": "c2c012a6de65123414fba6df3bb573c8d6f2419c", "best_bid": "0.096", "best_ask": "0.097"}], "timestamp": "1769384203568", "event_type": "price_change"}}
{"_local_timestamp": "2026-01-25T23:36:55.262554+00:00", "data": {"market": "0x0af44ddef5486a93273814e3093bbd63d81278348229ad675d6f5e8e97d7234d", "price_changes": [{"asset_id": "34261786161528041988621089241553806884842935107310561777788616478373913702593", "price": "0.236", "size": "100", "side": "BUY", "hash": "546a462b9411d5b1f7e5a4938ef5f76b83eeab2b", "best_bid": "0.903", "best_ask": "0.904"}, {"asset_id": "48487596218780237850211327452833216815276571672573192726248192470537150201654", "price": "0.764", "size": "100", "side": "SELL", "hash": "218b9db2f97daffd32b15b09e6d1460f47cea040", "best_bid": "0.096", "best_ask": "0.097"}], "timestamp": "1769384215016", "event_type": "price_change"}}
{"_local_timestamp": "2026-01-25T23:36:56.092710+00:00", "data": {"market": "0x0af44ddef5486a93273814e3093bbd63d81278348229ad675d6f5e8e97d7234d", "price_changes": [{"asset_id": "34261786161528041988621089241553806884842935107310561777788616478373913702593", "price": "0.234", "size": "458", "side": "BUY", "hash": "13c048787051c21a991b626aa41c92124c336029", "best_bid": "0.903", "best_ask": "0.904"}, {"asset_id": "48487596218780237850211327452833216815276571672573192726248192470537150201654", "price": "0.766", "size": "458", "side": "SELL", "hash": "bbc61dcf19ba0a2321bb3ffbaa8e7f30ce65195e", "best_bid": "0.096", "best_ask": "0.097"}], "timestamp": "1769384215645", "event_type": "price_change"}}
{"_local_timestamp": "2026-01-25T23:37:04.969501+00:00", "data": {"market": "0x0af44ddef5486a93273814e3093bbd63d81278348229ad675d6f5e8e97d7234d", "price_changes": [{"asset_id": "34261786161528041988621089241553806884842935107310561777788616478373913702593", "price": "0.281", "size": "1494", "side": "BUY", "hash": "ce0ba5abfde1395b540fddbab2ec56fae7235dd3", "best_bid": "0.903", "best_ask": "0.904"}, {"asset_id": "48487596218780237850211327452833216815276571672573192726248192470537150201654", "price": "0.719", "size": "1494", "side": "SELL", "hash": "e1170d20d9a4ceb5f84ddc56cf2633a8e2e9302a", "best_bid": "0.096", "best_ask": "0.097"}], "timestamp": "1769384224755", "event_type": "price_change"}}
{"_local_timestamp": "2026-01-25T23:37:13.145978+00:00", "data": {"market": "0x0af44ddef5486a93273814e3093bbd63d81278348229ad675d6f5e8e97d7234d", "price_changes": [{"asset_id": "34261786161528041988621089241553806884842935107310561777788616478373913702593", "price": "0.236", "size": "50", "side": "BUY", "hash": "897bad1da7dddc363efbbd932f72aa79d75ffd93", "best_bid": "0.903", "best_ask": "0.904"}, {"asset_id": "48487596218780237850211327452833216815276571672573192726248192470537150201654", "price": "0.764", "size": "50", "side": "SELL", "hash": "05fc1215fd56c8a0e33d4e6eb5188f5dc2670a59", "best_bid": "0.096", "best_ask": "0.097"}], "timestamp": "1769384233016", "event_type": "price_change"}}
{"_local_timestamp": "2026-01-25T23:37:13.467762+00:00", "data": {"market": "0x0af44ddef5486a93273814e3093bbd63d81278348229ad675d6f5e8e97d7234d", "price_changes": [{"asset_id": "34261786161528041988621089241553806884842935107310561777788616478373913702593", "price": "0.287", "size": "50", "side": "BUY", "hash": "6c7689500fcf3af1466b6fc228702232bd1c9124", "best_bid": "0.903", "best_ask": "0.904"}, {"asset_id": "48487596218780237850211327452833216815276571672573192726248192470537150201654", "price": "0.713", "size": "50", "side": "SELL", "hash": "8a11562cd4c4af38cd957398b86d77479aa8cf24", "best_bid": "0.096", "best_ask": "0.097"}], "timestamp": "1769384233387", "event_type": "price_change"}}
{"_local_timestamp": "2026-01-25T23:37:35.221303+00:00", "data": {"market": "0x0af44ddef5486a93273814e3093bbd63d81278348229ad675d6f5e8e97d7234d", "price_changes": [{"asset_id": "34261786161528041988621089241553806884842935107310561777788616478373913702593", "price": "0.281", "size": "0", "side": "BUY", "hash": "8f22c09ff14b4a9cbd74b381d77a4eaef7e073c0", "best_bid": "0.903", "best_ask": "0.904"}, {"asset_id": "48487596218780237850211327452833216815276571672573192726248192470537150201654", "price": "0.719", "size": "0", "side": "SELL", "hash": "570b50c647ec8132736fabe3be1f63517433d0a4", "best_bid": "0.096", "best_ask": "0.097"}], "timestamp": "1769384255115", "event_type": "price_change"}}
{"_local_timestamp": "2026-01-25T23:38:03.843910+00:00", "data": {"market": "0x0af44ddef5486a93273814e3093bbd63d81278348229ad675d6f5e8e97d7234d", "price_changes": [{"asset_id": "34261786161528041988621089241553806884842935107310561777788616478373913702593", "price": "0.28", "size": "92.85", "side": "BUY", "hash": "b575b7f82a4e447c8a1bdc80158d5627d7f58930", "best_bid": "0.903", "best_ask": "0.904"}, {"asset_id": "48487596218780237850211327452833216815276571672573192726248192470537150201654", "price": "0.72", "size": "92.85", "side": "SELL", "hash": "40009f34e05510582938dbbb8f15bf802e3f4b5d", "best_bid": "0.096", "best_ask": "0.097"}], "timestamp": "1769384283685", "event_type": "price_change"}}
{"_local_timestamp": "2026-01-25T23:38:04.103458+00:00", "data": {"market": "0x0af44ddef5486a93273814e3093bbd63d81278348229ad675d6f5e8e97d7234d", "price_changes": [{"asset_id": "34261786161528041988621089241553806884842935107310561777788616478373913702593", "price": "0.281", "size": "50", "side": "BUY", "hash": "6d85ac201701cbc67570478218022eba6b5a2677", "best_bid": "0.903", "best_ask": "0.904"}, {"asset_id": "48487596218780237850211327452833216815276571672573192726248192470537150201654", "price": "0.719", "size": "50", "side": "SELL", "hash": "767a2fee9399e1b1d44c59bad4f86c8ae833a698", "best_bid": "0.096", "best_ask": "0.097"}], "timestamp": "1769384283939", "event_type": "price_change"}}
{"_local_timestamp": "2026-01-25T23:38:04.895354+00:00", "data": {"market": "0x0af44ddef5486a93273814e3093bbd63d81278348229ad675d6f5e8e97d7234d", "price_changes": [{"asset_id": "34261786161528041988621089241553806884842935107310561777788616478373913702593", "price": "0.235", "size": "1786", "side": "BUY", "hash": "252bad6218de1fac9ece7bed606673a29c5788fd", "best_bid": "0.903", "best_ask": "0.904"}, {"asset_id": "48487596218780237850211327452833216815276571672573192726248192470537150201654", "price": "0.765", "size": "1786", "side": "SELL", "hash": "5a87de2518fbb6d74fc72994818d51c17cb189cb", "best_bid": "0.096", "best_ask": "0.097"}], "timestamp": "1769384284740", "event_type": "price_change"}}
{"_local_timestamp": "2026-01-25T23:38:21.302424+00:00", "data": {"market": "0x0af44ddef5486a93273814e3093bbd63d81278348229ad675d6f5e8e97d7234d", "price_changes": [{"asset_id": "34261786161528041988621089241553806884842935107310561777788616478373913702593", "price": "0.286", "size": "0", "side": "BUY", "hash": "cea5f5e896bd34305aec9234e82e83b186a56048", "best_bid": "0.903", "best_ask": "0.904"}, {"asset_id": "48487596218780237850211327452833216815276571672573192726248192470537150201654", "price": "0.714", "size": "0", "side": "SELL", "hash": "42fccb97c137ea83b69dd46a1b156fd9c7ec91a3", "best_bid": "0.096", "best_ask": "0.097"}], "timestamp": "1769384301131", "event_type": "price_change"}}
{"_local_timestamp": "2026-01-25T23:38:21.303656+00:00", "data": {"market": "0x0af44ddef5486a93273814e3093bbd63d81278348229ad675d6f5e8e97d7234d", "price_changes": [{"asset_id": "34261786161528041988621089241553806884842935107310561777788616478373913702593", "price": "0.236", "size": "0", "side": "BUY", "hash": "cea5f5e896bd34305aec9234e82e83b186a56048", "best_bid": "0.903", "best_ask": "0.904"}, {"asset_id": "48487596218780237850211327452833216815276571672573192726248192470537150201654", "price": "0.764", "size": "0", "side": "SELL", "hash": "42fccb97c137ea83b69dd46a1b156fd9c7ec91a3", "best_bid": "0.096", "best_ask": "0.097"}], "timestamp": "1769384301131", "event_type": "price_change"}}
{"_local_timestamp": "2026-01-25T23:38:21.656559+00:00", "data": {"market": "0x0af44ddef5486a93273814e3093bbd63d81278348229ad675d6f5e8e97d7234d", "price_changes": [{"asset_id": "34261786161528041988621089241553806884842935107310561777788616478373913702593", "price": "0.27", "size": "50", "side": "BUY", "hash": "b93a05dce3b245c49797f11eed644dd80198f335", "best_bid": "0.903", "best_ask": "0.904"}, {"asset_id": "48487596218780237850211327452833216815276571672573192726248192470537150201654", "price": "0.73", "size": "50", "side": "SELL", "hash": "def08a8ec5aa10c3b021da71dd250c8a2103966f", "best_bid": "0.096", "best_ask": "0.097"}], "timestamp": "1769384301482", "event_type": "price_change"}}
{"_local_timestamp": "2026-01-25T23:38:21.688542+00:00", "data": {"market": "0x0af44ddef5486a93273814e3093bbd63d81278348229ad675d6f5e8e97d7234d", "price_changes": [{"asset_id": "34261786161528041988621089241553806884842935107310561777788616478373913702593", "price": "0.201", "size": "846", "side": "BUY", "hash": "c4b5a2a6088f4fd908aef29fa9a722d453bbffdc", "best_bid": "0.903", "best_ask": "0.904"}, {"asset_id": "48487596218780237850211327452833216815276571672573192726248192470537150201654", "price": "0.799", "size": "846", "side": "SELL", "hash": "0255bdd09d9cf61b8488d13644ab66b0a2d8f1d7", "best_bid": "0.096", "best_ask": "0.097"}], "timestamp": "1769384301507", "event_type": "price_change"}}
{"_local_timestamp": "2026-01-25T23:38:41.540857+00:00", "data": {"market": "0x0af44ddef5486a93273814e3093bbd63d81278348229ad675d6f5e8e97d7234d", "price_changes": [{"asset_id": "34261786161528041988621089241553806884842935107310561777788616478373913702593", "price": "0.234", "size": "358", "side": "BUY", "hash": "ba4b819b1f83d6bdb22ed734e525e5a101eb5dd9", "best_bid": "0.903", "best_ask": "0.904"}, {"asset_id": "48487596218780237850211327452833216815276571672573192726248192470537150201654", "price": "0.766", "size": "358", "side": "SELL", "hash": "5ba38bde7ca24787b20c920ac05a8bc13fe29714", "best_bid": "0.096", "best_ask": "0.097"}], "timestamp": "1769384321400", "event_type": "price_change"}}
{"_local_timestamp": "2026-01-25T23:38:41.541393+00:00", "data": {"market": "0x0af44ddef5486a93273814e3093bbd63d81278348229ad675d6f5e8e97d7234d", "price_changes": [{"asset_id": "34261786161528041988621089241553806884842935107310561777788616478373913702593", "price": "0.281", "size": "0", "side": "BUY", "hash": "ba4b819b1f83d6bdb22ed734e525e5a101eb5dd9", "best_bid": "0.903", "best_ask": "0.904"}, {"asset_id": "48487596218780237850211327452833216815276571672573192726248192470537150201654", "price": "0.719", "size": "0", "side": "SELL", "hash": "5ba38bde7ca24787b20c920ac05a8bc13fe29714", "best_bid": "0.096", "best_ask": "0.097"}], "timestamp": "1769384321400", "event_type": "price_change"}}
{"_local_timestamp": "2026-01-25T23:38:41.741453+00:00", "data": {"market": "0x0af44ddef5486a93273814e3093bbd63d81278348229ad675d6f5e8e97d7234d", "price_changes": [{"asset_id": "34261786161528041988621089241553806884842935107310561777788616478373913702593", "price": "0.235", "size": "1886", "side": "BUY", "hash": "10a43f2f6c3e52ef6df0c959e20331b84433a741", "best_bid": "0.903", "best_ask": "0.904"}, {"asset_id": "48487596218780237850211327452833216815276571672573192726248192470537150201654", "price": "0.765", "size": "1886", "side": "SELL", "hash": "1e03bfae94784143952fbb5826bc67b144161da8", "best_bid": "0.096", "best_ask": "0.097"}], "timestamp": "1769384321657", "event_type": "price_change"}}
{"_local_timestamp": "2026-01-25T23:38:41.815298+00:00", "data": {"market": "0x0af44ddef5486a93273814e3093bbd63d81278348229ad675d6f5e8e97d7234d", "price_changes": [{"asset_id": "34261786161528041988621089241553806884842935107310561777788616478373913702593", "price": "0.28", "size": "142.85", "side": "BUY", "hash": "dfdad36af71875700c27429e8986cd054169b4af", "best_bid": "0.903", "best_ask": "0.904"}, {"asset_id": "48487596218780237850211327452833216815276571672573192726248192470537150201654", "price": "0.72", "size": "142.85", "side": "SELL", "hash": "46e5487064f2f4d0ac50654850099ed6e9fb5a98", "best_bid": "0.096", "best_ask": "0.097"}], "timestamp": "1769384321668", "event_type": "price_change"}}
{"_local_timestamp": "2026-01-25T23:38:58.392896+00:00", "data": {"market": "0x0af44ddef5486a93273814e3093bbd63d81278348229ad675d6f5e8e97d7234d", "price_changes": [{"asset_id": "34261786161528041988621089241553806884842935107310561777788616478373913702593", "price": "0.287", "size": "0", "side": "BUY", "hash": "c9e0a163bc8c73a30d3831c1c007ecca0b06828e", "best_bid": "0.903", "best_ask": "0.904"}, {"asset_id": "48487596218780237850211327452833216815276571672573192726248192470537150201654", "price": "0.713", "size": "0", "side": "SELL", "hash": "8c5b41f723178f9b9f1fca0b427de805f21d1118", "best_bid": "0.096", "best_ask": "0.097"}], "timestamp": "1769384338218", "event_type": "price_change"}}
{"_local_timestamp": "2026-01-25T23:38:58.818140+00:00", "data": {"market": "0x0af44ddef5486a93273814e3093bbd63d81278348229ad675d6f5e8e97d7234d", "price_changes": [{"asset_id": "34261786161528041988621089241553806884842935107310561777788616478373913702593", "price": "0.281", "size": "50", "side": "BUY", "hash": "991f3b356f92b27e30d4f9784e457d21866353ce", "best_bid": "0.903", "best_ask": "0.904"}, {"asset_id": "48487596218780237850211327452833216815276571672573192726248192470537150201654", "price": "0.719", "size": "50", "side": "SELL", "hash": "f387fbad1b4faa6eb4ab64dced16544fb723e609", "best_bid": "0.096", "best_ask": "0.097"}], "timestamp": "1769384338645", "event_type": "price_change"}}
{"_local_timestamp": "2026-01-25T23:39:06.076798+00:00", "data": {"market": "0x0af44ddef5486a93273814e3093bbd63d81278348229ad675d6f5e8e97d7234d", "price_changes": [{"asset_id": "48487596218780237850211327452833216815276571672573192726248192470537150201654", "price": "0.017", "size": "356.14", "side": "BUY", "hash": "e9657d77badd4bba663245e23755d27a5de45b73", "best_bid": "0.096", "best_ask": "0.097"}, {"asset_id": "34261786161528041988621089241553806884842935107310561777788616478373913702593", "price": "0.983", "size": "356.14", "side": "SELL", "hash": "ceacd389a3f28dee336c86fe46ebd76044bb146a", "best_bid": "0.903", "best_ask": "0.904"}], "timestamp": "1769384346000", "event_type": "price_change"}}
{"_local_timestamp": "2026-01-25T23:39:06.121002+00:00", "data": {"market": "0x0af44ddef5486a93273814e3093bbd63d81278348229ad675d6f5e8e97d7234d", "price_changes": [{"asset_id": "48487596218780237850211327452833216815276571672573192726248192470537150201654", "price": "0.001", "size": "36716", "side": "BUY", "hash": "ab2ceb352501a2eb40dd9a70105393af4013d78c", "best_bid": "0.096", "best_ask": "0.097"}, {"asset_id": "34261786161528041988621089241553806884842935107310561777788616478373913702593", "price": "0.999", "size": "36716", "side": "SELL", "hash": "c047fb63fa8dad8fa890a8f044f3385aafad259e", "best_bid": "0.903", "best_ask": "0.904"}], "timestamp": "1769384346001", "event_type": "price_change"}}
{"_local_timestamp": "2026-01-25T23:39:06.124720+00:00", "data": {"market": "0x0af44ddef5486a93273814e3093bbd63d81278348229ad675d6f5e8e97d7234d", "price_changes": [{"asset_id": "48487596218780237850211327452833216815276571672573192726248192470537150201654", "price": "0.021", "size": "716", "side": "BUY", "hash": "48ae1d1422e0535688f31c585fae52702caed64c", "best_bid": "0.096", "best_ask": "0.097"}, {"asset_id": "34261786161528041988621089241553806884842935107310561777788616478373913702593", "price": "0.979", "size": "716", "side": "SELL", "hash": "70496e0bc730e3daaa8d20365f4621a256089203", "best_bid": "0.903", "best_ask": "0.904"}], "timestamp": "1769384346003", "event_type": "price_change"}}
{"_local_timestamp": "2026-01-25T23:39:06.139248+00:00", "data": {"market": "0x0af44ddef5486a93273814e3093bbd63d81278348229ad675d6f5e8e97d7234d", "price_changes": [{"asset_id": "48487596218780237850211327452833216815276571672573192726248192470537150201654", "price": "0.028", "size": "465", "side": "BUY", "hash": "434598bd8eb2473e7f0f5b4b99a6476ee7da0c86", "best_bid": "0.096", "best_ask": "0.097"}, {"asset_id": "34261786161528041988621089241553806884842935107310561777788616478373913702593", "price": "0.972", "size": "465", "side": "SELL", "hash": "e99269b9336f05f62c40c9e8665946c8ad13b9c9", "best_bid": "0.903", "best_ask": "0.904"}], "timestamp": "1769384346004", "event_type": "price_change"}}
{"_local_timestamp": "2026-01-25T23:39:06.139742+00:00", "data": {"market": "0x0af44ddef5486a93273814e3093bbd63d81278348229ad675d6f5e8e97d7234d", "price_changes": [{"asset_id": "48487596218780237850211327452833216815276571672573192726248192470537150201654", "price": "0.052", "size": "174", "side": "BUY", "hash": "434598bd8eb2473e7f0f5b4b99a6476ee7da0c86", "best_bid": "0.096", "best_ask": "0.097"}, {"asset_id": "34261786161528041988621089241553806884842935107310561777788616478373913702593", "price": "0.948", "size": "174", "side": "SELL", "hash": "e99269b9336f05f62c40c9e8665946c8ad13b9c9", "best_bid": "0.903", "best_ask": "0.904"}], "timestamp": "1769384346004", "event_type": "price_change"}}
{"_local_timestamp": "2026-01-25T23:39:06.147129+00:00", "data": {"market": "0x0af44ddef5486a93273814e3093bbd63d81278348229ad675d6f5e8e97d7234d", "price_changes": [{"asset_id": "48487596218780237850211327452833216815276571672573192726248192470537150201654", "price": "0.011", "size": "2364", "side": "BUY", "hash": "565ae8e704df63fa2bc0ce6241fc26bf7816b0ee", "best_bid": "0.096", "best_ask": "0.097"}, {"asset_id": "34261786161528041988621089241553806884842935107310561777788616478373913702593", "price": "0.989", "size": "2364", "side": "SELL", "hash": "00e573304187e361a54c7332b18db2cd81343d56", "best_bid": "0.903", "best_ask": "0.904"}], "timestamp": "1769384346005", "event_type": "price_change"}}
{"_local_timestamp": "2026-01-25T23:39:06.147610+00:00", "data": {"market": "0x0af44ddef5486a93273814e3093bbd63d81278348229ad675d6f5e8e97d7234d", "price_changes": [{"asset_id": "48487596218780237850211327452833216815276571672573192726248192470537150201654", "price": "0.031", "size": "323", "side": "BUY", "hash": "27a9cf7fd4ad97e7937e4f246c0e0717edccc119", "best_bid": "0.096", "best_ask": "0.097"}, {"asset_id": "34261786161528041988621089241553806884842935107310561777788616478373913702593", "price": "0.969", "size": "323", "side": "SELL", "hash": "8895824b02206dc259a8223f8776881ffbff94aa", "best_bid": "0.903", "best_ask": "0.904"}], "timestamp": "1769384346006", "event_type": "price_change"}}
{"_local_timestamp": "2026-01-25T23:39:10.634399+00:00", "data": {"market": "0x0af44ddef5486a93273814e3093bbd63d81278348229ad675d6f5e8e97d7234d", "price_changes": [{"asset_id": "48487596218780237850211327452833216815276571672573192726248192470537150201654", "price": "0.021", "size": "905", "side": "BUY", "hash": "98e9047e45f4e14a4cb04ae2acd8b367f1252efe", "best_bid": "0.096", "best_ask": "0.097"}, {"asset_id": "34261786161528041988621089241553806884842935107310561777788616478373913702593", "price": "0.979", "size": "905", "side": "SELL", "hash": "28ac76e5f550e82552f2b39ecea1a1e81d7e2c52", "best_bid": "0.903", "best_ask": "0.904"}], "timestamp": "1769384350567", "event_type": "price_change"}}
{"_local_timestamp": "2026-01-25T23:39:10.634992+00:00", "data": {"market": "0x0af44ddef5486a93273814e3093bbd63d81278348229ad675d6f5e8e97d7234d", "price_changes": [{"asset_id": "48487596218780237850211327452833216815276571672573192726248192470537150201654", "price": "0.052", "size": "193", "side": "BUY", "hash": "cb308b6c973ce0b912012ea3e2a0a2392a676507", "best_bid": "0.096", "best_ask": "0.097"}, {"asset_id": "34261786161528041988621089241553806884842935107310561777788616478373913702593", "price": "0.948", "size": "193", "side": "SELL", "hash": "b4868d1cea0050cb70aba16d91086030e2abed73", "best_bid": "0.903", "best_ask": "0.904"}], "timestamp": "1769384350568", "event_type": "price_change"}}
{"_local_timestamp": "2026-01-25T23:39:10.635440+00:00", "data": {"market": "0x0af44ddef5486a93273814e3093bbd63d81278348229ad675d6f5e8e97d7234d", "price_changes": [{"asset_id": "48487596218780237850211327452833216815276571672573192726248192470537150201654", "price": "0.001", "size": "43716", "side": "BUY", "hash": "15a05937a9821be9c71d07de61383fbc4747712d", "best_bid": "0.096", "best_ask": "0.097"}, {"asset_id": "34261786161528041988621089241553806884842935107310561777788616478373913702593", "price": "0.999", "size": "43716", "side": "SELL", "hash": "2793f1789c6b30053c862bd67ed78cc5292663c8", "best_bid": "0.903", "best_ask": "0.904"}], "timestamp": "1769384350569", "event_type": "price_change"}}
{"_local_timestamp": "2026-01-25T23:39:10.642399+00:00", "data": {"market": "0x0af44ddef5486a93273814e3093bbd63d81278348229ad675d6f5e8e97d7234d", "price_changes": [{"asset_id": "48487596218780237850211327452833216815276571672573192726248192470537150201654", "price": "0.017", "size": "1358.14", "side": "BUY", "hash": "dc955f63783af3c5510ea97659e0a2803a1a817a", "best_bid": "0.096", "best_ask": "0.097"}, {"asset_id": "34261786161528041988621089241553806884842935107310561777788616478373913702593", "price": "0.983", "size": "1358.14", "side": "SELL", "hash": "dc0722ed62173d0ef606453a773e90d77f3fa408", "best_bid": "0.903", "best_ask": "0.904"}], "timestamp": "1769384350570", "event_type": "price_change"}}
{"_local_timestamp": "2026-01-25T23:39:10.642927+00:00", "data": {"market": "0x0af44ddef5486a93273814e3093bbd63d81278348229ad675d6f5e8e97d7234d", "price_changes": [{"asset_id": "48487596218780237850211327452833216815276571672573192726248192470537150201654", "price": "0.028", "size": "536", "side": "BUY", "hash": "bbdb49348f7b25ff561d8a9412e8a0bd4fee4b6b", "best_bid": "0.096", "best_ask": "0.097"}, {"asset_id": "34261786161528041988621089241553806884842935107310561777788616478373913702593", "price": "0.972", "size": "536", "side": "SELL", "hash": "2239e686fbc0bf96a97f7fcfcaaeb4eca10ee096", "best_bid": "0.903", "best_ask": "0.904"}], "timestamp": "1769384350571", "event_type": "price_change"}}
{"_local_timestamp": "2026-01-25T23:39:10.643377+00:00", "data": {"market": "0x0af44ddef5486a93273814e3093bbd63d81278348229ad675d6f5e8e97d7234d", "price_changes": [{"asset_id": "48487596218780237850211327452833216815276571672573192726248192470537150201654", "price": "0.031", "size": "388", "side": "BUY", "hash": "f560d237c1b5f625212ffbefe648c59e057afb04", "best_bid": "0.096", "best_ask": "0.097"}, {"asset_id": "34261786161528041988621089241553806884842935107310561777788616478373913702593", "price": "0.969", "size": "388", "side": "SELL", "hash": "e4ca5c9956877749a07c82cafd3e2d3e39996cc7", "best_bid": "0.903", "best_ask": "0.904"}], "timestamp": "1769384350572", "event_type": "price_change"}}
{"_local_timestamp": "2026-01-25T23:39:10.643815+00:00", "data": {"market": "0x0af44ddef5486a93273814e3093bbd63d81278348229ad675d6f5e8e97d7234d", "price_changes": [{"asset_id": "48487596218780237850211327452833216815276571672573192726248192470537150201654", "price": "0.011", "size": "2637", "side": "BUY", "hash": "365682efe4a13f62d037efd078ccc8fef2a6105a", "best_bid": "0.096", "best_ask": "0.097"}, {"asset_id": "34261786161528041988621089241553806884842935107310561777788616478373913702593", "price": "0.989", "size": "2637", "side": "SELL", "hash": "5df2f6457eed4a947c3177eb8606d63e1dc1d079", "best_bid": "0.903", "best_ask": "0.904"}], "timestamp": "1769384350572", "event_type": "price_change"}}
{"_local_timestamp": "2026-01-25T23:39:20.520196+00:00", "data": {"market": "0x0af44ddef5486a93273814e3093bbd63d81278348229ad675d6f5e8e97d7234d", "price_changes": [{"asset_id": "34261786161528041988621089241553806884842935107310561777788616478373913702593", "price": "0.235", "size": "100", "side": "BUY", "hash": "ed496b1966b20a65acf882fc680535696d9e5022", "best_bid": "0.903", "best_ask": "0.904"}, {"asset_id": "48487596218780237850211327452833216815276571672573192726248192470537150201654", "price": "0.765", "size": "100", "side": "SELL", "hash": "0e82bd57d6dc46a53ef8d9e3737ce0f6ebb832a1", "best_bid": "0.096", "best_ask": "0.097"}], "timestamp": "1769384360332", "event_type": "price_change"}}
{"_local_timestamp": "2026-01-25T23:39:22.482643+00:00", "data": {"market": "0x0af44ddef5486a93273814e3093bbd63d81278348229ad675d6f5e8e97d7234d", "price_changes": [{"asset_id": "34261786161528041988621089241553806884842935107310561777788616478373913702593", "price": "0.234", "size": "258", "side": "BUY", "hash": "d769ea98bc11613301b8a47668878af56fb4decc", "best_bid": "0.903", "best_ask": "0.904"}, {"asset_id": "48487596218780237850211327452833216815276571672573192726248192470537150201654", "price": "0.766", "size": "258", "side": "SELL", "hash": "fa26346d8b8a9abbb95b4c4f52dadd91a57462c0", "best_bid": "0.096", "best_ask": "0.097"}], "timestamp": "1769384362220", "event_type": "price_change"}}
{"_local_timestamp": "2026-01-25T23:39:22.878181+00:00", "data": {"market": "0x0af44ddef5486a93273814e3093bbd63d81278348229ad675d6f5e8e97d7234d", "price_changes": [{"asset_id": "34261786161528041988621089241553806884842935107310561777788616478373913702593", "price": "0.281", "size": "150", "side": "BUY", "hash": "4be60cc20dcbc78d5bcf38c0f264af3bcde47c14", "best_bid": "0.903", "best_ask": "0.904"}, {"asset_id": "48487596218780237850211327452833216815276571672573192726248192470537150201654", "price": "0.719", "size": "150", "side": "SELL", "hash": "4ed8e3eaab466945097a3ebb973daa5c307fd6f2", "best_bid": "0.096", "best_ask": "0.097"}], "timestamp": "1769384362698", "event_type": "price_change"}}
{"_local_timestamp": "2026-01-25T23:39:54.082288+00:00", "data": {"market": "0x0af44ddef5486a93273814e3093bbd63d81278348229ad675d6f5e8e97d7234d", "price_changes": [{"asset_id": "48487596218780237850211327452833216815276571672573192726248192470537150201654", "price": "0.001", "size": "42716", "side": "BUY", "hash": "60dbeea2e29d745d6ded45b14613b8176a11fa5a", "best_bid": "0.096", "best_ask": "0.097"}, {"asset_id": "34261786161528041988621089241553806884842935107310561777788616478373913702593", "price": "0.999", "size": "42716", "side": "SELL", "hash": "e60de745abe96bb4f649d0b08d571844a95c02e5", "best_bid": "0.903", "best_ask": "0.904"}], "timestamp": "1769384394000", "event_type": "price_change"}}
{"_local_timestamp": "2026-01-25T23:39:54.100582+00:00", "data": {"market": "0x0af44ddef5486a93273814e3093bbd63d81278348229ad675d6f5e8e97d7234d", "price_changes": [{"asset_id": "48487596218780237850211327452833216815276571672573192726248192470537150201654", "price": "0.052", "size": "174", "side": "BUY", "hash": "b59d3f28e98c786cb69876ca69eadec5ce7c1bd2", "best_bid": "0.096", "best_ask": "0.097"}, {"asset_id": "34261786161528041988621089241553806884842935107310561777788616478373913702593", "price": "0.948", "size": "174", "side": "SELL", "hash": "c24f5e1b8c7ad8688764e0f4026c1bd528502722", "best_bid": "0.903", "best_ask": "0.904"}], "timestamp": "1769384394002", "event_type": "price_change"}}
{"_local_timestamp": "2026-01-25T23:39:54.104618+00:00", "data": {"market": "0x0af44ddef5486a93273814e3093bbd63d81278348229ad675d6f5e8e97d7234d", "price_changes": [{"asset_id": "48487596218780237850211327452833216815276571672573192726248192470537150201654", "price": "0.021", "size": "858", "side": "BUY", "hash": "b59d3f28e98c786cb69876ca69eadec5ce7c1bd2", "best_bid": "0.096", "best_ask": "0.097"}, {"asset_id": "34261786161528041988621089241553806884842935107310561777788616478373913702593", "price": "0.979", "size": "858", "side": "SELL", "hash": "c24f5e1b8c7ad8688764e0f4026c1bd528502722", "best_bid": "0.903", "best_ask": "0.904"}], "timestamp": "1769384394002", "event_type": "price_change"}}
{"_local_timestamp": "2026-01-25T23:39:56.434605+00:00", "data": {"market": "0x0af44ddef5486a93273814e3093bbd63d81278348229ad675d6f5e8e97d7234d", "price_changes": [{"asset_id": "34261786161528041988621089241553806884842935107310561777788616478373913702593", "price": "0.235", "size": "0", "side": "BUY", "hash": "1e111e77249694e907dcad20355b591e97ed2f77", "best_bid": "0.903", "best_ask": "0.904"}, {"asset_id": "48487596218780237850211327452833216815276571672573192726248192470537150201654", "price": "0.765", "size": "0", "side": "SELL", "hash": "dec5287264f74063032c4d7f9c280a170599099c", "best_bid": "0.096", "best_ask": "0.097"}], "timestamp": "1769384396334", "event_type": "price_change"}}
{"_local_timestamp": "2026-01-25T23:39:56.435299+00:00", "data": {"market": "0x0af44ddef5486a93273814e3093bbd63d81278348229ad675d6f5e8e97d7234d", "price_changes": [{"asset_id": "34261786161528041988621089241553806884842935107310561777788616478373913702593", "price": "0.28", "size": "92.85", "side": "BUY", "hash": "1e111e77249694e907dcad20355b591e97ed2f77", "best_bid": "0.903", "best_ask": "0.904"}, {"asset_id": "48487596218780237850211327452833216815276571672573192726248192470537150201654", "price": "0.72", "size": "92.85", "side": "SELL", "hash": "dec5287264f74063032c4d7f9c280a170599099c", "best_bid": "0.096", "best_ask": "0.097"}], "timestamp": "1769384396334", "event_type": "price_change"}}
{"_local_timestamp": "2026-01-25T23:39:56.745134+00:00", "data": {"market": "0x0af44ddef5486a93273814e3093bbd63d81278348229ad675d6f5e8e97d7234d", "price_changes": [{"asset_id": "34261786161528041988621089241553806884842935107310561777788616478373913702593", "price": "0.234", "size": "358", "side": "BUY", "hash": "94c089bbbc3cddb2c76079e6aa80d86a6bab3134", "best_bid": "0.903", "best_ask": "0.904"}, {"asset_id": "48487596218780237850211327452833216815276571672573192726248192470537150201654", "price": "0.766", "size": "358", "side": "SELL", "hash": "612b12462ec0d14c7274cbfaf51318c9fd5b71a5", "best_bid": "0.096", "best_ask": "0.097"}], "timestamp": "1769384396615", "event_type": "price_change"}}
{"_local_timestamp": "2026-01-25T23:39:56.786472+00:00", "data": {"market": "0x0af44ddef5486a93273814e3093bbd63d81278348229ad675d6f5e8e97d7234d", "price_changes": [{"asset_id": "34261786161528041988621089241553806884842935107310561777788616478373913702593", "price": "0.281", "size": "200", "side": "BUY", "hash": "e45f0ff4750b915008c84f1f647fbd2863381cd6", "best_bid": "0.903", "best_ask": "0.904"}, {"asset_id": "48487596218780237850211327452833216815276571672573192726248192470537150201654", "price": "0.719", "size": "200", "side": "SELL", "hash": "5b48cd181acc6bb9740168cfefe2f42b3ba442b4", "best_bid": "0.096", "best_ask": "0.097"}], "timestamp": "1769384396627", "event_type": "price_change"}}
{"_local_timestamp": "2026-01-25T23:40:03.431045+00:00", "data": {"market": "0x0af44ddef5486a93273814e3093bbd63d81278348229ad675d6f5e8e97d7234d", "price_changes": [{"asset_id": "48487596218780237850211327452833216815276571672573192726248192470537150201654", "price": "0.052", "size": "193", "side": "BUY", "hash": "53ea787a2282ab02a5c9f0299d69b690c954d595", "best_bid": "0.096", "best_ask": "0.097"}, {"asset_id": "34261786161528041988621089241553806884842935107310561777788616478373913702593", "price": "0.948", "size": "193", "side": "SELL", "hash": "d4efb67b98691d16da5928d25d075e56838c94ab", "best_bid": "0.903", "best_ask": "0.904"}], "timestamp": "1769384403365", "event_type": "price_change"}}
{"_local_timestamp": "2026-01-25T23:40:03.431621+00:00", "data": {"market": "0x0af44ddef5486a93273814e3093bbd63d81278348229ad675d6f5e8e97d7234d", "price_changes": [{"asset_id": "48487596218780237850211327452833216815276571672573192726248192470537150201654", "price": "0.001", "size": "43716", "side": "BUY", "hash": "27c8497e6d6d1ab2c5f408e9bfc3cf5b58849273", "best_bid": "0.096", "best_ask": "0.097"}, {"asset_id": "34261786161528041988621089241553806884842935107310561777788616478373913702593", "price": "0.999", "size": "43716", "side": "SELL", "hash": "f3187a1c2e6ee63c137a251e0f5a18bf00b61fa3", "best_bid": "0.903", "best_ask": "0.904"}], "timestamp": "1769384403366", "event_type": "price_change"}}
{"_local_timestamp": "2026-01-25T23:40:03.432119+00:00", "data": {"market": "0x0af44ddef5486a93273814e3093bbd63d81278348229ad675d6f5e8e97d7234d", "price_changes": [{"asset_id": "48487596218780237850211327452833216815276571672573192726248192470537150201654", "price": "0.021", "size": "905", "side": "BUY", "hash": "e2f777530b1167bb9c6f2e20ad4b32d82c6c712e", "best_bid": "0.096", "best_ask": "0.097"}, {"asset_id": "34261786161528041988621089241553806884842935107310561777788616478373913702593", "price": "0.979", "size": "905", "side": "SELL", "hash": "95c5bdb19d1de0dc6f5751c9ba17806add0eab55", "best_bid": "0.903", "best_ask": "0.904"}], "timestamp": "1769384403367", "event_type": "price_change"}}
{"_local_timestamp": "2026-01-25T23:40:04.452841+00:00", "data": {"market": "0x0af44ddef5486a93273814e3093bbd63d81278348229ad675d6f5e8e97d7234d", "price_changes": [{"asset_id": "34261786161528041988621089241553806884842935107310561777788616478373913702593", "price": "0.236", "size": "1778", "side": "BUY", "hash": "3bf0de753735c85afb23a6193335c180cae0f0c5", "best_bid": "0.903", "best_ask": "0.904"}, {"asset_id": "48487596218780237850211327452833216815276571672573192726248192470537150201654", "price": "0.764", "size": "1778", "side": "SELL", "hash": "9b2d76cf82a9f0f34e7b2119c41efa4b090f9aa5", "best_bid": "0.096", "best_ask": "0.097"}], "timestamp": "1769384404380", "event_type": "price_change"}}
