{"_local_timestamp": "2026-01-25T23:33:46.763805+00:00", "data": [{"market": "0xbc2c0328e62b2577e2946404db39250331f18036f866c17a80e03fc83bbfcb73", "asset_id": "62478914962508926328622386861601517673247580511000080902021508602764602774848", "timestamp": "1769383965900", "hash": "0f1bdbde7d8b42516865bc4b5045560ad8c7646a", "bids": [{"price": "0.01", "size": "44.01"}, {"price": "0.02", "size": "10.19"}, {"price": "0.05", "size": "1000"}, {"price": "0.07", "size": "200"}, {"price": "0.09", "size": "611.11"}, {"price": "0.1", "size": "105.86"}, {"price": "0.11", "size": "200"}, {"price": "0.13", "size": "500"}, {"price": "0.14", "size": "360"}, {"price": "0.15", "size": "66.53"}, {"price": "0.16", "size": "84.5"}, {"price": "0.19", "size": "100"}, {"price": "0.2", "size": "20"}, {"price": "0.24", "size": "1000"}, {"price": "0.28", "size": "30"}, {"price": "0.31", "size": "20"}, {"price": "0.32", "size": "230"}, {"price": "0.37", "size": "20"}], "asks": [{"price": "0.99", "size": "1496.49"}, {"price": "0.98", "size": "470"}, {"price": "0.97", "size": "12.17"}, {"price": "0.91", "size": "111.11"}, {"price": "0.9", "size": "100"}, {"price": "0.89", "size": "181"}, {"price": "0.85", "size": "50"}, {"price": "0.83", "size": "76.47"}, {"price": "0.8", "size": "1200"}, {"price": "0.79", "size": "60.26"}, {"price": "0.77", "size": "81.14"}, {"price": "0.75", "size": "110"}, {"price": "0.73", "size": "95.56"}, {"price": "0.72", "size": "30"}, {"price": "0.71", "size": "122"}, {"price": "0.7", "size": "215.48"}, {"price": "0.69", "size": "30"}, {"price": "0.52", "size": "10"}, {"price": "0.5", "size": "6"}, {"price": "0.47", "size": "20"}, {"price": "0.46", "size": "20"}, {"price": "0.4", "size": "121"}], "event_type": "book", "last_trade_price": "0.380"}, {"market": "0xbc2c0328e62b2577e2946404db39250331f18036f866c17a80e03fc83bbfcb73", "asset_id": "80456587554889378491338296494476310883065751876585591147341089339384108740721", "timestamp": "1769383965900", "hash": "5cfe310f0a6602eb23cff14ff3007eb0aa0518e1", "bids": [{"price": "0.01", "size": "1496.49"}, {"price": "0.02", "size": "470"}, {"price": "0.03", "size": "12.17"}, {"price": "0.09", "size": "111.11"}, {"price": "0.1", "size": "100"}, {"price": "0.11", "size": "181"}, {"price": "0.15", "size": "50"}, {"price": "0.17", "size": "76.47"}, {"price": "0.2", "size": "1200"}, {"price": "0.21", "size": "60.26"}, {"price": "0.23", "size": "81.14"}, {"price": "0.25", "size": "110"}, {"price": "0.27", "size": "95.56"}, {"price": "0.28", "size": "30"}, {"price": "0.29", "size": "122"}, {"price": "0.3", "size": "215.48"}, {"price": "0.31", "size": "30"}, {"price": "0.48", "size": "10"}, {"price": "0.5", "size": "6"}, {"price": "0.53", "size": "20"}, {"price": "0.54", "size": "20"}, {"price": "0.6", "size": "121"}], "asks": [{"price": "0.99", "size": "44.01"}, {"price": "0.98", "size": "10.19"}, {"price": "0.95", "size": "1000"}, {"price": "0.93", "size": "200"}, {"price": "0.91", "size": "611.11"}, {"price": "0.9", "size": "105.86"}, {"price": "0.89", "size": "200"}, {"price": "0.87", "size": "500"}, {"price": "0.86", "size": "360"}, {"price": "0.85", "size": "66.53"}, {"price": "0.84", "size": "84.5"}, {"price": "0.81", "size": "100"}, {"price": "0.8", "size": "20"}, {"price": "0.76", "size": "1000"}, {"price": "0.72", "size": "30"}, {"price": "0.69", "size": "20"}, {"price": "0.68", "size": "230"}, {"price": "0.63", "size": "20"}], "event_type": "book", "last_trade_price": "0.380"}]}
{"_local_timestamp": "2026-01-25T23:33:52.176336+00:00", "data": {"market": "0xbc2c0328e62b2577e2946404db39250331f18036f866c17a80e03fc83bbfcb73", "price_changes": [{"asset_id": "62478914962508926328622386861601517673247580511000080902021508602764602774848", "price": "0.01", "size": "28.19", "side": "BUY", "hash": "31926add1f793aeda4fdc5c930b776628a8acb42", "best_bid": "0.37", "best_ask": "0.4"}, {"asset_id": "80456587554889378491338296494476310883065751876585591147341089339384108740721", "price": "0.99", "size": "28.19", "side": "SELL", "hash": "62df7660653a58de44f42ef4779332a97bd937bb", "best_bid": "0.6", "best_ask": "0.63"}], "timestamp": "1769384032097", "event_type": "price_change"}}
{"_local_timestamp": "2026-01-25T23:33:52.393172+00:00", "data": {"market": "0xbc2c0328e62b2577e2946404db39250331f18036f866c17a80e03fc83bbfcb73", "price_changes": [{"asset_id": "62478914962508926328622386861601517673247580511000080902021508602764602774848", "price": "0.01", "size": "44.01", "side": "BUY", "hash": "1c445044ef762c05242249ab2841301b4b60ec14", "best_bid": "0.37", "best_ask": "0.4"}, {"asset_id": "80456587554889378491338296494476310883065751876585591147341089339384108740721", "price": "0.99", "size": "44.01", "side": "SELL", "hash": "b551304ccb562c36a0fdb8fafea488547d23a316", "best_bid": "0.6", "best_ask": "0.63"}], "timestamp": "1769384032323", "event_type": "price_change"}}
{"_local_timestamp": "2026-01-25T23:33:53.013385+00:00", "data": {"market": "0xbc2c0328e62b2577e2946404db39250331f18036f866c17a80e03fc83bbfcb73", "price_changes": [{"asset_id": "80456587554889378491338296494476310883065751876585591147341089339384108740721", "price": "0.01", "size": "1440.87", "side": "BUY", "hash": "b36a70f324f1c758312a0d51c6554a938e9b2a56", "best_bid": "0.6", "best_ask": "0.63"}, {"asset_id": "62478914962508926328622386861601517673247580511000080902021508602764602774848", "price": "0.99", "size": "1440.87", "side": "SELL", "hash": "7199bb569df11970fd4ac0e24073f68fd71d5ab9", "best_bid": "0.37", "best_ask": "0.4"}], "timestamp": "1769384032943", "event_type": "price_change"}}
{"_local_timestamp": "2026-01-25T23:33:53.347042+00:00", "data": {"market": "0xbc2c0328e62b2577e2946404db39250331f18036f866c17a80e03fc83bbfcb73", "price_changes": [{"asset_id": "80456587554889378491338296494476310883065751876585591147341089339384108740721", "price": "0.01", "size": "1496.49", "side": "BUY", "hash": "e1d8379a78c67ef5a43018bb1be355f000c5e7ad", "best_bid": "0.6", "best_ask": "0.63"}, {"asset_id": "62478914962508926328622386861601517673247580511000080902021508602764602774848", "price": "0.99", "size": "1496.49", "side": "SELL", "hash": "7884792cd1d64ca3b653a612f18a5d31d55ddedb", "best_bid": "0.37", "best_ask": "0.4"}], "timestamp": "1769384033275", "event_type": "price_change"}}
