{"_local_timestamp": "2026-01-25T23:40:41.588994+00:00", "data": [{"market": "0xb7d7a89191e04ef38ecca518fe97aee48d0f32b4d95f771253a4e73574fa1c7e", "asset_id": "37648531592945889337991467548024111243126995940431591609411093035274497826158", "timestamp": "1769384440601", "hash": "a055f94d09d0400ce16362e04d91db226f19bbb5", "bids": [{"price": "0.001", "size": "8114.14"}, {"price": "0.002", "size": "1250"}, {"price": "0.003", "size": "1172.67"}, {"price": "0.006", "size": "83"}, {"price": "0.007", "size": "9.56"}, {"price": "0.01", "size": "4650"}, {"price": "0.02", "size": "1987"}, {"price": "0.021", "size": "14.63"}, {"price": "0.05", "size": "30"}, {"price": "0.051", "size": "39"}, {"price": "0.1", "size": "860"}, {"price": "0.101", "size": "5.89"}, {"price": "0.15", "size": "551.66"}, {"price": "0.2", "size": "910"}, {"price": "0.201", "size": "796"}, {"price": "0.202", "size": "50"}, {"price": "0.24", "size": "166.66"}, {"price": "0.268", "size": "100"}, {"price": "0.269", "size": "1560"}, {"price": "0.27", "size": "50"}, {"price": "0.271", "size": "25"}, {"price": "0.29", "size": "89.65"}, {"price": "0.34", "size": "70.58"}, {"price": "0.38", "size": "200"}, {"price": "0.39", "size": "51.28"}, {"price": "0.399", "size": "1632"}, {"price": "0.5", "size": "240"}, {"price": "0.57", "size": "23.25"}, {"price": "0.6", "size": "100"}, {"price": "0.61", "size": "555"}, {"price": "0.62", "size": "11"}, {"price": "0.7", "size": "100"}, {"price": "0.8", "size": "100"}, {"price": "0.838", "size": "6.25"}, {"price": "0.85", "size": "100"}, {"price": "0.88", "size": "100"}, {"price": "0.9", "size": "100"}, {"price": "0.903", "size": "206.37"}, {"price": "0.91", "size": "100"}, {"price": "0.92", "size": "111"}, {"price": "0.93", "size": "700"}, {"price": "0.935", "size": "600"}, {"price": "0.94", "size": "200"}, {"price": "0.95", "size": "311"}, {"price": "0.951", "size": "206"}, {"price": "0.96", "size": "200"}, {"price": "0.966", "size": "15"}, {"price": "0.968", "size": "628.08"}], "asks": [{"price": "0.999", "size": "14346.99"}, {"price": "0.998", "size": "3681.17"}, {"price": "0.997", "size": "1010.06"}, {"price": "0.996", "size": "1007.51"}, {"price": "0.995", "size": "1011.92"}, {"price": "0.994", "size": "250"}, {"price": "0.993", "size": "16.78"}, {"price": "0.99", "size": "1570.72"}, {"price": "0.989", "size": "7.87"}, {"price": "0.988", "size": "1350"}, {"price": "0.987", "size": "100"}, {"price": "0.986", "size": "6.09"}, {"price": "0.985", "size": "500"}, {"price": "0.984", "size": "500"}, {"price": "0.983", "size": "5.2"}, {"price": "0.98", "size": "813.19"}, {"price": "0.977", "size": "112.5"}, {"price": "0.974", "size": "2150"}, {"price": "0.973", "size": "530"}, {"price": "0.972", "size": "600"}, {"price": "0.971", "size": "1700"}, {"price": "0.97", "size": "1139.21"}, {"price": "0.969", "size": "35.31"}], "event_type": "book", "last_trade_price": "0.030"}, {"market": "0xb7d7a89191e04ef38ecca518fe97aee48d0f32b4d95f771253a4e73574fa1c7e", "asset_id": "109957996743505691653859282256585186992725650936429999982119927701494880273493", "timestamp": "1769384440601", "hash": "e1f53b9f4c2c8a1dc78c4b6cb09b977fe783b1ea", "bids": [{"price": "0.001", "size": "14346.99"}, {"price": "0.002", "size": "3681.17"}, {"price": "0.003", "size": "1010.06"}, {"price": "0.004", "size": "1007.51"}, {"price": "0.005", "size": "1011.92"}, {"price": "0.006", "size": "250"}, {"price": "0.007", "size": "16.78"}, {"price": "0.01", "size": "1570.72"}, {"price": "0.011", "size": "7.87"}, {"price": "0.012", "size": "1350"}, {"price": "0.013", "size": "100"}, {"price": "0.014", "size": "6.09"}, {"price": "0.015", "size": "500"}, {"price": "0.016", "size": "500"}, {"price": "0.017", "size": "5.2"}, {"price": "0.02", "size": "813.19"}, {"price": "0.023", "size": "112.5"}, {"price": "0.026", "size": "2150"}, {"price": "0.027", "size": "530"}, {"price": "0.028", "size": "600"}, {"price": "0.029", "size": "1700"}, {"price": "0.03", "size": "1139.21"}, {"price": "0.031", "size": "35.31"}], "asks": [{"price": "0.999", "size": "8114.14"}, {"price": "0.998", "size": "1250"}, {"price": "0.997", "size": "1172.67"}, {"price": "0.994", "size": "83"}, {"price": "0.993", "size": "9.56"}, {"price": "0.99", "size": "4650"}, {"price": "0.98", "size": "1987"}, {"price": "0.979", "size": "14.63"}, {"price": "0.95", "size": "30"}, {"price": "0.949", "size": "39"}, {"price": "0.9", "size": "860"}, {"price": "0.899", "size": "5.89"}, {"price": "0.85", "size": "551.66"}, {"price": "0.8", "size": "910"}, {"price": "0.799", "size": "796"}, {"price": "0.798", "size": "50"}, {"price": "0.76", "size": "166.66"}, {"price": "0.732", "size": "100"}, {"price": "0.731", "size": "1560"}, {"price": "0.73", "size": "50"}, {"price": "0.729", "size": "25"}, {"price": "0.71", "size": "89.65"}, {"price": "0.66", "size": "70.58"}, {"price": "0.62", "size": "200"}, {"price": "0.61", "size": "51.28"}, {"price": "0.601", "size": "1632"}, {"price": "0.5", "size": "240"}, {"price": "0.43", "size": "23.25"}, {"price": "0.4", "size": "100"}, {"price": "0.39", "size": "555"}, {"price": "0.38", "size": "11"}, {"price": "0.3", "size": "100"}, {"price": "0.2", "size": "100"}, {"price": "0.162", "size": "6.25"}, {"price": "0.15", "size": "100"}, {"price": "0.12", "size": "100"}, {"price": "0.1", "size": "100"}, {"price": "0.097", "size": "206.37"}, {"price": "0.09", "size": "100"}, {"price": "0.08", "size": "111"}, {"price": "0.07", "size": "700"}, {"price": "0.065", "size": "600"}, {"price": "0.06", "size": "200"}, {"price": "0.05", "size": "311"}, {"price": "0.049", "size": "206"}, {"price": "0.04", "size": "200"}, {"price": "0.034", "size": "15"}, {"price": "0.032", "size": "628.08"}], "event_type": "book", "last_trade_price": "0.030"}]}
{"_local_timestamp": "2026-01-25T23:41:43.894756+00:00", "data": {"market": "0xb7d7a89191e04ef38ecca518fe97aee48d0f32b4d95f771253a4e73574fa1c7e", "price_changes": [{"asset_id": "109957996743505691653859282256585186992725650936429999982119927701494880273493", "price": "0.023", "size": "100", "side": "BUY", "hash": "eb0d5d18834e53f270e3b43589f9e15e04449e9d", "best_bid": "0.031", "best_ask": "0.032"}, {"asset_id": "37648531592945889337991467548024111243126995940431591609411093035274497826158", "price": "0.977", "size": "100", "side": "SELL", "hash": "eec47a1b125e45deea7ba0b2d74732d8500062ef", "best_bid": "0.968", "best_ask": "0.969"}], "timestamp": "1769384503818", "event_type": "price_change"}}
{"_local_timestamp": "2026-01-25T23:41:47.459190+00:00", "data": {"market": "0xb7d7a89191e04ef38ecca518fe97aee48d0f32b4d95f771253a4e73574fa1c7e", "price_changes": [{"asset_id": "109957996743505691653859282256585186992725650936429999982119927701494880273493", "price": "0.024", "size": "7.26", "side": "BUY", "hash": "81590b342fe61dbd7beba3c21ee0f5547df7164c", "best_bid": "0.031", "best_ask": "0.032"}, {"asset_id": "37648531592945889337991467548024111243126995940431591609411093035274497826158", "price": "0.976", "size": "7.26", "side": "SELL", "hash": "1f261cd9ce2ae99d708acc14611d4c555698ecb8", "best_bid": "0.968", "best_ask": "0.969"}], "timestamp": "1769384507390", "event_type": "price_change"}}
{"_local_timestamp": "2026-01-25T23:41:47.459724+00:00", "data": {"market": "0xb7d7a89191e04ef38ecca518fe97aee48d0f32b4d95f771253a4e73574fa1c7e", "price_changes": [{"asset_id": "109957996743505691653859282256585186992725650936429999982119927701494880273493", "price": "0.017", "size": "11.86", "side": "BUY", "hash": "09ace6877c86de3a781a0e6c286d93298abf3dc6", "best_bid": "0.031", "best_ask": "0.032"}, {"asset_id": "37648531592945889337991467548024111243126995940431591609411093035274497826158", "price": "0.983", "size": "11.86", "side": "SELL", "hash": "b3ab4bdd671db57e5bf764df7da5c2cbe8f74d03", "best_bid": "0.968", "best_ask": "0.969"}], "timestamp": "1769384507391", "event_type": "price_change"}}
{"_local_timestamp": "2026-01-25T23:41:49.900783+00:00", "data": {"market": "0xb7d7a89191e04ef38ecca518fe97aee48d0f32b4d95f771253a4e73574fa1c7e", "price_changes": [{"asset_id": "109957996743505691653859282256585186992725650936429999982119927701494880273493", "price": "0.023", "size": "0", "side": "BUY", "hash": "d5d96d7f4be7eb5c758ec8c1f68ed08d9ab0588a", "best_bid": "0.031", "best_ask": "0.032"}, {"asset_id": "37648531592945889337991467548024111243126995940431591609411093035274497826158", "price": "0.977", "size": "0", "side": "SELL", "hash": "5fc372fee919438228ee04de2190e1eeb02e2dff", "best_bid": "0.968", "best_ask": "0.969"}], "timestamp": "1769384509815", "event_type": "price_change"}}
{"_local_timestamp": "2026-01-25T23:41:50.915690+00:00", "data": {"market": "0xb7d7a89191e04ef38ecca518fe97aee48d0f32b4d95f771253a4e73574fa1c7e", "price_changes": [{"asset_id": "37648531592945889337991467548024111243126995940431591609411093035274497826158", "price": "0.268", "size": "0", "side": "BUY", "hash": "b5dc79a213210e05cf716c6f5957b0b10012a10c", "best_bid": "0.968", "best_ask": "0.969"}, {"asset_id": "109957996743505691653859282256585186992725650936429999982119927701494880273493", "price": "0.732", "size": "0", "side": "SELL", "hash": "ecc15f32bdb6cbe3268cd50347e5a6635d6cc0de", "best_bid": "0.031", "best_ask": "0.032"}], "timestamp": "1769384510753", "event_type": "price_change"}}
{"_local_timestamp": "2026-01-25T23:41:52.614952+00:00", "data": {"market": "0xb7d7a89191e04ef38ecca518fe97aee48d0f32b4d95f771253a4e73574fa1c7e", "price_changes": [{"asset_id": "37648531592945889337991467548024111243126995940431591609411093035274497826158", "price": "0.269", "size": "1660", "side": "BUY", "hash": "f85aef927e57af7313f73e6f621d395875e9dcff", "best_bid": "0.968", "best_ask": "0.969"}, {"asset_id": "109957996743505691653859282256585186992725650936429999982119927701494880273493", "price": "0.731", "size": "1660", "side": "SELL", "hash": "8f70b9ca2d9827cc1363a8da0d9d877994dc7c85", "best_bid": "0.031", "best_ask": "0.032"}], "timestamp": "1769384511751", "event_type": "price_change"}}
{"_local_timestamp": "2026-01-25T23:41:53.451603+00:00", "data": {"market": "0xb7d7a89191e04ef38ecca518fe97aee48d0f32b4d95f771253a4e73574fa1c7e", "price_changes": [{"asset_id": "109957996743505691653859282256585186992725650936429999982119927701494880273493", "price": "0.024", "size": "107.26", "side": "BUY", "hash": "5357213f9f896ccec3c8c9b9edd561141a9fd644", "best_bid": "0.031", "best_ask": "0.032"}, {"asset_id": "37648531592945889337991467548024111243126995940431591609411093035274497826158", "price": "0.976", "size": "107.26", "side": "SELL", "hash": "f0234970648efc2f0963d63e3a05ede3d25979e6", "best_bid": "0.968", "best_ask": "0.969"}], "timestamp": "1769384513383", "event_type": "price_change"}}
