{"_local_timestamp": "2026-01-25T23:33:24.845618+00:00", "data": [{"market": "0x06765bcf1c6086a944010ba076ee46baf1ad0e8185f78403f7d412b1f89ed553", "asset_id": "101345095261639287686326321165307329563286252573452527237500468714748213587044", "timestamp": "1769383950760", "hash": "8c171f86c92943adaeb949d0e7cbf5a1c4c6c300", "bids": [{"price": "0.01", "size": "3009.85"}, {"price": "0.02", "size": "4200"}, {"price": "0.03", "size": "6.9"}, {"price": "0.07", "size": "714.28"}, {"price": "0.08", "size": "8.67"}, {"price": "0.11", "size": "634.09"}, {"price": "0.15", "size": "213.33"}, {"price": "0.16", "size": "1250"}, {"price": "0.19", "size": "147.36"}, {"price": "0.2", "size": "500"}, {"price": "0.21", "size": "15.22"}, {"price": "0.22", "size": "200"}, {"price": "0.23", "size": "113.04"}, {"price": "0.24", "size": "250"}, {"price": "0.25", "size": "8"}, {"price": "0.26", "size": "92.3"}, {"price": "0.27", "size": "50"}, {"price": "0.3", "size": "66.66"}, {"price": "0.34", "size": "125"}, {"price": "0.4", "size": "5"}, {"price": "0.45", "size": "5"}, {"price": "0.5", "size": "14.67"}, {"price": "0.55", "size": "5"}, {"price": "0.61", "size": "14"}, {"price": "0.62", "size": "25.96"}, {"price": "0.63", "size": "57.96"}, {"price": "0.64", "size": "36"}, {"price": "0.65", "size": "30"}, {"price": "0.66", "size": "30"}, {"price": "0.68", "size": "565"}, {"price": "0.69", "size": "1681"}, {"price": "0.7", "size": "171.96"}, {"price": "0.71", "size": "28"}], "asks": [{"price": "0.99", "size": "103550"}, {"price": "0.98", "size": "3706.55"}, {"price": "0.97", "size": "10934"}, {"price": "0.96", "size": "1558.07"}, {"price": "0.95", "size": "3420.66"}, {"price": "0.94", "size": "450"}, {"price": "0.92", "size": "100"}, {"price": "0.91", "size": "11"}, {"price": "0.9", "size": "126.81"}, {"price": "0.88", "size": "115"}, {"price": "0.85", "size": "130"}, {"price": "0.84", "size": "25"}, {"price": "0.83", "size": "120"}, {"price": "0.82", "size": "83.51"}, {"price": "0.81", "size": "430"}, {"price": "0.8", "size": "249.77"}, {"price": "0.79", "size": "401"}, {"price": "0.78", "size": "59"}, {"price": "0.77", "size": "700.22"}, {"price": "0.76", "size": "1334.52"}, {"price": "0.75", "size": "5055.3"}, {"price": "0.74", "size": "296.15"}, {"price": "0.73", "size": "567.99"}], "event_type": "book", "last_trade_price": "0.280"}, {"market": "0x06765bcf1c6086a944010ba076ee46baf1ad0e8185f78403f7d412b1f89ed553", "asset_id": "55214467056666747655533436499936424574734476284409703831385732503436728082773", "timestamp": "1769383950760", "hash": "35cb69d0dec1511895f98946cd07aca0ee842ecf", "bids": [{"price": "0.01", "size": "103550"}, {"price": "0.02", "size": "3706.55"}, {"price": "0.03", "size": "10934"}, {"price": "0.04", "size": "1558.07"}, {"price": "0.05", "size": "3420.66"}, {"price": "0.06", "size": "450"}, {"price": "0.08", "size": "100"}, {"price": "0.09", "size": "11"}, {"price": "0.1", "size": "126.81"}, {"price": "0.12", "size": "115"}, {"price": "0.15", "size": "130"}, {"price": "0.16", "size": "25"}, {"price": "0.17", "size": "120"}, {"price": "0.18", "size": "83.51"}, {"price": "0.19", "size": "430"}, {"price": "0.2", "size": "249.77"}, {"price": "0.21", "size": "401"}, {"price": "0.22", "size": "59"}, {"price": "0.23", "size": "700.22"}, {"price": "0.24", "size": "1334.52"}, {"price": "0.25", "size": "5055.3"}, {"price": "0.26", "size": "296.15"}, {"price": "0.27", "size": "567.99"}], "asks": [{"price": "0.99", "size": "3009.85"}, {"price": "0.98", "size": "4200"}, {"price": "0.97", "size": "6.9"}, {"price": "0.93", "size": "714.28"}, {"price": "0.92", "size": "8.67"}, {"price": "0.89", "size": "634.09"}, {"price": "0.85", "size": "213.33"}, {"price": "0.84", "size": "1250"}, {"price": "0.81", "size": "147.36"}, {"price": "0.8", "size": "500"}, {"price": "0.79", "size": "15.22"}, {"price": "0.78", "size": "200"}, {"price": "0.77", "size": "113.04"}, {"price": "0.76", "size": "250"}, {"price": "0.75", "size": "8"}, {"price": "0.74", "size": "92.3"}, {"price": "0.73", "size": "50"}, {"price": "0.7", "size": "66.66"}, {"price": "0.66", "size": "125"}, {"price": "0.6", "size": "5"}, {"price": "0.55", "size": "5"}, {"price": "0.5", "size": "14.67"}, {"price": "0.45", "size": "5"}, {"price": "0.39", "size": "14"}, {"price": "0.38", "size": "25.96"}, {"price": "0.37", "size": "57.96"}, {"price": "0.36", "size": "36"}, {"price": "0.35", "size": "30"}, {"price": "0.34", "size": "30"}, {"price": "0.32", "size": "565"}, {"price": "0.31", "size": "1681"}, {"price": "0.3", "size": "171.96"}, {"price": "0.29", "size": "28"}], "event_type": "book", "last_trade_price": "0.280"}]}
{"_local_timestamp": "2026-01-25T23:33:33.394218+00:00", "data": {"market": "0x06765bcf1c6086a944010ba076ee46baf1ad0e8185f78403f7d412b1f89ed553", "price_changes": [{"asset_id": "101345095261639287686326321165307329563286252573452527237500468714748213587044", "price": "0.22", "size": "150", "side": "BUY", "hash": "e33d80ffd0bd7ed0c9a361bbcf78423b85393df1", "best_bid": "0.71", "best_ask": "0.73"}, {"asset_id": "55214467056666747655533436499936424574734476284409703831385732503436728082773", "price": "0.78", "size": "150", "side": "SELL", "hash": "4ba7ada3dd3de02f4829f6f6224e0a2a50a297e8", "best_bid": "0.27", "best_ask": "0.29"}], "timestamp": "1769384013173", "event_type": "price_change"}}
{"_local_timestamp": "2026-01-25T23:33:33.710066+00:00", "data": {"market": "0x06765bcf1c6086a944010ba076ee46baf1ad0e8185f78403f7d412b1f89ed553", "price_changes": [{"asset_id": "101345095261639287686326321165307329563286252573452527237500468714748213587044", "price": "0.2", "size": "550", "side": "BUY", "hash": "00ce91d9b1c7bc998831f7e4347e4f35c70addf0", "best_bid": "0.71", "best_ask": "0.73"}, {"asset_id": "55214467056666747655533436499936424574734476284409703831385732503436728082773", "price": "0.8", "size": "550", "side": "SELL", "hash": "3549484e0f5121bc69157b7921a4e5686ff70763", "best_bid": "0.27", "best_ask": "0.29"}], "timestamp": "1769384013540", "event_type": "price_change"}}
{"_local_timestamp": "2026-01-25T23:33:38.532919+00:00", "data": {"market": "0x06765bcf1c6086a944010ba076ee46baf1ad0e8185f78403f7d412b1f89ed553", "price_changes": [{"asset_id": "101345095261639287686326321165307329563286252573452527237500468714748213587044", "price": "0.22", "size": "2058", "side": "BUY", "hash": "b7807acff4b86f5d365d70fd90dc456941d93aa4", "best_bid": "0.71", "best_ask": "0.73"}, {"asset_id": "55214467056666747655533436499936424574734476284409703831385732503436728082773", "price": "0.78", "size": "2058", "side": "SELL", "hash": "daad9d94a37a76c17ad43d9d74be684830470a30", "best_bid": "0.27", "best_ask": "0.29"}], "timestamp": "1769384018467", "event_type": "price_change"}}
{"_local_timestamp": "2026-01-25T23:33:40.300437+00:00", "data": {"market": "0x06765bcf1c6086a944010ba076ee46baf1ad0e8185f78403f7d412b1f89ed553", "price_changes": [{"asset_id": "101345095261639287686326321165307329563286252573452527237500468714748213587044", "price": "0.22", "size": "2008", "side": "BUY", "hash": "b399878128d8625dd334c59e6718833d94171eec", "best_bid": "0.71", "best_ask": "0.73"}, {"asset_id": "55214467056666747655533436499936424574734476284409703831385732503436728082773", "price": "0.78", "size": "2008", "side": "SELL", "hash": "1327162c92eac37986dd7f62a130585c6df34bc6", "best_bid": "0.27", "best_ask": "0.29"}], "timestamp": "1769384020097", "event_type": "price_change"}}
{"_local_timestamp": "2026-01-25T23:33:40.778715+00:00", "data": {"market": "0x06765bcf1c6086a944010ba076ee46baf1ad0e8185f78403f7d412b1f89ed553", "price_changes": [{"asset_id": "101345095261639287686326321165307329563286252573452527237500468714748213587044", "price": "0.21", "size": "65.22", "side": "BUY", "hash": "8c4ed3f859b0f85b02adfb4b0c935238a44409c1", "best_bid": "0.71", "best_ask": "0.73"}, {"asset_id": "55214467056666747655533436499936424574734476284409703831385732503436728082773", "price": "0.79", "size": "65.22", "side": "SELL", "hash": "223e7390f70e9d955a3d29d15b53219e2f88cfeb", "best_bid": "0.27", "best_ask": "0.29"}], "timestamp": "1769384020558", "event_type": "price_change"}}
{"_local_timestamp": "2026-01-25T23:34:27.850516+00:00", "data": {"market": "0x06765bcf1c6086a944010ba076ee46baf1ad0e8185f78403f7d412b1f89ed553", "price_changes": [{"asset_id": "101345095261639287686326321165307329563286252573452527237500468714748213587044", "price": "0.22", "size": "1908", "side": "BUY", "hash": "287d942dbf1d6a46a256067bd9f7c68c4d1a97fb", "best_bid": "0.71", "best_ask": "0.73"}, {"asset_id": "55214467056666747655533436499936424574734476284409703831385732503436728082773", "price": "0.78", "size": "1908", "side": "SELL", "hash": "3a4dcafff733fc89f0f1443f319121ab0dec5cbb", "best_bid": "0.27", "best_ask": "0.29"}], "timestamp": "1769384067614", "event_type": "price_change"}}
{"_local_timestamp": "2026-01-25T23:34:28.496103+00:00", "data": {"market": "0x06765bcf1c6086a944010ba076ee46baf1ad0e8185f78403f7d412b1f89ed553", "price_changes": [{"asset_id": "101345095261639287686326321165307329563286252573452527237500468714748213587044", "price": "0.21", "size": "165.22", "side": "BUY", "hash": "82fd5a6b34710bfd4f1a951938f9de201639af61", "best_bid": "0.71", "best_ask": "0.73"}, {"asset_id": "55214467056666747655533436499936424574734476284409703831385732503436728082773", "price": "0.79", "size": "165.22", "side": "SELL", "hash": "7c32465f0563d6b1af4fab77b3d9ac189fb33230", "best_bid": "0.27", "best_ask": "0.29"}], "timestamp": "1769384068143", "event_type": "price_change"}}
{"_local_timestamp": "2026-01-25T23:35:22.098178+00:00", "data": {"market": "0x06765bcf1c6086a944010ba076ee46baf1ad0e8185f78403f7d412b1f89ed553", "price_changes": [{"asset_id": "55214467056666747655533436499936424574734476284409703831385732503436728082773", "price": "0.26", "size": "96.15", "side": "BUY", "hash": "b41637967a2448955daebeb82599dc06e3a22692", "best_bid": "0.27", "best_ask": "0.29"}, {"asset_id": "101345095261639287686326321165307329563286252573452527237500468714748213587044", "price": "0.74", "size": "96.15", "side": "SELL", "hash": "03b4bc717dcf45db09f0aba7fec6645a16f0f279", "best_bid": "0.71", "best_ask": "0.73"}], "timestamp": "1769384122001", "event_type": "price_change"}}
{"_local_timestamp": "2026-01-25T23:35:22.146787+00:00", "data": {"market": "0x06765bcf1c6086a944010ba076ee46baf1ad0e8185f78403f7d412b1f89ed553", "price_changes": [{"asset_id": "55214467056666747655533436499936424574734476284409703831385732503436728082773", "price": "0.27", "size": "437.99", "side": "BUY", "hash": "db5d7ad9b46a28fedd5432ad005429d991251328", "best_bid": "0.27", "best_ask": "0.29"}, {"asset_id": "101345095261639287686326321165307329563286252573452527237500468714748213587044", "price": "0.73", "size": "437.99", "side": "SELL", "hash": "2985ff12f0bb8ba36c023695e8fadb910995bc85", "best_bid": "0.71", "best_ask": "0.73"}], "timestamp": "1769384122044", "event_type": "price_change"}}
{"_local_timestamp": "2026-01-25T23:35:22.162529+00:00", "data": {"market": "0x06765bcf1c6086a944010ba076ee46baf1ad0e8185f78403f7d412b1f89ed553", "price_changes": [{"asset_id": "55214467056666747655533436499936424574734476284409703831385732503436728082773", "price": "0.26", "size": "275.15", "side": "BUY", "hash": "ef985a760b7686d8c3c7523e1e1b6b2dcabdb7a2", "best_bid": "0.27", "best_ask": "0.29"}, {"asset_id": "101345095261639287686326321165307329563286252573452527237500468714748213587044", "price": "0.74", "size": "275.15", "side": "SELL", "hash": "be0bf668aafb9131c3be457ffc7e043c1c7c5699", "best_bid": "0.71", "best_ask": "0.73"}], "timestamp": "1769384122072", "event_type": "price_change"}}
{"_local_timestamp": "2026-01-25T23:35:26.721537+00:00", "data": {"market": "0x06765bcf1c6086a944010ba076ee46baf1ad0e8185f78403f7d412b1f89ed553", "price_changes": [{"asset_id": "101345095261639287686326321165307329563286252573452527237500468714748213587044", "price": "0.21", "size": "115.22", "side": "BUY", "hash": "596536099e08aead0e76aa29c7c729e827407a8b", "best_bid": "0.71", "best_ask": "0.73"}, {"asset_id": "55214467056666747655533436499936424574734476284409703831385732503436728082773", "price": "0.79", "size": "115.22", "side": "SELL", "hash": "5d5d88c857f7ba546a493b2892e68082af9f37bb", "best_bid": "0.27", "best_ask": "0.29"}], "timestamp": "1769384126573", "event_type": "price_change"}}
{"_local_timestamp": "2026-01-25T23:35:27.048461+00:00", "data": {"market": "0x06765bcf1c6086a944010ba076ee46baf1ad0e8185f78403f7d412b1f89ed553", "price_changes": [{"asset_id": "101345095261639287686326321165307329563286252573452527237500468714748213587044", "price": "0.22", "size": "1958", "side": "BUY", "hash": "cc07aa21e7f21bae83b7efb6483651340fa74d50", "best_bid": "0.71", "best_ask": "0.73"}, {"asset_id": "55214467056666747655533436499936424574734476284409703831385732503436728082773", "price": "0.78", "size": "1958", "side": "SELL", "hash": "d7995bd66d02b283e765b643f344051e4019ea67", "best_bid": "0.27", "best_ask": "0.29"}], "timestamp": "1769384126885", "event_type": "price_change"}}
{"_local_timestamp": "2026-01-25T23:35:56.397809+00:00", "data": {"market": "0x06765bcf1c6086a944010ba076ee46baf1ad0e8185f78403f7d412b1f89ed553", "price_changes": [{"asset_id": "101345095261639287686326321165307329563286252573452527237500468714748213587044", "price": "0.2", "size": "500", "side": "BUY", "hash": "6711404f58bf9cda536854c8365d822462951551", "best_bid": "0.71", "best_ask": "0.73"}, {"asset_id": "55214467056666747655533436499936424574734476284409703831385732503436728082773", "price": "0.8", "size": "500", "side": "SELL", "hash": "f0b688ab32739a737585d5ce10a569cfb7c45286", "best_bid": "0.27", "best_ask": "0.29"}], "timestamp": "1769384156283", "event_type": "price_change"}}
{"_local_timestamp": "2026-01-25T23:35:56.854901+00:00", "data": {"market": "0x06765bcf1c6086a944010ba076ee46baf1ad0e8185f78403f7d412b1f89ed553", "price_changes": [{"asset_id": "101345095261639287686326321165307329563286252573452527237500468714748213587044", "price": "0.22", "size": "2008", "side": "BUY", "hash": "fe4637eabf627a094707ff601196b957b9ec9c6b", "best_bid": "0.71", "best_ask": "0.73"}, {"asset_id": "55214467056666747655533436499936424574734476284409703831385732503436728082773", "price": "0.78", "size": "2008", "side": "SELL", "hash": "455c56ac0a4f19d9b7b83c82652a2270dbb9137e", "best_bid": "0.27", "best_ask": "0.29"}], "timestamp": "1769384156724", "event_type": "price_change"}}
{"_local_timestamp": "2026-01-25T23:35:57.806702+00:00", "data": {"market": "0x06765bcf1c6086a944010ba076ee46baf1ad0e8185f78403f7d412b1f89ed553", "price_changes": [{"asset_id": "55214467056666747655533436499936424574734476284409703831385732503436728082773", "price": "0.21", "size": "406", "side": "BUY", "hash": "4d8ab5773b3b328c3358a8cfc2807ea9ba4104ee", "best_bid": "0.27", "best_ask": "0.29"}, {"asset_id": "101345095261639287686326321165307329563286252573452527237500468714748213587044", "price": "0.79", "size": "406", "side": "SELL", "hash": "24ee451ee4c577c196b8b0b892cd373b407dc942", "best_bid": "0.71", "best_ask": "0.73"}], "timestamp": "1769384157710", "event_type": "price_change"}}
{"_local_timestamp": "2026-01-25T23:35:57.807176+00:00", "data": {"market": "0x06765bcf1c6086a944010ba076ee46baf1ad0e8185f78403f7d412b1f89ed553", "price_changes": [{"asset_id": "55214467056666747655533436499936424574734476284409703831385732503436728082773", "price": "0.05", "size": "3440.66", "side": "BUY", "hash": "f18489346cbb0c5bc1175ed65ac186fa37b23694", "best_bid": "0.27", "best_ask": "0.29"}, {"asset_id": "101345095261639287686326321165307329563286252573452527237500468714748213587044", "price": "0.95", "size": "3440.66", "side": "SELL", "hash": "ce0646476b0947be0fb44c91c6ded44f8ed7f754", "best_bid": "0.71", "best_ask": "0.73"}], "timestamp": "1769384157711", "event_type": "price_change"}}
{"_local_timestamp": "2026-01-25T23:35:57.807508+00:00", "data": {"market": "0x06765bcf1c6086a944010ba076ee46baf1ad0e8185f78403f7d412b1f89ed553", "price_changes": [{"asset_id": "55214467056666747655533436499936424574734476284409703831385732503436728082773", "price": "0.03", "size": "10967", "side": "BUY", "hash": "d463498462bf00ceef4e81f809e5f34b0d52ab0c", "best_bid": "0.27", "best_ask": "0.29"}, {"asset_id": "101345095261639287686326321165307329563286252573452527237500468714748213587044", "price": "0.97", "size": "10967", "side": "SELL", "hash": "3f3aba8a74beea3ab6e87825d913f48dcfe907da", "best_bid": "0.71", "best_ask": "0.73"}], "timestamp": "1769384157712", "event_type": "price_change"}}
{"_local_timestamp": "2026-01-25T23:36:01.082248+00:00", "data": {"market": "0x06765bcf1c6086a944010ba076ee46baf1ad0e8185f78403f7d412b1f89ed553", "price_changes": [{"asset_id": "55214467056666747655533436499936424574734476284409703831385732503436728082773", "price": "0.23", "size": "695.22", "side": "BUY", "hash": "9e9b4cab95d9b0e3d82896b8a9dbec72fadae9d3", "best_bid": "0.27", "best_ask": "0.29"}, {"asset_id": "101345095261639287686326321165307329563286252573452527237500468714748213587044", "price": "0.77", "size": "695.22", "side": "SELL", "hash": "9d9299ff3ebfca3e9c19d9eb0b13f4d647968301", "best_bid": "0.71", "best_ask": "0.73"}], "timestamp": "1769384161000", "event_type": "price_change"}}
{"_local_timestamp": "2026-01-25T23:36:01.089366+00:00", "data": {"market": "0x06765bcf1c6086a944010ba076ee46baf1ad0e8185f78403f7d412b1f89ed553", "price_changes": [{"asset_id": "55214467056666747655533436499936424574734476284409703831385732503436728082773", "price": "0.03", "size": "10299", "side": "BUY", "hash": "cc8c9d50884f24f1888acc4c550d932c18f1869d", "best_bid": "0.27", "best_ask": "0.29"}, {"asset_id": "101345095261639287686326321165307329563286252573452527237500468714748213587044", "price": "0.97", "size": "10299", "side": "SELL", "hash": "16838ecd205cab7f69172ea52f8f2492105f6ac2", "best_bid": "0.71", "best_ask": "0.73"}], "timestamp": "1769384161002", "event_type": "price_change"}}
{"_local_timestamp": "2026-01-25T23:36:01.109357+00:00", "data": {"market": "0x06765bcf1c6086a944010ba076ee46baf1ad0e8185f78403f7d412b1f89ed553", "price_changes": [{"asset_id": "55214467056666747655533436499936424574734476284409703831385732503436728082773", "price": "0.05", "size": "3240.66", "side": "BUY", "hash": "bbc44ee8963af37e6fa8a5b1e5addc3337bce2a2", "best_bid": "0.27", "best_ask": "0.29"}, {"asset_id": "101345095261639287686326321165307329563286252573452527237500468714748213587044", "price": "0.95", "size": "3240.66", "side": "SELL", "hash": "50096475ab9c48df8281810d31a4faa5c554581d", "best_bid": "0.71", "best_ask": "0.73"}], "timestamp": "1769384161005", "event_type": "price_change"}}
{"_local_timestamp": "2026-01-25T23:36:01.109823+00:00", "data": {"market": "0x06765bcf1c6086a944010ba076ee46baf1ad0e8185f78403f7d412b1f89ed553", "price_changes": [{"asset_id": "55214467056666747655533436499936424574734476284409703831385732503436728082773", "price": "0.21", "size": "388", "side": "BUY", "hash": "882fe45da2b84da2f1dea1fccce4bb4d27a1339d", "best_bid": "0.27", "best_ask": "0.29"}, {"asset_id": "101345095261639287686326321165307329563286252573452527237500468714748213587044", "price": "0.79", "size": "388", "side": "SELL", "hash": "e5d25246e0d9ff342d19e0c64b511a4d9ec343c4", "best_bid": "0.71", "best_ask": "0.73"}], "timestamp": "1769384161011", "event_type": "price_change"}}
{"_local_timestamp": "2026-01-25T23:36:11.948807+00:00", "data": {"market": "0x06765bcf1c6086a944010ba076ee46baf1ad0e8185f78403f7d412b1f89ed553", "price_changes": [{"asset_id": "55214467056666747655533436499936424574734476284409703831385732503436728082773", "price": "0.23", "size": "704.22", "side": "BUY", "hash": "5814c2fd4616998a6342a74390cce954a5b80428", "best_bid": "0.27", "best_ask": "0.29"}, {"asset_id": "101345095261639287686326321165307329563286252573452527237500468714748213587044", "price": "0.77", "size": "704.22", "side": "SELL", "hash": "fbac55062cd068b67a2d46eb4bae60d5a79ce5ba", "best_bid": "0.71", "best_ask": "0.73"}], "timestamp": "1769384171883", "event_type": "price_change"}}
{"_local_timestamp": "2026-01-25T23:36:11.949302+00:00", "data": {"market": "0x06765bcf1c6086a944010ba076ee46baf1ad0e8185f78403f7d412b1f89ed553", "price_changes": [{"asset_id": "55214467056666747655533436499936424574734476284409703831385732503436728082773", "price": "0.05", "size": "3440.66", "side": "BUY", "hash": "607b8e1a8dec733d567aaf838368fd4e1bd3a714", "best_bid": "0.27", "best_ask": "0.29"}, {"asset_id": "101345095261639287686326321165307329563286252573452527237500468714748213587044", "price": "0.95", "size": "3440.66", "side": "SELL", "hash": "d2a3d03b3b694b26d7c4917ce9070d4523724d79", "best_bid": "0.71", "best_ask": "0.73"}], "timestamp": "1769384171883", "event_type": "price_change"}}
{"_local_timestamp": "2026-01-25T23:36:11.949988+00:00", "data": {"market": "0x06765bcf1c6086a944010ba076ee46baf1ad0e8185f78403f7d412b1f89ed553", "price_changes": [{"asset_id": "55214467056666747655533436499936424574734476284409703831385732503436728082773", "price": "0.21", "size": "406", "side": "BUY", "hash": "5840159add6c003679e2a572ae9312b01ccb2c42", "best_bid": "0.27", "best_ask": "0.29"}, {"asset_id": "101345095261639287686326321165307329563286252573452527237500468714748213587044", "price": "0.79", "size": "406", "side": "SELL", "hash": "0f1e267670b1f7e1dd4b1c9e471ebed81318d40d", "best_bid": "0.71", "best_ask": "0.73"}], "timestamp": "1769384171884", "event_type": "price_change"}}
{"_local_timestamp": "2026-01-25T23:36:11.950390+00:00", "data": {"market": "0x06765bcf1c6086a944010ba076ee46baf1ad0e8185f78403f7d412b1f89ed553", "price_changes": [{"asset_id": "55214467056666747655533436499936424574734476284409703831385732503436728082773", "price": "0.03", "size": "10967", "side": "BUY", "hash": "aaade61a18a79ba1a24438ce9935df0167f2a5fc", "best_bid": "0.27", "best_ask": "0.29"}, {"asset_id": "101345095261639287686326321165307329563286252573452527237500468714748213587044", "price": "0.97", "size": "10967", "side": "SELL", "hash": "696232adb09c2407d27e5c67e0496d325dd4775f", "best_bid": "0.71", "best_ask": "0.73"}], "timestamp": "1769384171885", "event_type": "price_change"}}
{"_local_timestamp": "2026-01-25T23:36:55.293637+00:00", "data": {"market": "0x06765bcf1c6086a944010ba076ee46baf1ad0e8185f78403f7d412b1f89ed553", "price_changes": [{"asset_id": "101345095261639287686326321165307329563286252573452527237500468714748213587044", "price": "0.21", "size": "15.22", "side": "BUY", "hash": "1ea98885f5e59153c8eb572b2ff673ad8c9bf8a2", "best_bid": "0.71", "best_ask": "0.73"}, {"asset_id": "55214467056666747655533436499936424574734476284409703831385732503436728082773", "price": "0.79", "size": "15.22", "side": "SELL", "hash": "c10b0db495e2acde9506c6ca4252733075f7eb2c", "best_bid": "0.27", "best_ask": "0.29"}], "timestamp": "1769384215019", "event_type": "price_change"}}
{"_local_timestamp": "2026-01-25T23:36:56.269426+00:00", "data": {"market": "0x06765bcf1c6086a944010ba076ee46baf1ad0e8185f78403f7d412b1f89ed553", "price_changes": [{"asset_id": "101345095261639287686326321165307329563286252573452527237500468714748213587044", "price": "0.22", "size": "2108", "side": "BUY", "hash": "120fdbbb1a429f937566dc7b2f7214f053caf55e", "best_bid": "0.71", "best_ask": "0.73"}, {"asset_id": "55214467056666747655533436499936424574734476284409703831385732503436728082773", "price": "0.78", "size": "2108", "side": "SELL", "hash": "28b07a0a828d432cd5616a1345799596a25a12db", "best_bid": "0.27", "best_ask": "0.29"}], "timestamp": "1769384215693", "event_type": "price_change"}}
{"_local_timestamp": "2026-01-25T23:37:16.513487+00:00", "data": {"market": "0x06765bcf1c6086a944010ba076ee46baf1ad0e8185f78403f7d412b1f89ed553", "price_changes": [{"asset_id": "55214467056666747655533436499936424574734476284409703831385732503436728082773", "price": "0.26", "size": "475.15", "side": "BUY", "hash": "ce8c2ec40387a444b1d513ab965ca015732e142b", "best_bid": "0.27", "best_ask": "0.29"}, {"asset_id": "101345095261639287686326321165307329563286252573452527237500468714748213587044", "price": "0.74", "size": "475.15", "side": "SELL", "hash": "19a8eb8c895f55ef85b0cef007c6178f6ea5c6f7", "best_bid": "0.71", "best_ask": "0.73"}], "timestamp": "1769384236440", "event_type": "price_change"}}
