{"_local_timestamp": "2026-01-25T23:33:24.845618+00:00", "data": [{"market": "0x06765bcf1c6086a944010ba076ee46baf1ad0e8185f78403f7d412b1f89ed553", "asset_id": "101345095261639287686326321165307329563286252573452527237500468714748213587044", "timestamp": "1769383950760", "hash": "8c171f86c92943adaeb949d0e7cbf5a1c4c6c300", "bids": [{"price": "0.01", "size": "3009.85"}, {"price": "0.02", "size": "4200"}, {"price": "0.03", "size": "6.9"}, {"price": "0.07", "size": "714.28"}, {"price": "0.08", "size": "8.67"}, {"price": "0.11", "size": "634.09"}, {"price": "0.15", "size": "213.33"}, {"price": "0.16", "size": "1250"}, {"price": "0.19", "size": "147.36"}, {"price": "0.2", "size": "500"}, {"price": "0.21", "size": "15.22"}, {"price": "0.22", "size": "200"}, {"price": "0.23", "size": "113.04"}, {"price": "0.24", "size": "250"}, {"price": "0.25", "size": "8"}, {"price": "0.26", "size": "92.3"}, {"price": "0.27", "size": "50"}, {"price": "0.3", "size": "66.66"}, {"price": "0.34", "size": "125"}, {"price": "0.4", "size": "5"}, {"price": "0.45", "size": "5"}, {"price": "0.5", "size": "14.67"}, {"price": "0.55", "size": "5"}, {"price": "0.61", "size": "14"}, {"price": "0.62", "size": "25.96"}, {"price": "0.63", "size": "57.96"}, {"price": "0.64", "size": "36"}, {"price": "0.65", "size": "30"}, {"price": "0.66", "size": "30"}, {"price": "0.68", "size": "565"}, {"price": "0.69", "size": "1681"}, {"price": "0.7", "size": "171.96"}, {"price": "0.71", "size": "28"}], "asks": [{"price": "0.99", "size": "103550"}, {"price": "0.98", "size": "3706.55"}, {"price": "0.97", "size": "10934"}, {"price": "0.96", "size": "1558.07"}, {"price": "0.95", "size": "3420.66"}, {"price": "0.94", "size": "450"}, {"price": "0.92", "size": "100"}, {"price": "0.91", "size": "11"}, {"price": "0.9", "size": "126.81"}, {"price": "0.88", "size": "115"}, {"price": "0.85", "size": "130"}, {"price": "0.84", "size": "25"}, {"price": "0.83", "size": "120"}, {"price": "0.82", "size": "83.51"}, {"price": "0.81", "size": "430"}, {"price": "0.8", "size": "249.77"}, {"price": "0.79", "size": "401"}, {"price": "0.78", "size": "59"}, {"price": "0.77", "size": "700.22"}, {"price": "0.76", "size": "1334.52"}, {"price": "0.75", "size": "5055.3"}, {"price": "0.74", "size": "296.15"}, {"price": "0.73", "size": "567.99"}], "event_type": "book", "last_trade_price": "0.280"}, {"market": "0x06765bcf1c6086a944010ba076ee46baf1ad0e8185f78403f7d412b1f89ed553", "asset_id": "55214467056666747655533436499936424574734476284409703831385732503436728082773", "timestamp": "1769383950760", "hash": "35cb69d0dec1511895f98946cd07aca0ee842ecf", "bids": [{"price": "0.01", "size": "103550"}, {"price": "0.02", "size": "3706.55"}, {"price": "0.03", "size": "10934"}, {"price": "0.04", "size": "1558.07"}, {"price": "0.05", "size": "3420.66"}, {"price": "0.06", "size": "450"}, {"price": "0.08", "size": "100"}, {"price": "0.09", "size": "11"}, {"price": "0.1", "size": "126.81"}, {"price": "0.12", "size": "115"}, {"price": "0.15", "size": "130"}, {"price": "0.16", "size": "25"}, {"price": "0.17", "size": "120"}, {"price": "0.18", "size": "83.51"}, {"price": "0.19", "size": "430"}, {"price": "0.2", "size": "249.77"}, {"price": "0.21", "size": "401"}, {"price": "0.22", "size": "59"}, {"price": "0.23", "size": "700.22"}, {"price": "0.24", "size": "1334.52"}, {"price": "0.25", "size": "5055.3"}, {"price": "0.26", "size": "296.15"}, {"price": "0.27", "size": "567.99"}], "asks": [{"price": "0.99", "size": "3009.85"}, {"price": "0.98", "size": "4200"}, {"price": "0.97", "size": "6.9"}, {"price": "0.93", "size": "714.28"}, {"price": "0.92", "size": "8.67"}, {"price": "0.89", "size": "634.09"}, {"price": "0.85", "size": "213.33"}, {"price": "0.84", "size": "1250"}, {"price": "0.81", "size": "147.36"}, {"price": "0.8", "size": "500"}, {"price": "0.79", "size": "15.22"}, {"price": "0.78", "size": "200"}, {"price": "0.77", "size": "113.04"}, {"price": "0.76", "size": "250"}, {"price": "0.75", "size": "8"}, {"price": "0.74", "size": "92.3"}, {"price": "0.73", "size": "50"}, {"price": "0.7", "size": "66.66"}, {"price": "0.66", "size": "125"}, {"price": "0.6", "size": "5"}, {"price": "0.55", "size": "5"}, {"price": "0.5", "size": "14.67"}, {"price": "0.45", "size": "5"}, {"price": "0.39", "size": "14"}, {"price": "0.38", "size": "25.96"}, {"price": "0.37", "size": "57.96"}, {"price": "0.36", "size": "36"}, {"price": "0.35", "size": "30"}, {"price": "0.34", "size": "30"}, {"price": "0.32", "size": "565"}, {"price": "0.31", "size": "1681"}, {"price": "0.3", "size": "171.96"}, {"price": "0.29", "size": "28"}], "event_type": "book", "last_trade_price": "0.280"}]}
{"_local_timestamp": "2026-01-25T23:33:33.394218+00:00", "data": {"market": "0x06765bcf1c6086a944010ba076ee46baf1ad0e8185f78403f7d412b1f89ed553", "price_changes": [{"asset_id": "101345095261639287686326321165307329563286252573452527237500468714748213587044", "price": "0.22", "size": "150", "side": "BUY", "hash": "e33d80ffd0bd7ed0c9a361bbcf78423b85393df1", "best_bid": "0.71", "best_ask": "0.73"}, {"asset_id": "55214467056666747655533436499936424574734476284409703831385732503436728082773", "price": "0.78", "size": "150", "side": "SELL", "hash": "4ba7ada3dd3de02f4829f6f6224e0a2a50a297e8", "best_bid": "0.27", "best_ask": "0.29"}], "timestamp": "1769384013173", "event_type": "price_change"}}
{"_local_timestamp": "2026-01-25T23:33:33.710066+00:00", "data": {"market": "0x06765bcf1c6086a944010ba076ee46baf1ad0e8185f78403f7d412b1f89ed553", "price_changes": [{"asset_id": "101345095261639287686326321165307329563286252573452527237500468714748213587044", "price": "0.2", "size": "550", "side": "BUY", "hash": "00ce91d9b1c7bc998831f7e4347e4f35c70addf0", "best_bid": "0.71", "best_ask": "0.73"}, {"asset_id": "55214467056666747655533436499936424574734476284409703831385732503436728082773", "price": "0.8", "size": "550", "side": "SELL", "hash": "3549484e0f5121bc69157b7921a4e5686ff70763", "best_bid": "0.27", "best_ask": "0.29"}], "timestamp": "1769384013540", "event_type": "price_change"}}
{"_local_timestamp": "2026-01-25T23:33:38.532919+00:00", "data": {"market": "0x06765bcf1c6086a944010ba076ee46baf1ad0e8185f78403f7d412b1f89ed553", "price_changes": [{"asset_id": "101345095261639287686326321165307329563286252573452527237500468714748213587044", "price": "0.22", "size": "2058", "side": "BUY", "hash": "b7807acff4b86f5d365d70fd90dc456941d93aa4", "best_bid": "0.71", "best_ask": "0.73"}, {"asset_id": "55214467056666747655533436499936424574734476284409703831385732503436728082773", "price": "0.78", "size": "2058", "side": "SELL", "hash": "daad9d94a37a76c17ad43d9d74be684830470a30", "best_bid": "0.27", "best_ask": "0.29"}], "timestamp": "1769384018467", "event_type": "price_change"}}
{"_local_timestamp": "2026-01-25T23:33:40.300437+00:00", "data": {"market": "0x06765bcf1c6086a944010ba076ee46baf1ad0e8185f78403f7d412b1f89ed553", "price_changes": [{"asset_id": "101345095261639287686326321165307329563286252573452527237500468714748213587044", "price": "0.22", "size": "2008", "side": "BUY", "hash": "b399878128d8625dd334c59e6718833d94171eec", "best_bid": "0.71", "best_ask": "0.73"}, {"asset_id": "55214467056666747655533436499936424574734476284409703831385732503436728082773", "price": "0.78", "size": "2008", "side": "SELL", "hash": "1327162c92eac37986dd7f62a130585c6df34bc6", "best_bid": "0.27", "best_ask": "0.29"}], "timestamp": "1769384020097", "event_type": "price_change"}}
{"_local_timestamp": "2026-01-25T23:33:40.778715+00:00", "data": {"market": "0x06765bcf1c6086a944010ba076ee46baf1ad0e8185f78403f7d412b1f89ed553", "price_changes": [{"asset_id": "101345095261639287686326321165307329563286252573452527237500468714748213587044", "price": "0.21", "size": "65.22", "side": "BUY", "hash": "8c4ed3f859b0f85b02adfb4b0c935238a44409c1", "best_bid": "0.71", "best_ask": "0.73"}, {"asset_id": "55214467056666747655533436499936424574734476284409703831385732503436728082773", "price": "0.79", "size": "65.22", "side": "SELL", "hash": "223e7390f70e9d955a3d29d15b53219e2f88cfeb", "best_bid": "0.27", "best_ask": "0.29"}], "timestamp": "1769384020558", "event_type": "price_change"}}
