{"_local_timestamp": "2026-01-25T23:40:41.588994+00:00", "data": [{"market": "0xb7d7a89191e04ef38ecca518fe97aee48d0f32b4d95f771253a4e73574fa1c7e", "asset_id": "37648531592945889337991467548024111243126995940431591609411093035274497826158", "timestamp": "1769384440601", "hash": "a055f94d09d0400ce16362e04d91db226f19bbb5", "bids": [{"price": "0.001", "size": "8114.14"}, {"price": "0.002", "size": "1250"}, {"price": "0.003", "size": "1172.67"}, {"price": "0.006", "size": "83"}, {"price": "0.007", "size": "9.56"}, {"price": "0.01", "size": "4650"}, {"price": "0.02", "size": "1987"}, {"price": "0.021", "size": "14.63"}, {"price": "0.05", "size": "30"}, {"price": "0.051", "size": "39"}, {"price": "0.1", "size": "860"}, {"price": "0.101", "size": "5.89"}, {"price": "0.15", "size": "551.66"}, {"price": "0.2", "size": "910"}, {"price": "0.201", "size": "796"}, {"price": "0.202", "size": "50"}, {"price": "0.24", "size": "166.66"}, {"price": "0.268", "size": "100"}, {"price": "0.269", "size": "1560"}, {"price": "0.27", "size": "50"}, {"price": "0.271", "size": "25"}, {"price": "0.29", "size": "89.65"}, {"price": "0.34", "size": "70.58"}, {"price": "0.38", "size": "200"}, {"price": "0.39", "size": "51.28"}, {"price": "0.399", "size": "1632"}, {"price": "0.5", "size": "240"}, {"price": "0.57", "size": "23.25"}, {"price": "0.6", "size": "100"}, {"price": "0.61", "size": "555"}, {"price": "0.62", "size": "11"}, {"price": "0.7", "size": "100"}, {"price": "0.8", "size": "100"}, {"price": "0.838", "size": "6.25"}, {"price": "0.85", "size": "100"}, {"price": "0.88", "size": "100"}, {"price": "0.9", "size": "100"}, {"price": "0.903", "size": "206.37"}, {"price": "0.91", "size": "100"}, {"price": "0.92", "size": "111"}, {"price": "0.93", "size": "700"}, {"price": "0.935", "size": "600"}, {"price": "0.94", "size": "200"}, {"price": "0.95", "size": "311"}, {"price": "0.951", "size": "206"}, {"price": "0.96", "size": "200"}, {"price": "0.966", "size": "15"}, {"price": "0.968", "size": "628.08"}], "asks": [{"price": "0.999", "size": "14346.99"}, {"price": "0.998", "size": "3681.17"}, {"price": "0.997", "size": "1010.06"}, {"price": "0.996", "size": "1007.51"}, {"price": "0.995", "size": "1011.92"}, {"price": "0.994", "size": "250"}, {"price": "0.993", "size": "16.78"}, {"price": "0.99", "size": "1570.72"}, {"price": "0.989", "size": "7.87"}, {"price": "0.988", "size": "1350"}, {"price": "0.987", "size": "100"}, {"price": "0.986", "size": "6.09"}, {"price": "0.985", "size": "500"}, {"price": "0.984", "size": "500"}, {"price": "0.983", "size": "5.2"}, {"price": "0.98", "size": "813.19"}, {"price": "0.977", "size": "112.5"}, {"price": "0.974", "size": "2150"}, {"price": "0.973", "size": "530"}, {"price": "0.972", "size": "600"}, {"price": "0.971", "size": "1700"}, {"price": "0.97", "size": "1139.21"}, {"price": "0.969", "size": "35.31"}], "event_type": "book", "last_trade_price": "0.030"}, {"market": "0xb7d7a89191e04ef38ecca518fe97aee48d0f32b4d95f771253a4e73574fa1c7e", "asset_id": "109957996743505691653859282256585186992725650936429999982119927701494880273493", "timestamp": "1769384440601", "hash": "e1f53b9f4c2c8a1dc78c4b6cb09b977fe783b1ea", "bids": [{"price": "0.001", "size": "14346.99"}, {"price": "0.002", "size": "3681.17"}, {"price": "0.003", "size": "1010.06"}, {"price": "0.004", "size": "1007.51"}, {"price": "0.005", "size": "1011.92"}, {"price": "0.006", "size": "250"}, {"price": "0.007", "size": "16.78"}, {"price": "0.01", "size": "1570.72"}, {"price": "0.011", "size": "7.87"}, {"price": "0.012", "size": "1350"}, {"price": "0.013", "size": "100"}, {"price": "0.014", "size": "6.09"}, {"price": "0.015", "size": "500"}, {"price": "0.016", "size": "500"}, {"price": "0.017", "size": "5.2"}, {"price": "0.02", "size": "813.19"}, {"price": "0.023", "size": "112.5"}, {"price": "0.026", "size": "2150"}, {"price": "0.027", "size": "530"}, {"price": "0.028", "size": "600"}, {"price": "0.029", "size": "1700"}, {"price": "0.03", "size": "1139.21"}, {"price": "0.031", "size": "35.31"}], "asks": [{"price": "0.999", "size": "8114.14"}, {"price": "0.998", "size": "1250"}, {"price": "0.997", "size": "1172.67"}, {"price": "0.994", "size": "83"}, {"price": "0.993", "size": "9.56"}, {"price": "0.99", "size": "4650"}, {"price": "0.98", "size": "1987"}, {"price": "0.979", "size": "14.63"}, {"price": "0.95", "size": "30"}, {"price": "0.949", "size": "39"}, {"price": "0.9", "size": "860"}, {"price": "0.899", "size": "5.89"}, {"price": "0.85", "size": "551.66"}, {"price": "0.8", "size": "910"}, {"price": "0.799", "size": "796"}, {"price": "0.798", "size": "50"}, {"price": "0.76", "size": "166.66"}, {"price": "0.732", "size": "100"}, {"price": "0.731", "size": "1560"}, {"price": "0.73", "size": "50"}, {"price": "0.729", "size": "25"}, {"price": "0.71", "size": "89.65"}, {"price": "0.66", "size": "70.58"}, {"price": "0.62", "size": "200"}, {"price": "0.61", "size": "51.28"}, {"price": "0.601", "size": "1632"}, {"price": "0.5", "size": "240"}, {"price": "0.43", "size": "23.25"}, {"price": "0.4", "size": "100"}, {"price": "0.39", "size": "555"}, {"price": "0.38", "size": "11"}, {"price": "0.3", "size": "100"}, {"price": "0.2", "size": "100"}, {"price": "0.162", "size": "6.25"}, {"price": "0.15", "size": "100"}, {"price": "0.12", "size": "100"}, {"price": "0.1", "size": "100"}, {"price": "0.097", "size": "206.37"}, {"price": "0.09", "size": "100"}, {"price": "0.08", "size": "111"}, {"price": "0.07", "size": "700"}, {"price": "0.065", "size": "600"}, {"price": "0.06", "size": "200"}, {"price": "0.05", "size": "311"}, {"price": "0.049", "size": "206"}, {"price": "0.04", "size": "200"}, {"price": "0.034", "size": "15"}, {"price": "0.032", "size": "628.08"}], "event_type": "book", "last_trade_price": "0.030"}]}
{"_local_timestamp": "2026-01-25T23:41:43.894756+00:00", "data": {"market": "0xb7d7a89191e04ef38ecca518fe97aee48d0f32b4d95f771253a4e73574fa1c7e", "price_changes": [{"asset_id": "109957996743505691653859282256585186992725650936429999982119927701494880273493", "price": "0.023", "size": "100", "side": "BUY", "hash": "eb0d5d18834e53f270e3b43589f9e15e04449e9d", "best_bid": "0.031", "best_ask": "0.032"}, {"asset_id": "37648531592945889337991467548024111243126995940431591609411093035274497826158", "price": "0.977", "size": "100", "side": "SELL", "hash": "eec47a1b125e45deea7ba0b2d74732d8500062ef", "best_bid": "0.968", "best_ask": "0.969"}], "timestamp": "1769384503818", "event_type": "price_change"}}
{"_local_timestamp": "2026-01-25T23:41:47.459190+00:00", "data": {"market": "0xb7d7a89191e04ef38ecca518fe97aee48d0f32b4d95f771253a4e73574fa1c7e", "price_changes": [{"asset_id": "109957996743505691653859282256585186992725650936429999982119927701494880273493", "price": "0.024", "size": "7.26", "side": "BUY", "hash": "81590b342fe61dbd7beba3c21ee0f5547df7164c", "best_bid": "0.031", "best_ask": "0.032"}, {"asset_id": "37648531592945889337991467548024111243126995940431591609411093035274497826158", "price": "0.976", "size": "7.26", "side": "SELL", "hash": "1f261cd9ce2ae99d708acc14611d4c555698ecb8", "best_bid": "0.968", "best_ask": "0.969"}], "timestamp": "1769384507390", "event_type": "price_change"}}
{"_local_timestamp": "2026-01-25T23:41:47.459724+00:00", "data": {"market": "0xb7d7a89191e04ef38ecca518fe97aee48d0f32b4d95f771253a4e73574fa1c7e", "price_changes": [{"asset_id": "109957996743505691653859282256585186992725650936429999982119927701494880273493", "price": "0.017", "size": "11.86", "side": "BUY", "hash": "09ace6877c86de3a781a0e6c286d93298abf3dc6", "best_bid": "0.031", "best_ask": "0.032"}, {"asset_id": "37648531592945889337991467548024111243126995940431591609411093035274497826158", "price": "0.983", "size": "11.86", "side": "SELL", "hash": "b3ab4bdd671db57e5bf764df7da5c2cbe8f74d03", "best_bid": "0.968", "best_ask": "0.969"}], "timestamp": "1769384507391", "event_type": "price_change"}}
{"_local_timestamp": "2026-01-25T23:41:49.900783+00:00", "data": {"market": "0xb7d7a89191e04ef38ecca518fe97aee48d0f32b4d95f771253a4e73574fa1c7e", "price_changes": [{"asset_id": "109957996743505691653859282256585186992725650936429999982119927701494880273493", "price": "0.023", "size": "0", "side": "BUY", "hash": "d5d96d7f4be7eb5c758ec8c1f68ed08d9ab0588a", "best_bid": "0.031", "best_ask": "0.032"}, {"asset_id": "37648531592945889337991467548024111243126995940431591609411093035274497826158", "price": "0.977", "size": "0", "side": "SELL", "hash": "5fc372fee919438228ee04de2190e1eeb02e2dff", "best_bid": "0.968", "best_ask": "0.969"}], "timestamp": "1769384509815", "event_type": "price_change"}}
{"_local_timestamp": "2026-01-25T23:41:50.915690+00:00", "data": {"market": "0xb7d7a89191e04ef38ecca518fe97aee48d0f32b4d95f771253a4e73574fa1c7e", "price_changes": [{"asset_id": "37648531592945889337991467548024111243126995940431591609411093035274497826158", "price": "0.268", "size": "0", "side": "BUY", "hash": "b5dc79a213210e05cf716c6f5957b0b10012a10c", "best_bid": "0.968", "best_ask": "0.969"}, {"asset_id": "109957996743505691653859282256585186992725650936429999982119927701494880273493", "price": "0.732", "size": "0", "side": "SELL", "hash": "ecc15f32bdb6cbe3268cd50347e5a6635d6cc0de", "best_bid": "0.031", "best_ask": "0.032"}], "timestamp": "1769384510753", "event_type": "price_change"}}
{"_local_timestamp": "2026-01-25T23:41:52.614952+00:00", "data": {"market": "0xb7d7a89191e04ef38ecca518fe97aee48d0f32b4d95f771253a4e73574fa1c7e", "price_changes": [{"asset_id": "37648531592945889337991467548024111243126995940431591609411093035274497826158", "price": "0.269", "size": "1660", "side": "BUY", "hash": "f85aef927e57af7313f73e6f621d395875e9dcff", "best_bid": "0.968", "best_ask": "0.969"}, {"asset_id": "109957996743505691653859282256585186992725650936429999982119927701494880273493", "price": "0.731", "size": "1660", "side": "SELL", "hash": "8f70b9ca2d9827cc1363a8da0d9d877994dc7c85", "best_bid": "0.031", "best_ask": "0.032"}], "timestamp": "1769384511751", "event_type": "price_change"}}
{"_local_timestamp": "2026-01-25T23:41:53.451603+00:00", "data": {"market": "0xb7d7a89191e04ef38ecca518fe97aee48d0f32b4d95f771253a4e73574fa1c7e", "price_changes": [{"asset_id": "109957996743505691653859282256585186992725650936429999982119927701494880273493", "price": "0.024", "size": "107.26", "side": "BUY", "hash": "5357213f9f896ccec3c8c9b9edd561141a9fd644", "best_bid": "0.031", "best_ask": "0.032"}, {"asset_id": "37648531592945889337991467548024111243126995940431591609411093035274497826158", "price": "0.976", "size": "107.26", "side": "SELL", "hash": "f0234970648efc2f0963d63e3a05ede3d25979e6", "best_bid": "0.968", "best_ask": "0.969"}], "timestamp": "1769384513383", "event_type": "price_change"}}
{"_local_timestamp": "2026-01-25T23:42:24.739452+00:00", "data": {"market": "0xb7d7a89191e04ef38ecca518fe97aee48d0f32b4d95f771253a4e73574fa1c7e", "price_changes": [{"asset_id": "37648531592945889337991467548024111243126995940431591609411093035274497826158", "price": "0.24", "size": "116.66", "side": "BUY", "hash": "9d93bf785d5b89d813a2ae9bbe35c9e1402a67a0", "best_bid": "0.968", "best_ask": "0.969"}, {"asset_id": "109957996743505691653859282256585186992725650936429999982119927701494880273493", "price": "0.76", "size": "116.66", "side": "SELL", "hash": "4f8b03edce6baa845ad75d31519bd0870e308fa0", "best_bid": "0.031", "best_ask": "0.032"}], "timestamp": "1769384544488", "event_type": "price_change"}}
{"_local_timestamp": "2026-01-25T23:42:25.133172+00:00", "data": {"market": "0xb7d7a89191e04ef38ecca518fe97aee48d0f32b4d95f771253a4e73574fa1c7e", "price_changes": [{"asset_id": "37648531592945889337991467548024111243126995940431591609411093035274497826158", "price": "0.269", "size": "1710", "side": "BUY", "hash": "e3758cdc83ab4a58bac48c0f24b72b21c657c0f5", "best_bid": "0.968", "best_ask": "0.969"}, {"asset_id": "109957996743505691653859282256585186992725650936429999982119927701494880273493", "price": "0.731", "size": "1710", "side": "SELL", "hash": "bf4477dc8d554149a157bd2fb7e61386bebe4dae", "best_bid": "0.031", "best_ask": "0.032"}], "timestamp": "1769384544927", "event_type": "price_change"}}
{"_local_timestamp": "2026-01-25T23:42:45.451472+00:00", "data": {"market": "0xb7d7a89191e04ef38ecca518fe97aee48d0f32b4d95f771253a4e73574fa1c7e", "price_changes": [{"asset_id": "37648531592945889337991467548024111243126995940431591609411093035274497826158", "price": "0.202", "size": "0", "side": "BUY", "hash": "c1c18ba89870f6e42b32617e46098f33bc8f9c02", "best_bid": "0.968", "best_ask": "0.969"}, {"asset_id": "109957996743505691653859282256585186992725650936429999982119927701494880273493", "price": "0.798", "size": "0", "side": "SELL", "hash": "9027b9c37ba3279658d0efb476038d44f56788ff", "best_bid": "0.031", "best_ask": "0.032"}], "timestamp": "1769384565222", "event_type": "price_change"}}
{"_local_timestamp": "2026-01-25T23:42:45.760089+00:00", "data": {"market": "0xb7d7a89191e04ef38ecca518fe97aee48d0f32b4d95f771253a4e73574fa1c7e", "price_changes": [{"asset_id": "37648531592945889337991467548024111243126995940431591609411093035274497826158", "price": "0.2", "size": "960", "side": "BUY", "hash": "06f70c9e4a7c1fcb7178656bd34e73f622bdfdd1", "best_bid": "0.968", "best_ask": "0.969"}, {"asset_id": "109957996743505691653859282256585186992725650936429999982119927701494880273493", "price": "0.8", "size": "960", "side": "SELL", "hash": "2c24c8a963951f1981a7032178ad6ffecd42a69c", "best_bid": "0.031", "best_ask": "0.032"}], "timestamp": "1769384565593", "event_type": "price_change"}}
{"_local_timestamp": "2026-01-25T23:42:47.211295+00:00", "data": {"market": "0xb7d7a89191e04ef38ecca518fe97aee48d0f32b4d95f771253a4e73574fa1c7e", "price_changes": [{"asset_id": "37648531592945889337991467548024111243126995940431591609411093035274497826158", "price": "0.269", "size": "150", "side": "BUY", "hash": "5003d576a94cfa6fe73708be7c1f71eee2e11bd5", "best_bid": "0.968", "best_ask": "0.969"}, {"asset_id": "109957996743505691653859282256585186992725650936429999982119927701494880273493", "price": "0.731", "size": "150", "side": "SELL", "hash": "7a3ed48331e355609f2c852b41139b4675526f7c", "best_bid": "0.031", "best_ask": "0.032"}], "timestamp": "1769384566988", "event_type": "price_change"}}
{"_local_timestamp": "2026-01-25T23:43:04.776726+00:00", "data": {"market": "0xb7d7a89191e04ef38ecca518fe97aee48d0f32b4d95f771253a4e73574fa1c7e", "price_changes": [{"asset_id": "37648531592945889337991467548024111243126995940431591609411093035274497826158", "price": "0.241", "size": "1742", "side": "BUY", "hash": "5c9a07de9b98d7a3d6da9a6a37b0f2242ef2a093", "best_bid": "0.968", "best_ask": "0.969"}, {"asset_id": "109957996743505691653859282256585186992725650936429999982119927701494880273493", "price": "0.759", "size": "1742", "side": "SELL", "hash": "4a02db9bf6cfc8228bb85d1e4c2304c39d1194ef", "best_bid": "0.031", "best_ask": "0.032"}], "timestamp": "1769384584633", "event_type": "price_change"}}
{"_local_timestamp": "2026-01-25T23:44:32.391540+00:00", "data": {"market": "0xb7d7a89191e04ef38ecca518fe97aee48d0f32b4d95f771253a4e73574fa1c7e", "price_changes": [{"asset_id": "37648531592945889337991467548024111243126995940431591609411093035274497826158", "price": "0.241", "size": "0", "side": "BUY", "hash": "7834502e267ad52fcf4db1bfc8ca79e14abe3b27", "best_bid": "0.968", "best_ask": "0.969"}, {"asset_id": "109957996743505691653859282256585186992725650936429999982119927701494880273493", "price": "0.759", "size": "0", "side": "SELL", "hash": "d3b6983699b408d54e23d7924bf718386deaf593", "best_bid": "0.031", "best_ask": "0.032"}], "timestamp": "1769384672291", "event_type": "price_change"}}
{"_local_timestamp": "2026-01-25T23:44:57.849149+00:00", "data": {"market": "0xb7d7a89191e04ef38ecca518fe97aee48d0f32b4d95f771253a4e73574fa1c7e", "price_changes": [{"asset_id": "37648531592945889337991467548024111243126995940431591609411093035274497826158", "price": "0.2", "size": "910", "side": "BUY", "hash": "30687d687018ecf225d18b880873f0404b11443a", "best_bid": "0.968", "best_ask": "0.969"}, {"asset_id": "109957996743505691653859282256585186992725650936429999982119927701494880273493", "price": "0.8", "size": "910", "side": "SELL", "hash": "811d8c8c04285234c7b53f6da16bf79fdc68bf7c", "best_bid": "0.031", "best_ask": "0.032"}], "timestamp": "1769384697743", "event_type": "price_change"}}
{"_local_timestamp": "2026-01-25T23:44:58.387984+00:00", "data": {"market": "0xb7d7a89191e04ef38ecca518fe97aee48d0f32b4d95f771253a4e73574fa1c7e", "price_changes": [{"asset_id": "37648531592945889337991467548024111243126995940431591609411093035274497826158", "price": "0.241", "size": "50", "side": "BUY", "hash": "c54c02ada880718175b4ede7dde83016e617b61d", "best_bid": "0.968", "best_ask": "0.969"}, {"asset_id": "109957996743505691653859282256585186992725650936429999982119927701494880273493", "price": "0.759", "size": "50", "side": "SELL", "hash": "4d2da2543ab2831c710db5c181a20f801f68fe2b", "best_bid": "0.031", "best_ask": "0.032"}], "timestamp": "1769384698231", "event_type": "price_change"}}
{"_local_timestamp": "2026-01-25T23:45:25.516390+00:00", "data": {"market": "0xb7d7a89191e04ef38ecca518fe97aee48d0f32b4d95f771253a4e73574fa1c7e", "price_changes": [{"asset_id": "37648531592945889337991467548024111243126995940431591609411093035274497826158", "price": "0.27", "size": "1604", "side": "BUY", "hash": "6c2df9b8e8bb28e554ea86d8e357c483ab867ff3", "best_bid": "0.968", "best_ask": "0.969"}, {"asset_id": "109957996743505691653859282256585186992725650936429999982119927701494880273493", "price": "0.73", "size": "1604", "side": "SELL", "hash": "7136e16b1d9b6bd231311d328c67a275125ec10e", "best_bid": "0.031", "best_ask": "0.032"}], "timestamp": "1769384725454", "event_type": "price_change"}}
{"_local_timestamp": "2026-01-25T23:45:26.671551+00:00", "data": {"market": "0xb7d7a89191e04ef38ecca518fe97aee48d0f32b4d95f771253a4e73574fa1c7e", "price_changes": [{"asset_id": "109957996743505691653859282256585186992725650936429999982119927701494880273493", "price": "0.032", "size": "14.53", "side": "SELL", "hash": "ea5f5fdc9062bf13e82952ec8eb6b220ed39750f", "best_bid": "0.031", "best_ask": "0.032"}, {"asset_id": "37648531592945889337991467548024111243126995940431591609411093035274497826158", "price": "0.968", "size": "14.53", "side": "BUY", "hash": "b7749374c24338c979d4d5667784df630a1f1971", "best_bid": "0.968", "best_ask": "0.969"}], "timestamp": "1769384726600", "event_type": "price_change"}}
{"_local_timestamp": "2026-01-25T23:45:26.672188+00:00", "data": {"market": "0xb7d7a89191e04ef38ecca518fe97aee48d0f32b4d95f771253a4e73574fa1c7e", "asset_id": "109957996743505691653859282256585186992725650936429999982119927701494880273493", "bids": [{"price": "0.001", "size": "14346.99"}, {"price": "0.002", "size": "3681.17"}, {"price": "0.003", "size": "1010.06"}, {"price": "0.004", "size": "1007.51"}, {"price": "0.005", "size": "1011.92"}, {"price": "0.006", "size": "250"}, {"price": "0.007", "size": "16.78"}, {"price": "0.01", "size": "1570.72"}, {"price": "0.011", "size": "7.87"}, {"price": "0.012", "size": "1350"}, {"price": "0.013", "size": "100"}, {"price": "0.014", "size": "6.09"}, {"price": "0.015", "size": "500"}, {"price": "0.016", "size": "500"}, {"price": "0.017", "size": "11.86"}, {"price": "0.02", "size": "813.19"}, {"price": "0.024", "size": "107.26"}, {"price": "0.026", "size": "2150"}, {"price": "0.027", "size": "530"}, {"price": "0.028", "size": "600"}, {"price": "0.029", "size": "1700"}, {"price": "0.03", "size": "1139.21"}, {"price": "0.031", "size": "35.31"}], "asks": [{"price": "0.999", "size": "8114.14"}, {"price": "0.998", "size": "1250"}, {"price": "0.997", "size": "1172.67"}, {"price": "0.994", "size": "83"}, {"price": "0.993", "size": "9.56"}, {"price": "0.99", "size": "4650"}, {"price": "0.98", "size": "1987"}, {"price": "0.979", "size": "14.63"}, {"price": "0.95", "size": "30"}, {"price": "0.949", "size": "39"}, {"price": "0.9", "size": "860"}, {"price": "0.899", "size": "5.89"}, {"price": "0.85", "size": "551.66"}, {"price": "0.8", "size": "910"}, {"price": "0.799", "size": "796"}, {"price": "0.76", "size": "116.66"}, {"price": "0.759", "size": "50"}, {"price": "0.731", "size": "150"}, {"price": "0.73", "size": "1604"}, {"price": "0.729", "size": "25"}, {"price": "0.71", "size": "89.65"}, {"price": "0.66", "size": "70.58"}, {"price": "0.62", "size": "200"}, {"price": "0.61", "size": "51.28"}, {"price": "0.601", "size": "1632"}, {"price": "0.5", "size": "240"}, {"price": "0.43", "size": "23.25"}, {"price": "0.4", "size": "100"}, {"price": "0.39", "size": "555"}, {"price": "0.38", "size": "11"}, {"price": "0.3", "size": "100"}, {"price": "0.2", "size": "100"}, {"price": "0.162", "size": "6.25"}, {"price": "0.15", "size": "100"}, {"price": "0.12", "size": "100"}, {"price": "0.1", "size": "100"}, {"price": "0.097", "size": "206.37"}, {"price": "0.09", "size": "100"}, {"price": "0.08", "size": "111"}, {"price": "0.07", "size": "700"}, {"price": "0.065", "size": "600"}, {"price": "0.06", "size": "200"}, {"price": "0.05", "size": "311"}, {"price": "0.049", "size": "206"}, {"price": "0.04", "size": "200"}, {"price": "0.034", "size": "15"}, {"price": "0.032", "size": "14.53"}], "hash": "ea5f5fdc9062bf13e82952ec8eb6b220ed39750f", "timestamp": "1769384726600", "event_type": "book"}}
{"_local_timestamp": "2026-01-25T23:45:26.672987+00:00", "data": {"market": "0xb7d7a89191e04ef38ecca518fe97aee48d0f32b4d95f771253a4e73574fa1c7e", "asset_id": "37648531592945889337991467548024111243126995940431591609411093035274497826158", "bids": [{"price": "0.001", "size": "8114.14"}, {"price": "0.002", "size": "1250"}, {"price": "0.003", "size": "1172.67"}, {"price": "0.006", "size": "83"}, {"price": "0.007", "size": "9.56"}, {"price": "0.01", "size": "4650"}, {"price": "0.02", "size": "1987"}, {"price": "0.021", "size": "14.63"}, {"price": "0.05", "size": "30"}, {"price": "0.051", "size": "39"}, {"price": "0.1", "size": "860"}, {"price": "0.101", "size": "5.89"}, {"price": "0.15", "size": "551.66"}, {"price": "0.2", "size": "910"}, {"price": "0.201", "size": "796"}, {"price": "0.24", "size": "116.66"}, {"price": "0.241", "size": "50"}, {"price": "0.269", "size": "150"}, {"price": "0.27", "size": "1604"}, {"price": "0.271", "size": "25"}, {"price": "0.29", "size": "89.65"}, {"price": "0.34", "size": "70.58"}, {"price": "0.38", "size": "200"}, {"price": "0.39", "size": "51.28"}, {"price": "0.399", "size": "1632"}, {"price": "0.5", "size": "240"}, {"price": "0.57", "size": "23.25"}, {"price": "0.6", "size": "100"}, {"price": "0.61", "size": "555"}, {"price": "0.62", "size": "11"}, {"price": "0.7", "size": "100"}, {"price": "0.8", "size": "100"}, {"price": "0.838", "size": "6.25"}, {"price": "0.85", "size": "100"}, {"price": "0.88", "size": "100"}, {"price": "0.9", "size": "100"}, {"price": "0.903", "size": "206.37"}, {"price": "0.91", "size": "100"}, {"price": "0.92", "size": "111"}, {"price": "0.93", "size": "700"}, {"price": "0.935", "size": "600"}, {"price": "0.94", "size": "200"}, {"price": "0.95", "size": "311"}, {"price": "0.951", "size": "206"}, {"price": "0.96", "size": "200"}, {"price": "0.966", "size": "15"}, {"price": "0.968", "size": "14.53"}], "asks": [{"price": "0.999", "size": "14346.99"}, {"price": "0.998", "size": "3681.17"}, {"price": "0.997", "size": "1010.06"}, {"price": "0.996", "size": "1007.51"}, {"price": "0.995", "size": "1011.92"}, {"price": "0.994", "size": "250"}, {"price": "0.993", "size": "16.78"}, {"price": "0.99", "size": "1570.72"}, {"price": "0.989", "size": "7.87"}, {"price": "0.988", "size": "1350"}, {"price": "0.987", "size": "100"}, {"price": "0.986", "size": "6.09"}, {"price": "0.985", "size": "500"}, {"price": "0.984", "size": "500"}, {"price": "0.983", "size": "11.86"}, {"price": "0.98", "size": "813.19"}, {"price": "0.976", "size": "107.26"}, {"price": "0.974", "size": "2150"}, {"price": "0.973", "size": "530"}, {"price": "0.972", "size": "600"}, {"price": "0.971", "size": "1700"}, {"price": "0.97", "size": "1139.21"}, {"price": "0.969", "size": "35.31"}], "hash": "b7749374c24338c979d4d5667784df630a1f1971", "timestamp": "1769384726600", "event_type": "book"}}
{"_local_timestamp": "2026-01-25T23:45:26.702059+00:00", "data": {"market": "0xb7d7a89191e04ef38ecca518fe97aee48d0f32b4d95f771253a4e73574fa1c7e", "asset_id": "37648531592945889337991467548024111243126995940431591609411093035274497826158", "price": "0.968", "size": "613.55", "fee_rate_bps": "0", "side": "SELL", "timestamp": "1769384726631", "event_type": "last_trade_price", "transaction_hash": "0x585f6729ec6fad81ee652d46b8315c6b3ba005772a51ef4257926ed71922bd36"}}
{"_local_timestamp": "2026-01-25T23:45:26.928481+00:00", "data": {"market": "0xb7d7a89191e04ef38ecca518fe97aee48d0f32b4d95f771253a4e73574fa1c7e", "price_changes": [{"asset_id": "109957996743505691653859282256585186992725650936429999982119927701494880273493", "price": "0.039", "size": "30", "side": "SELL", "hash": "4801f011117a15c8e80b941421c0ab856e9a2b78", "best_bid": "0.031", "best_ask": "0.032"}, {"asset_id": "37648531592945889337991467548024111243126995940431591609411093035274497826158", "price": "0.961", "size": "30", "side": "BUY", "hash": "1fae63acfc1341d80e5d3cadb5100aa33b47b909", "best_bid": "0.968", "best_ask": "0.969"}], "timestamp": "1769384726867", "event_type": "price_change"}}
{"_local_timestamp": "2026-01-25T23:45:27.203811+00:00", "data": {"market": "0xb7d7a89191e04ef38ecca518fe97aee48d0f32b4d95f771253a4e73574fa1c7e", "price_changes": [{"asset_id": "109957996743505691653859282256585186992725650936429999982119927701494880273493", "price": "0.049", "size": "0", "side": "SELL", "hash": "73d2c3eb48a13b9060aa986676571a69969099d2", "best_bid": "0.031", "best_ask": "0.032"}, {"asset_id": "37648531592945889337991467548024111243126995940431591609411093035274497826158", "price": "0.951", "size": "0", "side": "BUY", "hash": "32c2ebea2e43c9f003be303bdb04137c8e0dc55b", "best_bid": "0.968", "best_ask": "0.969"}], "timestamp": "1769384726902", "event_type": "price_change"}}
{"_local_timestamp": "2026-01-25T23:45:31.151329+00:00", "data": {"market": "0xb7d7a89191e04ef38ecca518fe97aee48d0f32b4d95f771253a4e73574fa1c7e", "price_changes": [{"asset_id": "37648531592945889337991467548024111243126995940431591609411093035274497826158", "price": "0.961", "size": "60", "side": "BUY", "hash": "ae128ddcb41a5fe2d70f4cbd0ace6262a26c3ccf", "best_bid": "0.968", "best_ask": "0.969"}, {"asset_id": "109957996743505691653859282256585186992725650936429999982119927701494880273493", "price": "0.039", "size": "60", "side": "SELL", "hash": "ed21056238219ccc13bc6961c895b6b9649a729c", "best_bid": "0.031", "best_ask": "0.032"}], "timestamp": "1769384731088", "event_type": "price_change"}}
{"_local_timestamp": "2026-01-25T23:45:50.912175+00:00", "data": {"market": "0xb7d7a89191e04ef38ecca518fe97aee48d0f32b4d95f771253a4e73574fa1c7e", "price_changes": [{"asset_id": "109957996743505691653859282256585186992725650936429999982119927701494880273493", "price": "0.017", "size": "5.2", "side": "BUY", "hash": "572577ae490d5d68eee52c73681f0d81831044e5", "best_bid": "0.031", "best_ask": "0.032"}, {"asset_id": "37648531592945889337991467548024111243126995940431591609411093035274497826158", "price": "0.983", "size": "5.2", "side": "SELL", "hash": "740b8d5f81932a46f88db9f845a61e09e36e5012", "best_bid": "0.968", "best_ask": "0.969"}], "timestamp": "1769384750844", "event_type": "price_change"}}
{"_local_timestamp": "2026-01-25T23:45:50.913301+00:00", "data": {"market": "0xb7d7a89191e04ef38ecca518fe97aee48d0f32b4d95f771253a4e73574fa1c7e", "price_changes": [{"asset_id": "109957996743505691653859282256585186992725650936429999982119927701494880273493", "price": "0.024", "size": "100", "side": "BUY", "hash": "572577ae490d5d68eee52c73681f0d81831044e5", "best_bid": "0.031", "best_ask": "0.032"}, {"asset_id": "37648531592945889337991467548024111243126995940431591609411093035274497826158", "price": "0.976", "size": "100", "side": "SELL", "hash": "740b8d5f81932a46f88db9f845a61e09e36e5012", "best_bid": "0.968", "best_ask": "0.969"}], "timestamp": "1769384750844", "event_type": "price_change"}}
{"_local_timestamp": "2026-01-25T23:45:51.230655+00:00", "data": {"market": "0xb7d7a89191e04ef38ecca518fe97aee48d0f32b4d95f771253a4e73574fa1c7e", "price_changes": [{"asset_id": "109957996743505691653859282256585186992725650936429999982119927701494880273493", "price": "0.021", "size": "6.16", "side": "BUY", "hash": "5a5a8fc7d7cad1b62a968cb6c682b3d363fcc272", "best_bid": "0.031", "best_ask": "0.032"}, {"asset_id": "37648531592945889337991467548024111243126995940431591609411093035274497826158", "price": "0.979", "size": "6.16", "side": "SELL", "hash": "716d294ae0846d3fbd241e98b9acc8b3a7e82755", "best_bid": "0.968", "best_ask": "0.969"}], "timestamp": "1769384751165", "event_type": "price_change"}}
{"_local_timestamp": "2026-01-25T23:45:51.231063+00:00", "data": {"market": "0xb7d7a89191e04ef38ecca518fe97aee48d0f32b4d95f771253a4e73574fa1c7e", "price_changes": [{"asset_id": "109957996743505691653859282256585186992725650936429999982119927701494880273493", "price": "0.025", "size": "6.32", "side": "BUY", "hash": "f655496b9260ecf7808528f91bcf20d6fe1a5f49", "best_bid": "0.031", "best_ask": "0.032"}, {"asset_id": "37648531592945889337991467548024111243126995940431591609411093035274497826158", "price": "0.975", "size": "6.32", "side": "SELL", "hash": "7af5345cbf8ffb6b7bbff0e37bfb332f49461552", "best_bid": "0.968", "best_ask": "0.969"}], "timestamp": "1769384751166", "event_type": "price_change"}}
{"_local_timestamp": "2026-01-25T23:45:53.205139+00:00", "data": {"market": "0xb7d7a89191e04ef38ecca518fe97aee48d0f32b4d95f771253a4e73574fa1c7e", "price_changes": [{"asset_id": "37648531592945889337991467548024111243126995940431591609411093035274497826158", "price": "0.269", "size": "100", "side": "BUY", "hash": "4bea45503e892fad5ca2a48fdea4bec6ec91ef85", "best_bid": "0.968", "best_ask": "0.969"}, {"asset_id": "109957996743505691653859282256585186992725650936429999982119927701494880273493", "price": "0.731", "size": "100", "side": "SELL", "hash": "8a5deb53586075c0b47a3efab078221f660afbf6", "best_bid": "0.031", "best_ask": "0.032"}], "timestamp": "1769384753014", "event_type": "price_change"}}
{"_local_timestamp": "2026-01-25T23:45:53.745452+00:00", "data": {"market": "0xb7d7a89191e04ef38ecca518fe97aee48d0f32b4d95f771253a4e73574fa1c7e", "price_changes": [{"asset_id": "37648531592945889337991467548024111243126995940431591609411093035274497826158", "price": "0.241", "size": "100", "side": "BUY", "hash": "6819b918aa69b7831cd9c49e712877d1a77571eb", "best_bid": "0.968", "best_ask": "0.969"}, {"asset_id": "109957996743505691653859282256585186992725650936429999982119927701494880273493", "price": "0.759", "size": "100", "side": "SELL", "hash": "49e3c68860b9d51420864a6504db586b463983ab", "best_bid": "0.031", "best_ask": "0.032"}], "timestamp": "1769384753534", "event_type": "price_change"}}
{"_local_timestamp": "2026-01-25T23:45:55.272855+00:00", "data": {"market": "0xb7d7a89191e04ef38ecca518fe97aee48d0f32b4d95f771253a4e73574fa1c7e", "price_changes": [{"asset_id": "109957996743505691653859282256585186992725650936429999982119927701494880273493", "price": "0.024", "size": "0", "side": "BUY", "hash": "85a7923ac9a60e27744ec48d2a4f04759afdd6e1", "best_bid": "0.031", "best_ask": "0.032"}, {"asset_id": "37648531592945889337991467548024111243126995940431591609411093035274497826158", "price": "0.976", "size": "0", "side": "SELL", "hash": "c835bfa030e50a8c63128b108f029d684c2715d8", "best_bid": "0.968", "best_ask": "0.969"}], "timestamp": "1769384755196", "event_type": "price_change"}}
{"_local_timestamp": "2026-01-25T23:45:56.520501+00:00", "data": {"market": "0xb7d7a89191e04ef38ecca518fe97aee48d0f32b4d95f771253a4e73574fa1c7e", "price_changes": [{"asset_id": "37648531592945889337991467548024111243126995940431591609411093035274497826158", "price": "0.271", "size": "0", "side": "BUY", "hash": "f0eb74bbcb64065b551dcf3504297f6fccbe2d6d", "best_bid": "0.968", "best_ask": "0.969"}, {"asset_id": "109957996743505691653859282256585186992725650936429999982119927701494880273493", "price": "0.729", "size": "0", "side": "SELL", "hash": "59f385766c356e409b8dfcdbb87b58c96f2f05d6", "best_bid": "0.031", "best_ask": "0.032"}], "timestamp": "1769384756084", "event_type": "price_change"}}
{"_local_timestamp": "2026-01-25T23:45:59.265463+00:00", "data": {"market": "0xb7d7a89191e04ef38ecca518fe97aee48d0f32b4d95f771253a4e73574fa1c7e", "price_changes": [{"asset_id": "109957996743505691653859282256585186992725650936429999982119927701494880273493", "price": "0.025", "size": "106.32", "side": "BUY", "hash": "4aff979d1a7b0eb8967014f3f05fe3201859aa3d", "best_bid": "0.031", "best_ask": "0.032"}, {"asset_id": "37648531592945889337991467548024111243126995940431591609411093035274497826158", "price": "0.975", "size": "106.32", "side": "SELL", "hash": "4ba5ccf7dd0bc2338d0d6907179e368617977c98", "best_bid": "0.968", "best_ask": "0.969"}], "timestamp": "1769384759194", "event_type": "price_change"}}
{"_local_timestamp": "2026-01-25T23:46:16.886518+00:00", "data": {"market": "0xb7d7a89191e04ef38ecca518fe97aee48d0f32b4d95f771253a4e73574fa1c7e", "price_changes": [{"asset_id": "37648531592945889337991467548024111243126995940431591609411093035274497826158", "price": "0.202", "size": "300", "side": "BUY", "hash": "573f263a17a2577c808d5629b605e6f0b5fab2e6", "best_bid": "0.968", "best_ask": "0.969"}, {"asset_id": "109957996743505691653859282256585186992725650936429999982119927701494880273493", "price": "0.798", "size": "300", "side": "SELL", "hash": "d638382296edf2094ddf8473346ab66edc79f3f2", "best_bid": "0.031", "best_ask": "0.032"}], "timestamp": "1769384776819", "event_type": "price_change"}}
{"_local_timestamp": "2026-01-25T23:46:41.869083+00:00", "data": {"market": "0xb7d7a89191e04ef38ecca518fe97aee48d0f32b4d95f771253a4e73574fa1c7e", "price_changes": [{"asset_id": "37648531592945889337991467548024111243126995940431591609411093035274497826158", "price": "0.935", "size": "500", "side": "BUY", "hash": "b17f8f3dd85d4e9bb8583a0066d1f517735b0ce6", "best_bid": "0.968", "best_ask": "0.969"}, {"asset_id": "109957996743505691653859282256585186992725650936429999982119927701494880273493", "price": "0.065", "size": "500", "side": "SELL", "hash": "886b42b3d692be145857b8beaac69e7f36cc6161", "best_bid": "0.031", "best_ask": "0.032"}], "timestamp": "1769384801762", "event_type": "price_change"}}
{"_local_timestamp": "2026-01-25T23:46:41.873864+00:00", "data": {"market": "0xb7d7a89191e04ef38ecca518fe97aee48d0f32b4d95f771253a4e73574fa1c7e", "price_changes": [{"asset_id": "109957996743505691653859282256585186992725650936429999982119927701494880273493", "price": "0.025", "size": "6.32", "side": "BUY", "hash": "1a3dfe66f9a294c068ab779248b5a36139fffc18", "best_bid": "0.031", "best_ask": "0.032"}, {"asset_id": "37648531592945889337991467548024111243126995940431591609411093035274497826158", "price": "0.975", "size": "6.32", "side": "SELL", "hash": "e6566e5d9c291c7a766ed571a7467abb5261cd93", "best_bid": "0.968", "best_ask": "0.969"}], "timestamp": "1769384801765", "event_type": "price_change"}}
{"_local_timestamp": "2026-01-25T23:46:44.566924+00:00", "data": {"market": "0xb7d7a89191e04ef38ecca518fe97aee48d0f32b4d95f771253a4e73574fa1c7e", "price_changes": [{"asset_id": "109957996743505691653859282256585186992725650936429999982119927701494880273493", "price": "0.025", "size": "106.32", "side": "BUY", "hash": "77b3ce712d80f9de2d27a3c41b264586ac6da8e4", "best_bid": "0.031", "best_ask": "0.032"}, {"asset_id": "37648531592945889337991467548024111243126995940431591609411093035274497826158", "price": "0.975", "size": "106.32", "side": "SELL", "hash": "c92f129659c1985555ce850b55e566e924e9ab69", "best_bid": "0.968", "best_ask": "0.969"}], "timestamp": "1769384804495", "event_type": "price_change"}}
{"_local_timestamp": "2026-01-25T23:46:50.976816+00:00", "data": {"market": "0xb7d7a89191e04ef38ecca518fe97aee48d0f32b4d95f771253a4e73574fa1c7e", "price_changes": [{"asset_id": "37648531592945889337991467548024111243126995940431591609411093035274497826158", "price": "0.269", "size": "0", "side": "BUY", "hash": "02314814af57b824bd72ea6f0a59c22230e24b3c", "best_bid": "0.968", "best_ask": "0.969"}, {"asset_id": "109957996743505691653859282256585186992725650936429999982119927701494880273493", "price": "0.731", "size": "0", "side": "SELL", "hash": "5b2afeb415867fb4a5fe0021b440197484bb0d20", "best_bid": "0.031", "best_ask": "0.032"}], "timestamp": "1769384810669", "event_type": "price_change"}}
{"_local_timestamp": "2026-01-25T23:46:51.089261+00:00", "data": {"market": "0xb7d7a89191e04ef38ecca518fe97aee48d0f32b4d95f771253a4e73574fa1c7e", "price_changes": [{"asset_id": "37648531592945889337991467548024111243126995940431591609411093035274497826158", "price": "0.935", "size": "600", "side": "BUY", "hash": "8cb52e8077464dcdc8c734e0b31ecf94b9d1836d", "best_bid": "0.968", "best_ask": "0.969"}, {"asset_id": "109957996743505691653859282256585186992725650936429999982119927701494880273493", "price": "0.065", "size": "600", "side": "SELL", "hash": "1afdd36d2ec0c2a32219e79c769d843811a9da59", "best_bid": "0.031", "best_ask": "0.032"}], "timestamp": "1769384810793", "event_type": "price_change"}}
{"_local_timestamp": "2026-01-25T23:46:51.633097+00:00", "data": {"market": "0xb7d7a89191e04ef38ecca518fe97aee48d0f32b4d95f771253a4e73574fa1c7e", "price_changes": [{"asset_id": "37648531592945889337991467548024111243126995940431591609411093035274497826158", "price": "0.241", "size": "200", "side": "BUY", "hash": "384b51ad1dc74942921c2e2768d61e7450a2984a", "best_bid": "0.968", "best_ask": "0.969"}, {"asset_id": "109957996743505691653859282256585186992725650936429999982119927701494880273493", "price": "0.759", "size": "200", "side": "SELL", "hash": "a601b5bde69b34b58b9bb0f30b8ee76c640ac93f", "best_bid": "0.031", "best_ask": "0.032"}], "timestamp": "1769384811241", "event_type": "price_change"}}
{"_local_timestamp": "2026-01-25T23:47:23.581199+00:00", "data": {"market": "0xb7d7a89191e04ef38ecca518fe97aee48d0f32b4d95f771253a4e73574fa1c7e", "price_changes": [{"asset_id": "37648531592945889337991467548024111243126995940431591609411093035274497826158", "price": "0.241", "size": "150", "side": "BUY", "hash": "32e4fabc59a34ae7d78d95646782460743cef463", "best_bid": "0.968", "best_ask": "0.969"}, {"asset_id": "109957996743505691653859282256585186992725650936429999982119927701494880273493", "price": "0.759", "size": "150", "side": "SELL", "hash": "dbd2341706fbb1ccdf33f46d883fbde1a4c35f9c", "best_bid": "0.031", "best_ask": "0.032"}], "timestamp": "1769384843409", "event_type": "price_change"}}
{"_local_timestamp": "2026-01-25T23:47:23.949456+00:00", "data": {"market": "0xb7d7a89191e04ef38ecca518fe97aee48d0f32b4d95f771253a4e73574fa1c7e", "price_changes": [{"asset_id": "37648531592945889337991467548024111243126995940431591609411093035274497826158", "price": "0.2", "size": "960", "side": "BUY", "hash": "bd95272d343c60b3fe47e872d925b1b9fa86bd81", "best_bid": "0.968", "best_ask": "0.969"}, {"asset_id": "109957996743505691653859282256585186992725650936429999982119927701494880273493", "price": "0.8", "size": "960", "side": "SELL", "hash": "b734467ba9988665f93c0e4f246acf6a503aa3c5", "best_bid": "0.031", "best_ask": "0.032"}], "timestamp": "1769384843828", "event_type": "price_change"}}
{"_local_timestamp": "2026-01-25T23:47:37.687164+00:00", "data": {"market": "0xb7d7a89191e04ef38ecca518fe97aee48d0f32b4d95f771253a4e73574fa1c7e", "price_changes": [{"asset_id": "37648531592945889337991467548024111243126995940431591609411093035274497826158", "price": "0.241", "size": "100", "side": "BUY", "hash": "2920fbd0b234cdca7a7156a4e002427cbab1f323", "best_bid": "0.968", "best_ask": "0.969"}, {"asset_id": "109957996743505691653859282256585186992725650936429999982119927701494880273493", "price": "0.759", "size": "100", "side": "SELL", "hash": "e0d9f3e21158139d051e937299489f78c9f58a41", "best_bid": "0.031", "best_ask": "0.032"}], "timestamp": "1769384857534", "event_type": "price_change"}}
{"_local_timestamp": "2026-01-25T23:47:38.457584+00:00", "data": {"market": "0xb7d7a89191e04ef38ecca518fe97aee48d0f32b4d95f771253a4e73574fa1c7e", "price_changes": [{"asset_id": "37648531592945889337991467548024111243126995940431591609411093035274497826158", "price": "0.27", "size": "1654", "side": "BUY", "hash": "2a31f1ae32c8248818bcb0414aca6c46bb0bb94d", "best_bid": "0.968", "best_ask": "0.969"}, {"asset_id": "109957996743505691653859282256585186992725650936429999982119927701494880273493", "price": "0.73", "size": "1654", "side": "SELL", "hash": "b4f5b2dcc89cd1cfdc87a0c0bbb1d2394a1bc888", "best_bid": "0.031", "best_ask": "0.032"}], "timestamp": "1769384858104", "event_type": "price_change"}}
{"_local_timestamp": "2026-01-25T23:47:55.577968+00:00", "data": {"market": "0xb7d7a89191e04ef38ecca518fe97aee48d0f32b4d95f771253a4e73574fa1c7e", "price_changes": [{"asset_id": "37648531592945889337991467548024111243126995940431591609411093035274497826158", "price": "0.27", "size": "100", "side": "BUY", "hash": "b796fb67951bdd7c1c648737d1d86fca44d57658", "best_bid": "0.968", "best_ask": "0.969"}, {"asset_id": "109957996743505691653859282256585186992725650936429999982119927701494880273493", "price": "0.73", "size": "100", "side": "SELL", "hash": "2116e97c728e7b95587d1270708dda55e8bd0535", "best_bid": "0.031", "best_ask": "0.032"}], "timestamp": "1769384875411", "event_type": "price_change"}}
{"_local_timestamp": "2026-01-25T23:48:11.164693+00:00", "data": {"market": "0xb7d7a89191e04ef38ecca518fe97aee48d0f32b4d95f771253a4e73574fa1c7e", "price_changes": [{"asset_id": "37648531592945889337991467548024111243126995940431591609411093035274497826158", "price": "0.242", "size": "1734", "side": "BUY", "hash": "6b6fb7e5ec93c1f1d9a14ca7c4750621265f870c", "best_bid": "0.968", "best_ask": "0.969"}, {"asset_id": "109957996743505691653859282256585186992725650936429999982119927701494880273493", "price": "0.758", "size": "1734", "side": "SELL", "hash": "9d5e5b73496f4ce0f3514708ce58f20cf37988c4", "best_bid": "0.031", "best_ask": "0.032"}], "timestamp": "1769384891100", "event_type": "price_change"}}
{"_local_timestamp": "2026-01-25T23:49:30.321498+00:00", "data": {"market": "0xb7d7a89191e04ef38ecca518fe97aee48d0f32b4d95f771253a4e73574fa1c7e", "price_changes": [{"asset_id": "37648531592945889337991467548024111243126995940431591609411093035274497826158", "price": "0.241", "size": "0", "side": "BUY", "hash": "fe6407b85fc761f999b2b008177edf870e5b5b91", "best_bid": "0.968", "best_ask": "0.969"}, {"asset_id": "109957996743505691653859282256585186992725650936429999982119927701494880273493", "price": "0.759", "size": "0", "side": "SELL", "hash": "9d1f56074fe32d6d3d3a3cc4206cc0ed74210911", "best_bid": "0.031", "best_ask": "0.032"}], "timestamp": "1769384970060", "event_type": "price_change"}}
{"_local_timestamp": "2026-01-25T23:49:31.003769+00:00", "data": {"market": "0xb7d7a89191e04ef38ecca518fe97aee48d0f32b4d95f771253a4e73574fa1c7e", "price_changes": [{"asset_id": "37648531592945889337991467548024111243126995940431591609411093035274497826158", "price": "0.27", "size": "200", "side": "BUY", "hash": "a17e26be1030982fe6cc8c44232e2e94e238e5b0", "best_bid": "0.968", "best_ask": "0.969"}, {"asset_id": "109957996743505691653859282256585186992725650936429999982119927701494880273493", "price": "0.73", "size": "200", "side": "SELL", "hash": "c5b3eea454b6c5a0f207271f8dfc428ae9b6c53d", "best_bid": "0.031", "best_ask": "0.032"}], "timestamp": "1769384970636", "event_type": "price_change"}}
{"_local_timestamp": "2026-01-25T23:49:51.231520+00:00", "data": {"market": "0xb7d7a89191e04ef38ecca518fe97aee48d0f32b4d95f771253a4e73574fa1c7e", "price_changes": [{"asset_id": "37648531592945889337991467548024111243126995940431591609411093035274497826158", "price": "0.242", "size": "0", "side": "BUY", "hash": "17e83e30f3b97a4174cba6f30a497d73de7887c2", "best_bid": "0.968", "best_ask": "0.969"}, {"asset_id": "109957996743505691653859282256585186992725650936429999982119927701494880273493", "price": "0.758", "size": "0", "side": "SELL", "hash": "16e10348eb19e0a4789e29b35f34b47050dc2a9f", "best_bid": "0.031", "best_ask": "0.032"}], "timestamp": "1769384991046", "event_type": "price_change"}}
{"_local_timestamp": "2026-01-25T23:49:53.682383+00:00", "data": {"market": "0xb7d7a89191e04ef38ecca518fe97aee48d0f32b4d95f771253a4e73574fa1c7e", "price_changes": [{"asset_id": "37648531592945889337991467548024111243126995940431591609411093035274497826158", "price": "0.203", "size": "2068", "side": "BUY", "hash": "f0cf091bb96229a9f5d7931f7df7a32f1e8a05ed", "best_bid": "0.968", "best_ask": "0.969"}, {"asset_id": "109957996743505691653859282256585186992725650936429999982119927701494880273493", "price": "0.797", "size": "2068", "side": "SELL", "hash": "88b6b318810e4443c23c663d764dc69439d479d7", "best_bid": "0.031", "best_ask": "0.032"}], "timestamp": "1769384993613", "event_type": "price_change"}}
{"_local_timestamp": "2026-01-25T23:49:53.709629+00:00", "data": {"market": "0xb7d7a89191e04ef38ecca518fe97aee48d0f32b4d95f771253a4e73574fa1c7e", "price_changes": [{"asset_id": "109957996743505691653859282256585186992725650936429999982119927701494880273493", "price": "0.162", "size": "0", "side": "SELL", "hash": "1e52e6077494f499f5bfa8d5439207457c291165", "best_bid": "0.031", "best_ask": "0.032"}, {"asset_id": "37648531592945889337991467548024111243126995940431591609411093035274497826158", "price": "0.838", "size": "0", "side": "BUY", "hash": "a1a0e47f253dc234b8f2e3c03960de6f41ef3870", "best_bid": "0.968", "best_ask": "0.969"}], "timestamp": "1769384993644", "event_type": "price_change"}}
{"_local_timestamp": "2026-01-25T23:50:02.541185+00:00", "data": {"market": "0xb7d7a89191e04ef38ecca518fe97aee48d0f32b4d95f771253a4e73574fa1c7e", "price_changes": [{"asset_id": "37648531592945889337991467548024111243126995940431591609411093035274497826158", "price": "0.201", "size": "0", "side": "BUY", "hash": "ce3f6b99b6710b99a45dc1254f678ebfeef42dcd", "best_bid": "0.968", "best_ask": "0.969"}, {"asset_id": "109957996743505691653859282256585186992725650936429999982119927701494880273493", "price": "0.799", "size": "0", "side": "SELL", "hash": "33d5927bc0aa1fcb269f67e700b72d83c3bd3ac1", "best_bid": "0.031", "best_ask": "0.032"}], "timestamp": "1769385002305", "event_type": "price_change"}}
{"_local_timestamp": "2026-01-25T23:50:02.979167+00:00", "data": {"market": "0xb7d7a89191e04ef38ecca518fe97aee48d0f32b4d95f771253a4e73574fa1c7e", "price_changes": [{"asset_id": "37648531592945889337991467548024111243126995940431591609411093035274497826158", "price": "0.399", "size": "130", "side": "BUY", "hash": "59e9d57c5f1a2c44e4a0e180d35682e290979d36", "best_bid": "0.968", "best_ask": "0.969"}, {"asset_id": "109957996743505691653859282256585186992725650936429999982119927701494880273493", "price": "0.601", "size": "130", "side": "SELL", "hash": "28e71b5d6556f369597fb4f00c5b31b04a9e8f2a", "best_bid": "0.031", "best_ask": "0.032"}], "timestamp": "1769385002368", "event_type": "price_change"}}
{"_local_timestamp": "2026-01-25T23:50:18.403337+00:00", "data": {"market": "0xb7d7a89191e04ef38ecca518fe97aee48d0f32b4d95f771253a4e73574fa1c7e", "price_changes": [{"asset_id": "37648531592945889337991467548024111243126995940431591609411093035274497826158", "price": "0.101", "size": "2975.89", "side": "BUY", "hash": "3cfa74013742bd0d6278b35e92c096418ccef223", "best_bid": "0.968", "best_ask": "0.969"}, {"asset_id": "109957996743505691653859282256585186992725650936429999982119927701494880273493", "price": "0.899", "size": "2975.89", "side": "SELL", "hash": "4a590f431af215fee4e83b0012bd7982763e4eff", "best_bid": "0.031", "best_ask": "0.032"}], "timestamp": "1769385018193", "event_type": "price_change"}}
{"_local_timestamp": "2026-01-25T23:50:19.265468+00:00", "data": {"market": "0xb7d7a89191e04ef38ecca518fe97aee48d0f32b4d95f771253a4e73574fa1c7e", "price_changes": [{"asset_id": "109957996743505691653859282256585186992725650936429999982119927701494880273493", "price": "0.162", "size": "6.25", "side": "SELL", "hash": "2c262859cb8538bcb0f3d5384d2cf1854e889301", "best_bid": "0.031", "best_ask": "0.032"}, {"asset_id": "37648531592945889337991467548024111243126995940431591609411093035274497826158", "price": "0.838", "size": "6.25", "side": "BUY", "hash": "b230e68fd5ab97d83413d60624bafa1180c500e4", "best_bid": "0.968", "best_ask": "0.969"}], "timestamp": "1769385019140", "event_type": "price_change"}}
{"_local_timestamp": "2026-01-25T23:50:22.872443+00:00", "data": {"market": "0xb7d7a89191e04ef38ecca518fe97aee48d0f32b4d95f771253a4e73574fa1c7e", "price_changes": [{"asset_id": "37648531592945889337991467548024111243126995940431591609411093035274497826158", "price": "0.101", "size": "2970", "side": "BUY", "hash": "ce45fb2bd0316004880d7f3ac6c5fe096886cdee", "best_bid": "0.968", "best_ask": "0.969"}, {"asset_id": "109957996743505691653859282256585186992725650936429999982119927701494880273493", "price": "0.899", "size": "2970", "side": "SELL", "hash": "7ff06657c7eeaaa7c42af7945da2ae8fc5371d07", "best_bid": "0.031", "best_ask": "0.032"}], "timestamp": "1769385022710", "event_type": "price_change"}}
{"_local_timestamp": "2026-01-25T23:50:23.628491+00:00", "data": {"market": "0xb7d7a89191e04ef38ecca518fe97aee48d0f32b4d95f771253a4e73574fa1c7e", "price_changes": [{"asset_id": "37648531592945889337991467548024111243126995940431591609411093035274497826158", "price": "0.102", "size": "5.84", "side": "BUY", "hash": "42a5868accf8281fbc59d2af5857417f36c2492d", "best_bid": "0.968", "best_ask": "0.969"}, {"asset_id": "109957996743505691653859282256585186992725650936429999982119927701494880273493", "price": "0.898", "size": "5.84", "side": "SELL", "hash": "d3b23cc53fcf379fdd87cf8ca491c81c9588ee9c", "best_bid": "0.031", "best_ask": "0.032"}], "timestamp": "1769385023477", "event_type": "price_change"}}
{"_local_timestamp": "2026-01-25T23:51:05.522335+00:00", "data": {"market": "0xb7d7a89191e04ef38ecca518fe97aee48d0f32b4d95f771253a4e73574fa1c7e", "price_changes": [{"asset_id": "37648531592945889337991467548024111243126995940431591609411093035274497826158", "price": "0.27", "size": "150", "side": "BUY", "hash": "acd34ebde83a35d950203e0c77321d67a0bc0d6e", "best_bid": "0.968", "best_ask": "0.969"}, {"asset_id": "109957996743505691653859282256585186992725650936429999982119927701494880273493", "price": "0.73", "size": "150", "side": "SELL", "hash": "9b303449921f34131bd845a56a13e1e6376565eb", "best_bid": "0.031", "best_ask": "0.032"}], "timestamp": "1769385065414", "event_type": "price_change"}}
{"_local_timestamp": "2026-01-25T23:51:05.995515+00:00", "data": {"market": "0xb7d7a89191e04ef38ecca518fe97aee48d0f32b4d95f771253a4e73574fa1c7e", "price_changes": [{"asset_id": "37648531592945889337991467548024111243126995940431591609411093035274497826158", "price": "0.242", "size": "50", "side": "BUY", "hash": "8c0d3246711f69d365492bf503643c0002109868", "best_bid": "0.968", "best_ask": "0.969"}, {"asset_id": "109957996743505691653859282256585186992725650936429999982119927701494880273493", "price": "0.758", "size": "50", "side": "SELL", "hash": "d99db6a8b4efc6a92b77c6de6bc493efa83cfafb", "best_bid": "0.031", "best_ask": "0.032"}], "timestamp": "1769385065791", "event_type": "price_change"}}
{"_local_timestamp": "2026-01-25T23:51:08.157228+00:00", "data": {"market": "0xb7d7a89191e04ef38ecca518fe97aee48d0f32b4d95f771253a4e73574fa1c7e", "price_changes": [{"asset_id": "109957996743505691653859282256585186992725650936429999982119927701494880273493", "price": "0.03", "size": "1239.21", "side": "BUY", "hash": "7f088bac1e177fe8a5442a3edc9cea6f1c3e9240", "best_bid": "0.031", "best_ask": "0.032"}, {"asset_id": "37648531592945889337991467548024111243126995940431591609411093035274497826158", "price": "0.97", "size": "1239.21", "side": "SELL", "hash": "e760f66e1a61d39ebebf4b6713e854558ef99c2d", "best_bid": "0.968", "best_ask": "0.969"}], "timestamp": "1769385068011", "event_type": "price_change"}}
{"_local_timestamp": "2026-01-25T23:51:11.554815+00:00", "data": {"market": "0xb7d7a89191e04ef38ecca518fe97aee48d0f32b4d95f771253a4e73574fa1c7e", "price_changes": [{"asset_id": "37648531592945889337991467548024111243126995940431591609411093035274497826158", "price": "0.4", "size": "1500", "side": "BUY", "hash": "9ef6bddaaa87c57ba4e6470513eac97bfac35096", "best_bid": "0.968", "best_ask": "0.969"}, {"asset_id": "109957996743505691653859282256585186992725650936429999982119927701494880273493", "price": "0.6", "size": "1500", "side": "SELL", "hash": "6380431d2eebb6e7f7ce21b6d6e7200b80ceade9", "best_bid": "0.031", "best_ask": "0.032"}], "timestamp": "1769385071486", "event_type": "price_change"}}
