{"_local_timestamp": "2026-01-25T23:33:47.192198+00:00", "data": [{"market": "0xf1c5f6f302830b7a94d71ff16f52abaea01e437fd45fbb8f5ca2a818b676445e", "asset_id": "68722477015981562768534292708912578969766410845518001437929188659955460335955", "timestamp": "1769384020547", "hash": "3ee9bf4adfb4e56985e324387620cc8fc017bce1", "bids": [{"price": "0.01", "size": "5271"}, {"price": "0.02", "size": "2789.4"}, {"price": "0.03", "size": "875.81"}, {"price": "0.04", "size": "641"}, {"price": "0.05", "size": "11.54"}, {"price": "0.07", "size": "111"}, {"price": "0.08", "size": "1037.49"}, {"price": "0.09", "size": "656"}, {"price": "0.1", "size": "850.99"}], "asks": [{"price": "0.99", "size": "24298.75"}, {"price": "0.98", "size": "7396"}, {"price": "0.97", "size": "9.11"}, {"price": "0.96", "size": "2048"}, {"price": "0.95", "size": "330"}, {"price": "0.94", "size": "33"}, {"price": "0.92", "size": "1112"}, {"price": "0.91", "size": "400"}, {"price": "0.9", "size": "6.29"}, {"price": "0.86", "size": "842.85"}, {"price": "0.84", "size": "256"}, {"price": "0.82", "size": "177.77"}, {"price": "0.8", "size": "400"}, {"price": "0.79", "size": "910"}, {"price": "0.78", "size": "1908"}, {"price": "0.77", "size": "121.73"}, {"price": "0.76", "size": "100"}, {"price": "0.75", "size": "50"}, {"price": "0.73", "size": "96.29"}, {"price": "0.72", "size": "350"}, {"price": "0.68", "size": "203"}, {"price": "0.65", "size": "20"}, {"price": "0.64", "size": "180.55"}, {"price": "0.63", "size": "5"}, {"price": "0.47", "size": "20"}, {"price": "0.36", "size": "64"}, {"price": "0.34", "size": "20"}, {"price": "0.26", "size": "32"}, {"price": "0.25", "size": "20"}, {"price": "0.24", "size": "17.1"}, {"price": "0.18", "size": "224.83"}, {"price": "0.17", "size": "233.25"}, {"price": "0.16", "size": "212"}, {"price": "0.15", "size": "300"}, {"price": "0.14", "size": "610.65"}, {"price": "0.13", "size": "200"}, {"price": "0.12", "size": "538.66"}], "event_type": "book", "last_trade_price": "0.110"}, {"market": "0xf1c5f6f302830b7a94d71ff16f52abaea01e437fd45fbb8f5ca2a818b676445e", "asset_id": "37117983814500530667455900833952457255812313706960608448550182262352746599853", "timestamp": "1769384020547", "hash": "bd3030022e9d47e576fc5bd49e3f1fc20caf74eb", "bids": [{"price": "0.01", "size": "24298.75"}, {"price": "0.02", "size": "7396"}, {"price": "0.03", "size": "9.11"}, {"price": "0.04", "size": "2048"}, {"price": "0.05", "size": "330"}, {"price": "0.06", "size": "33"}, {"price": "0.08", "size": "1112"}, {"price": "0.09", "size": "400"}, {"price": "0.1", "size": "6.29"}, {"price": "0.14", "size": "842.85"}, {"price": "0.16", "size": "256"}, {"price": "0.18", "size": "177.77"}, {"price": "0.2", "size": "400"}, {"price": "0.21", "size": "910"}, {"price": "0.22", "size": "1908"}, {"price": "0.23", "size": "121.73"}, {"price": "0.24", "size": "100"}, {"price": "0.25", "size": "50"}, {"price": "0.27", "size": "96.29"}, {"price": "0.28", "size": "350"}, {"price": "0.32", "size": "203"}, {"price": "0.35", "size": "20"}, {"price": "0.36", "size": "180.55"}, {"price": "0.37", "size": "5"}, {"price": "0.53", "size": "20"}, {"price": "0.64", "size": "64"}, {"price": "0.66", "size": "20"}, {"price": "0.74", "size": "32"}, {"price": "0.75", "size": "20"}, {"price": "0.76", "size": "17.1"}, {"price": "0.82", "size": "224.83"}, {"price": "0.83", "size": "233.25"}, {"price": "0.84", "size": "212"}, {"price": "0.85", "size": "300"}, {"price": "0.86", "size": "610.65"}, {"price": "0.87", "size": "200"}, {"price": "0.88", "size": "538.66"}], "asks": [{"price": "0.99", "size": "5271"}, {"price": "0.98", "size": "2789.4"}, {"price": "0.97", "size": "875.81"}, {"price": "0.96", "size": "641"}, {"price": "0.95", "size": "11.54"}, {"price": "0.93", "size": "111"}, {"price": "0.92", "size": "1037.49"}, {"price": "0.91", "size": "656"}, {"price": "0.9", "size": "850.99"}], "event_type": "book", "last_trade_price": "0.110"}]}
{"_local_timestamp": "2026-01-25T23:34:27.647307+00:00", "data": {"market": "0xf1c5f6f302830b7a94d71ff16f52abaea01e437fd45fbb8f5ca2a818b676445e", "price_changes": [{"asset_id": "37117983814500530667455900833952457255812313706960608448550182262352746599853", "price": "0.24", "size": "0", "side": "BUY", "hash": "e33866e94eefe761f73a736be20226fb2020f48b", "best_bid": "0.88", "best_ask": "0.9"}, {"asset_id": "68722477015981562768534292708912578969766410845518001437929188659955460335955", "price": "0.76", "size": "0", "side": "SELL", "hash": "505f21a9e604c5bdb8befd1d8325975ee15ac244", "best_bid": "0.1", "best_ask": "0.12"}], "timestamp": "1769384067562", "event_type": "price_change"}}
{"_local_timestamp": "2026-01-25T23:34:28.383759+00:00", "data": {"market": "0xf1c5f6f302830b7a94d71ff16f52abaea01e437fd45fbb8f5ca2a818b676445e", "price_changes": [{"asset_id": "37117983814500530667455900833952457255812313706960608448550182262352746599853", "price": "0.25", "size": "150", "side": "BUY", "hash": "da4dea40a74c7188fd1a98f16755e4f1643d835b", "best_bid": "0.88", "best_ask": "0.9"}, {"asset_id": "68722477015981562768534292708912578969766410845518001437929188659955460335955", "price": "0.75", "size": "150", "side": "SELL", "hash": "4826137b1119656061c5865599d798d75ab5076c", "best_bid": "0.1", "best_ask": "0.12"}], "timestamp": "1769384068113", "event_type": "price_change"}}
{"_local_timestamp": "2026-01-25T23:34:41.354147+00:00", "data": {"market": "0xf1c5f6f302830b7a94d71ff16f52abaea01e437fd45fbb8f5ca2a818b676445e", "price_changes": [{"asset_id": "68722477015981562768534292708912578969766410845518001437929188659955460335955", "price": "0.05", "size": "0", "side": "BUY", "hash": "39dc7df2ddc37405510e1a46eca793b8f68a5f93", "best_bid": "0.1", "best_ask": "0.12"}, {"asset_id": "37117983814500530667455900833952457255812313706960608448550182262352746599853", "price": "0.95", "size": "0", "side": "SELL", "hash": "dcb179b3799fd91a155a9df52331c6eb11cbf710", "best_bid": "0.88", "best_ask": "0.9"}], "timestamp": "1769384081287", "event_type": "price_change"}}
{"_local_timestamp": "2026-01-25T23:34:43.613620+00:00", "data": {"market": "0xf1c5f6f302830b7a94d71ff16f52abaea01e437fd45fbb8f5ca2a818b676445e", "price_changes": [{"asset_id": "37117983814500530667455900833952457255812313706960608448550182262352746599853", "price": "0.21", "size": "810", "side": "BUY", "hash": "c92d63fdec8264718bfb78ed3d494859d879f5ed", "best_bid": "0.88", "best_ask": "0.9"}, {"asset_id": "68722477015981562768534292708912578969766410845518001437929188659955460335955", "price": "0.79", "size": "810", "side": "SELL", "hash": "49361fec33e39468ab2d115afe2b540f5c2ca0fe", "best_bid": "0.1", "best_ask": "0.12"}], "timestamp": "1769384083544", "event_type": "price_change"}}
{"_local_timestamp": "2026-01-25T23:34:43.734599+00:00", "data": {"market": "0xf1c5f6f302830b7a94d71ff16f52abaea01e437fd45fbb8f5ca2a818b676445e", "price_changes": [{"asset_id": "68722477015981562768534292708912578969766410845518001437929188659955460335955", "price": "0.05", "size": "11.54", "side": "BUY", "hash": "e3f4b0dc44166fc5f4ec02a0de8c8de1e843ea0a", "best_bid": "0.1", "best_ask": "0.12"}, {"asset_id": "37117983814500530667455900833952457255812313706960608448550182262352746599853", "price": "0.95", "size": "11.54", "side": "SELL", "hash": "9d64969bafc5633cfe402faeb6679201ddce8598", "best_bid": "0.88", "best_ask": "0.9"}], "timestamp": "1769384083662", "event_type": "price_change"}}
{"_local_timestamp": "2026-01-25T23:34:43.891222+00:00", "data": {"market": "0xf1c5f6f302830b7a94d71ff16f52abaea01e437fd45fbb8f5ca2a818b676445e", "price_changes": [{"asset_id": "37117983814500530667455900833952457255812313706960608448550182262352746599853", "price": "0.22", "size": "2008", "side": "BUY", "hash": "a81661ef902c40791a9fabcdd978ad54f18bd0b2", "best_bid": "0.88", "best_ask": "0.9"}, {"asset_id": "68722477015981562768534292708912578969766410845518001437929188659955460335955", "price": "0.78", "size": "2008", "side": "SELL", "hash": "43bb089d82c4ee6ffa531201c40da0c08822cbcc", "best_bid": "0.1", "best_ask": "0.12"}], "timestamp": "1769384083802", "event_type": "price_change"}}
{"_local_timestamp": "2026-01-25T23:35:26.797264+00:00", "data": {"market": "0xf1c5f6f302830b7a94d71ff16f52abaea01e437fd45fbb8f5ca2a818b676445e", "price_changes": [{"asset_id": "37117983814500530667455900833952457255812313706960608448550182262352746599853", "price": "0.25", "size": "100", "side": "BUY", "hash": "e8710ed1bfe197722d15d77f44f508f34b9f28d8", "best_bid": "0.88", "best_ask": "0.9"}, {"asset_id": "68722477015981562768534292708912578969766410845518001437929188659955460335955", "price": "0.75", "size": "100", "side": "SELL", "hash": "cca32cb43ba15e34ea0e22c686de79bd48fbd4f1", "best_bid": "0.1", "best_ask": "0.12"}], "timestamp": "1769384126555", "event_type": "price_change"}}
{"_local_timestamp": "2026-01-25T23:35:27.047581+00:00", "data": {"market": "0xf1c5f6f302830b7a94d71ff16f52abaea01e437fd45fbb8f5ca2a818b676445e", "price_changes": [{"asset_id": "68722477015981562768534292708912578969766410845518001437929188659955460335955", "price": "0.1", "size": "950.99", "side": "BUY", "hash": "6510d07618f27b3a653c64aee5bc30c249de571d", "best_bid": "0.1", "best_ask": "0.12"}, {"asset_id": "37117983814500530667455900833952457255812313706960608448550182262352746599853", "price": "0.9", "size": "950.99", "side": "SELL", "hash": "eb9f8e24b267635d2b53f467da4818fb0b2b1574", "best_bid": "0.88", "best_ask": "0.9"}], "timestamp": "1769384126689", "event_type": "price_change"}}
{"_local_timestamp": "2026-01-25T23:35:27.057777+00:00", "data": {"market": "0xf1c5f6f302830b7a94d71ff16f52abaea01e437fd45fbb8f5ca2a818b676445e", "price_changes": [{"asset_id": "37117983814500530667455900833952457255812313706960608448550182262352746599853", "price": "0.88", "size": "638.66", "side": "BUY", "hash": "2404efc0157e8a85e6e23467fe2727fc95006e08", "best_bid": "0.88", "best_ask": "0.9"}, {"asset_id": "68722477015981562768534292708912578969766410845518001437929188659955460335955", "price": "0.12", "size": "638.66", "side": "SELL", "hash": "a12c359b22d0c4ac11ab1368abcdd29c8b804133", "best_bid": "0.1", "best_ask": "0.12"}], "timestamp": "1769384126752", "event_type": "price_change"}}
{"_local_timestamp": "2026-01-25T23:35:27.136747+00:00", "data": {"market": "0xf1c5f6f302830b7a94d71ff16f52abaea01e437fd45fbb8f5ca2a818b676445e", "price_changes": [{"asset_id": "37117983814500530667455900833952457255812313706960608448550182262352746599853", "price": "0.22", "size": "2058", "side": "BUY", "hash": "dff6f0d979fab3413d6a3272ea64ef2c4eb91c98", "best_bid": "0.88", "best_ask": "0.9"}, {"asset_id": "68722477015981562768534292708912578969766410845518001437929188659955460335955", "price": "0.78", "size": "2058", "side": "SELL", "hash": "4d37b886b4a9bc4007c0154df8a3dd021f6e27d4", "best_bid": "0.1", "best_ask": "0.12"}], "timestamp": "1769384126869", "event_type": "price_change"}}
{"_local_timestamp": "2026-01-25T23:35:56.384188+00:00", "data": {"market": "0xf1c5f6f302830b7a94d71ff16f52abaea01e437fd45fbb8f5ca2a818b676445e", "price_changes": [{"asset_id": "37117983814500530667455900833952457255812313706960608448550182262352746599853", "price": "0.21", "size": "760", "side": "BUY", "hash": "dc0d934d822208f9b3f44cd94e744253596ff46a", "best_bid": "0.88", "best_ask": "0.9"}, {"asset_id": "68722477015981562768534292708912578969766410845518001437929188659955460335955", "price": "0.79", "size": "760", "side": "SELL", "hash": "010970c8d58917d132cc4e3f3cb2c8e40a9896b2", "best_bid": "0.1", "best_ask": "0.12"}], "timestamp": "1769384156277", "event_type": "price_change"}}
{"_local_timestamp": "2026-01-25T23:35:56.848665+00:00", "data": {"market": "0xf1c5f6f302830b7a94d71ff16f52abaea01e437fd45fbb8f5ca2a818b676445e", "price_changes": [{"asset_id": "37117983814500530667455900833952457255812313706960608448550182262352746599853", "price": "0.22", "size": "2108", "side": "BUY", "hash": "95fc99babaa7251706d4adba80c60e4f47071529", "best_bid": "0.88", "best_ask": "0.9"}, {"asset_id": "68722477015981562768534292708912578969766410845518001437929188659955460335955", "price": "0.78", "size": "2108", "side": "SELL", "hash": "638ede8ed9335995a7aa3fc6e26d8c707ffdfa7e", "best_bid": "0.1", "best_ask": "0.12"}], "timestamp": "1769384156724", "event_type": "price_change"}}
{"_local_timestamp": "2026-01-25T23:35:58.189765+00:00", "data": {"market": "0xf1c5f6f302830b7a94d71ff16f52abaea01e437fd45fbb8f5ca2a818b676445e", "price_changes": [{"asset_id": "37117983814500530667455900833952457255812313706960608448550182262352746599853", "price": "0.22", "size": "200", "side": "BUY", "hash": "3cbe4b52dc11e9ffe693ee7df89dcb5350e877c4", "best_bid": "0.88", "best_ask": "0.9"}, {"asset_id": "68722477015981562768534292708912578969766410845518001437929188659955460335955", "price": "0.78", "size": "200", "side": "SELL", "hash": "921be219a4756bf20e4927746def4ddaa50a0cb7", "best_bid": "0.1", "best_ask": "0.12"}], "timestamp": "1769384158071", "event_type": "price_change"}}
{"_local_timestamp": "2026-01-25T23:36:13.250035+00:00", "data": {"market": "0xf1c5f6f302830b7a94d71ff16f52abaea01e437fd45fbb8f5ca2a818b676445e", "price_changes": [{"asset_id": "68722477015981562768534292708912578969766410845518001437929188659955460335955", "price": "0.1", "size": "850.99", "side": "BUY", "hash": "d09fda90b324f8afee394765efccf3359be6bb35", "best_bid": "0.1", "best_ask": "0.12"}, {"asset_id": "37117983814500530667455900833952457255812313706960608448550182262352746599853", "price": "0.9", "size": "850.99", "side": "SELL", "hash": "a609f144e2393d1de1c7e8225d202869d61e1efd", "best_bid": "0.88", "best_ask": "0.9"}], "timestamp": "1769384173185", "event_type": "price_change"}}
{"_local_timestamp": "2026-01-25T23:36:13.278987+00:00", "data": {"market": "0xf1c5f6f302830b7a94d71ff16f52abaea01e437fd45fbb8f5ca2a818b676445e", "price_changes": [{"asset_id": "37117983814500530667455900833952457255812313706960608448550182262352746599853", "price": "0.88", "size": "538.66", "side": "BUY", "hash": "6ea26cf0163cade5f12fb20ba909cf5838832b4f", "best_bid": "0.88", "best_ask": "0.9"}, {"asset_id": "68722477015981562768534292708912578969766410845518001437929188659955460335955", "price": "0.12", "size": "538.66", "side": "SELL", "hash": "2c1e8051a3bc090855559426e7cce742ae8a6d63", "best_bid": "0.1", "best_ask": "0.12"}], "timestamp": "1769384173214", "event_type": "price_change"}}
{"_local_timestamp": "2026-01-25T23:36:29.590829+00:00", "data": {"market": "0xf1c5f6f302830b7a94d71ff16f52abaea01e437fd45fbb8f5ca2a818b676445e", "price_changes": [{"asset_id": "37117983814500530667455900833952457255812313706960608448550182262352746599853", "price": "0.26", "size": "1614", "side": "BUY", "hash": "2134a4d5eabd27c38b11848c9920d7f00aad48f4", "best_bid": "0.88", "best_ask": "0.9"}, {"asset_id": "68722477015981562768534292708912578969766410845518001437929188659955460335955", "price": "0.74", "size": "1614", "side": "SELL", "hash": "f8aa7713ed9cfbec5090773ce11cf946ab61e9c0", "best_bid": "0.1", "best_ask": "0.12"}], "timestamp": "1769384189518", "event_type": "price_change"}}
{"_local_timestamp": "2026-01-25T23:36:43.301169+00:00", "data": {"market": "0xf1c5f6f302830b7a94d71ff16f52abaea01e437fd45fbb8f5ca2a818b676445e", "price_changes": [{"asset_id": "37117983814500530667455900833952457255812313706960608448550182262352746599853", "price": "0.22", "size": "100", "side": "BUY", "hash": "f10d7814671467a1e467026cccd03dc7c11a6b5f", "best_bid": "0.88", "best_ask": "0.9"}, {"asset_id": "68722477015981562768534292708912578969766410845518001437929188659955460335955", "price": "0.78", "size": "100", "side": "SELL", "hash": "260c8bd51f57ed84dccbdbce75ae271da3782082", "best_bid": "0.1", "best_ask": "0.12"}], "timestamp": "1769384203214", "event_type": "price_change"}}
{"_local_timestamp": "2026-01-25T23:36:43.687981+00:00", "data": {"market": "0xf1c5f6f302830b7a94d71ff16f52abaea01e437fd45fbb8f5ca2a818b676445e", "price_changes": [{"asset_id": "37117983814500530667455900833952457255812313706960608448550182262352746599853", "price": "0.21", "size": "860", "side": "BUY", "hash": "2ac9a65c46223270a014ec15934fb36012514354", "best_bid": "0.88", "best_ask": "0.9"}, {"asset_id": "68722477015981562768534292708912578969766410845518001437929188659955460335955", "price": "0.79", "size": "860", "side": "SELL", "hash": "3cc8a9bf84a7558d358b04bb4985d4b91c849c60", "best_bid": "0.1", "best_ask": "0.12"}], "timestamp": "1769384203578", "event_type": "price_change"}}
{"_local_timestamp": "2026-01-25T23:36:55.013686+00:00", "data": {"market": "0xf1c5f6f302830b7a94d71ff16f52abaea01e437fd45fbb8f5ca2a818b676445e", "price_changes": [{"asset_id": "37117983814500530667455900833952457255812313706960608448550182262352746599853", "price": "0.25", "size": "0", "side": "BUY", "hash": "7a5062fcc15e540c918448c4e3fa5585374e03cb", "best_bid": "0.88", "best_ask": "0.9"}, {"asset_id": "68722477015981562768534292708912578969766410845518001437929188659955460335955", "price": "0.75", "size": "0", "side": "SELL", "hash": "8c1633ad463ae758c2d9cc92e83725bd8611e777", "best_bid": "0.1", "best_ask": "0.12"}], "timestamp": "1769384214942", "event_type": "price_change"}}
{"_local_timestamp": "2026-01-25T23:36:55.209028+00:00", "data": {"market": "0xf1c5f6f302830b7a94d71ff16f52abaea01e437fd45fbb8f5ca2a818b676445e", "price_changes": [{"asset_id": "68722477015981562768534292708912578969766410845518001437929188659955460335955", "price": "0.1", "size": "950.99", "side": "BUY", "hash": "646c805cbe1c64578be6b27baa982c8418ba8cde", "best_bid": "0.1", "best_ask": "0.12"}, {"asset_id": "37117983814500530667455900833952457255812313706960608448550182262352746599853", "price": "0.9", "size": "950.99", "side": "SELL", "hash": "a8fa91fac9431e1bbad2009111922fe68e439696", "best_bid": "0.88", "best_ask": "0.9"}], "timestamp": "1769384215095", "event_type": "price_change"}}
{"_local_timestamp": "2026-01-25T23:36:55.213569+00:00", "data": {"market": "0xf1c5f6f302830b7a94d71ff16f52abaea01e437fd45fbb8f5ca2a818b676445e", "price_changes": [{"asset_id": "37117983814500530667455900833952457255812313706960608448550182262352746599853", "price": "0.88", "size": "638.66", "side": "BUY", "hash": "bb2d5256c92084d5adadff4855bd58838cc8d29d", "best_bid": "0.88", "best_ask": "0.9"}, {"asset_id": "68722477015981562768534292708912578969766410845518001437929188659955460335955", "price": "0.12", "size": "638.66", "side": "SELL", "hash": "7fccf62e4f2a21c099f6093ec2818e0bf7dbb3bf", "best_bid": "0.1", "best_ask": "0.12"}], "timestamp": "1769384215143", "event_type": "price_change"}}
{"_local_timestamp": "2026-01-25T23:36:55.798077+00:00", "data": {"market": "0xf1c5f6f302830b7a94d71ff16f52abaea01e437fd45fbb8f5ca2a818b676445e", "price_changes": [{"asset_id": "37117983814500530667455900833952457255812313706960608448550182262352746599853", "price": "0.22", "size": "200", "side": "BUY", "hash": "cd0221c681f626843c4d583c2001cfeda2e9390e", "best_bid": "0.88", "best_ask": "0.9"}, {"asset_id": "68722477015981562768534292708912578969766410845518001437929188659955460335955", "price": "0.78", "size": "200", "side": "SELL", "hash": "21b2526fb46ce4c878e9a6b69ac9c0c1f44d3f26", "best_bid": "0.1", "best_ask": "0.12"}], "timestamp": "1769384215615", "event_type": "price_change"}}
{"_local_timestamp": "2026-01-25T23:37:23.940015+00:00", "data": {"market": "0xf1c5f6f302830b7a94d71ff16f52abaea01e437fd45fbb8f5ca2a818b676445e", "price_changes": [{"asset_id": "37117983814500530667455900833952457255812313706960608448550182262352746599853", "price": "0.28", "size": "300", "side": "BUY", "hash": "88eb189f8969a33f3d07a4ae52b906ebe4688a2e", "best_bid": "0.88", "best_ask": "0.9"}, {"asset_id": "68722477015981562768534292708912578969766410845518001437929188659955460335955", "price": "0.72", "size": "300", "side": "SELL", "hash": "8006cb8153269e6102c4a25c36726a6549c847f0", "best_bid": "0.1", "best_ask": "0.12"}], "timestamp": "1769384243850", "event_type": "price_change"}}
{"_local_timestamp": "2026-01-25T23:37:24.197289+00:00", "data": {"market": "0xf1c5f6f302830b7a94d71ff16f52abaea01e437fd45fbb8f5ca2a818b676445e", "price_changes": [{"asset_id": "37117983814500530667455900833952457255812313706960608448550182262352746599853", "price": "0.26", "size": "1664", "side": "BUY", "hash": "90c98ff40ce5f7d1ff6cc98867695f1e94082f8e", "best_bid": "0.88", "best_ask": "0.9"}, {"asset_id": "68722477015981562768534292708912578969766410845518001437929188659955460335955", "price": "0.74", "size": "1664", "side": "SELL", "hash": "ee4c0fbdb401ff1743e7bd51f015f26bddbacb87", "best_bid": "0.1", "best_ask": "0.12"}], "timestamp": "1769384244108", "event_type": "price_change"}}
{"_local_timestamp": "2026-01-25T23:37:35.306628+00:00", "data": {"market": "0xf1c5f6f302830b7a94d71ff16f52abaea01e437fd45fbb8f5ca2a818b676445e", "price_changes": [{"asset_id": "37117983814500530667455900833952457255812313706960608448550182262352746599853", "price": "0.26", "size": "50", "side": "BUY", "hash": "09d65eda9543f2cd02e7c6673896f13d7e60c404", "best_bid": "0.88", "best_ask": "0.9"}, {"asset_id": "68722477015981562768534292708912578969766410845518001437929188659955460335955", "price": "0.74", "size": "50", "side": "SELL", "hash": "2758e96066823e7450ef1522a075b7a7226fa37a", "best_bid": "0.1", "best_ask": "0.12"}], "timestamp": "1769384255122", "event_type": "price_change"}}
{"_local_timestamp": "2026-01-25T23:37:45.338070+00:00", "data": {"market": "0xf1c5f6f302830b7a94d71ff16f52abaea01e437fd45fbb8f5ca2a818b676445e", "price_changes": [{"asset_id": "37117983814500530667455900833952457255812313706960608448550182262352746599853", "price": "0.87", "size": "100", "side": "BUY", "hash": "422f7c58c4794c049e29772e56096b9c50558bde", "best_bid": "0.88", "best_ask": "0.9"}, {"asset_id": "68722477015981562768534292708912578969766410845518001437929188659955460335955", "price": "0.13", "size": "100", "side": "SELL", "hash": "6abe879014da245fef955ab1920613594c8dbca5", "best_bid": "0.1", "best_ask": "0.12"}], "timestamp": "1769384265271", "event_type": "price_change"}}
{"_local_timestamp": "2026-01-25T23:37:45.394519+00:00", "data": {"market": "0xf1c5f6f302830b7a94d71ff16f52abaea01e437fd45fbb8f5ca2a818b676445e", "price_changes": [{"asset_id": "68722477015981562768534292708912578969766410845518001437929188659955460335955", "price": "0.09", "size": "556", "side": "BUY", "hash": "debcdb20a2ff120a975dc051bd3c237ae1098333", "best_bid": "0.1", "best_ask": "0.12"}, {"asset_id": "37117983814500530667455900833952457255812313706960608448550182262352746599853", "price": "0.91", "size": "556", "side": "SELL", "hash": "e8516294635483b99e53507328460108b967af30", "best_bid": "0.88", "best_ask": "0.9"}], "timestamp": "1769384265325", "event_type": "price_change"}}
{"_local_timestamp": "2026-01-25T23:37:45.470291+00:00", "data": {"market": "0xf1c5f6f302830b7a94d71ff16f52abaea01e437fd45fbb8f5ca2a818b676445e", "price_changes": [{"asset_id": "37117983814500530667455900833952457255812313706960608448550182262352746599853", "price": "0.87", "size": "0", "side": "BUY", "hash": "f2ba33cd604e1cba4ce793005b3bf8a6ca683829", "best_bid": "0.88", "best_ask": "0.9"}, {"asset_id": "68722477015981562768534292708912578969766410845518001437929188659955460335955", "price": "0.13", "size": "0", "side": "SELL", "hash": "4493763d8c19d910d940dc5f9a756ef5a68426a6", "best_bid": "0.1", "best_ask": "0.12"}], "timestamp": "1769384265397", "event_type": "price_change"}}
{"_local_timestamp": "2026-01-25T23:37:45.470695+00:00", "data": {"market": "0xf1c5f6f302830b7a94d71ff16f52abaea01e437fd45fbb8f5ca2a818b676445e", "price_changes": [{"asset_id": "68722477015981562768534292708912578969766410845518001437929188659955460335955", "price": "0.09", "size": "456", "side": "BUY", "hash": "6e7fd15dcf585ce416f7f8571858a9f4703b1943", "best_bid": "0.1", "best_ask": "0.12"}, {"asset_id": "37117983814500530667455900833952457255812313706960608448550182262352746599853", "price": "0.91", "size": "456", "side": "SELL", "hash": "42b8b0045dee80c37134cabf94aad34145dd6a89", "best_bid": "0.88", "best_ask": "0.9"}], "timestamp": "1769384265398", "event_type": "price_change"}}
{"_local_timestamp": "2026-01-25T23:37:45.615444+00:00", "data": {"market": "0xf1c5f6f302830b7a94d71ff16f52abaea01e437fd45fbb8f5ca2a818b676445e", "price_changes": [{"asset_id": "37117983814500530667455900833952457255812313706960608448550182262352746599853", "price": "0.86", "size": "710.65", "side": "BUY", "hash": "41989abd11006a932c9cace1a602dc9418d79c8f", "best_bid": "0.88", "best_ask": "0.9"}, {"asset_id": "68722477015981562768534292708912578969766410845518001437929188659955460335955", "price": "0.14", "size": "710.65", "side": "SELL", "hash": "981f277cfac89eff9fdfde5989aa9f8d93a04247", "best_bid": "0.1", "best_ask": "0.12"}], "timestamp": "1769384265549", "event_type": "price_change"}}
{"_local_timestamp": "2026-01-25T23:37:45.621190+00:00", "data": {"market": "0xf1c5f6f302830b7a94d71ff16f52abaea01e437fd45fbb8f5ca2a818b676445e", "price_changes": [{"asset_id": "68722477015981562768534292708912578969766410845518001437929188659955460335955", "price": "0.09", "size": "556", "side": "BUY", "hash": "2ae03fd03dbde4d428ae89ef3f32f9def155b43d", "best_bid": "0.1", "best_ask": "0.12"}, {"asset_id": "37117983814500530667455900833952457255812313706960608448550182262352746599853", "price": "0.91", "size": "556", "side": "SELL", "hash": "0855a0d25dab4eae6f93f8895451ca6d076590e0", "best_bid": "0.88", "best_ask": "0.9"}], "timestamp": "1769384265550", "event_type": "price_change"}}
{"_local_timestamp": "2026-01-25T23:37:48.523464+00:00", "data": {"market": "0xf1c5f6f302830b7a94d71ff16f52abaea01e437fd45fbb8f5ca2a818b676445e", "price_changes": [{"asset_id": "37117983814500530667455900833952457255812313706960608448550182262352746599853", "price": "0.86", "size": "610.65", "side": "BUY", "hash": "57afc1378398874f82cb197f417dbe77dc98033b", "best_bid": "0.88", "best_ask": "0.9"}, {"asset_id": "68722477015981562768534292708912578969766410845518001437929188659955460335955", "price": "0.14", "size": "610.65", "side": "SELL", "hash": "80889f988086d3c73b5ffcf6a6a6ce19c0f83b8f", "best_bid": "0.1", "best_ask": "0.12"}], "timestamp": "1769384268453", "event_type": "price_change"}}
{"_local_timestamp": "2026-01-25T23:37:52.583425+00:00", "data": {"market": "0xf1c5f6f302830b7a94d71ff16f52abaea01e437fd45fbb8f5ca2a818b676445e", "price_changes": [{"asset_id": "37117983814500530667455900833952457255812313706960608448550182262352746599853", "price": "0.85", "size": "400", "side": "BUY", "hash": "a02fce492d9a9a589fac4a59e892835053aa6b28", "best_bid": "0.88", "best_ask": "0.9"}, {"asset_id": "68722477015981562768534292708912578969766410845518001437929188659955460335955", "price": "0.15", "size": "400", "side": "SELL", "hash": "762019b521f16323173ce2ae3e9e010100aaba85", "best_bid": "0.1", "best_ask": "0.12"}], "timestamp": "1769384272509", "event_type": "price_change"}}
{"_local_timestamp": "2026-01-25T23:38:09.421048+00:00", "data": {"market": "0xf1c5f6f302830b7a94d71ff16f52abaea01e437fd45fbb8f5ca2a818b676445e", "price_changes": [{"asset_id": "37117983814500530667455900833952457255812313706960608448550182262352746599853", "price": "0.23", "size": "1947.73", "side": "BUY", "hash": "e27abed880548184ee4320d83ffcd61b5256d296", "best_bid": "0.88", "best_ask": "0.9"}, {"asset_id": "68722477015981562768534292708912578969766410845518001437929188659955460335955", "price": "0.77", "size": "1947.73", "side": "SELL", "hash": "8e4e118d347d9ab0b8112a05c9284627d45345ea", "best_bid": "0.1", "best_ask": "0.12"}], "timestamp": "1769384289348", "event_type": "price_change"}}
{"_local_timestamp": "2026-01-25T23:38:21.260935+00:00", "data": {"market": "0xf1c5f6f302830b7a94d71ff16f52abaea01e437fd45fbb8f5ca2a818b676445e", "price_changes": [{"asset_id": "37117983814500530667455900833952457255812313706960608448550182262352746599853", "price": "0.22", "size": "150", "side": "BUY", "hash": "15c55267530e13a87b5dcc32237ee25a197ea721", "best_bid": "0.88", "best_ask": "0.9"}, {"asset_id": "68722477015981562768534292708912578969766410845518001437929188659955460335955", "price": "0.78", "size": "150", "side": "SELL", "hash": "6497ca89b35e94733109e910c38ae90a8c3f906e", "best_bid": "0.1", "best_ask": "0.12"}], "timestamp": "1769384301121", "event_type": "price_change"}}
{"_local_timestamp": "2026-01-25T23:38:21.662430+00:00", "data": {"market": "0xf1c5f6f302830b7a94d71ff16f52abaea01e437fd45fbb8f5ca2a818b676445e", "price_changes": [{"asset_id": "37117983814500530667455900833952457255812313706960608448550182262352746599853", "price": "0.21", "size": "910", "side": "BUY", "hash": "0b0c9b7e6914455b1bb36506eff57f08d83f9332", "best_bid": "0.88", "best_ask": "0.9"}, {"asset_id": "68722477015981562768534292708912578969766410845518001437929188659955460335955", "price": "0.79", "size": "910", "side": "SELL", "hash": "e6b6320add35492f9276c10e81350fbd33a4c815", "best_bid": "0.1", "best_ask": "0.12"}], "timestamp": "1769384301479", "event_type": "price_change"}}
{"_local_timestamp": "2026-01-25T23:38:38.850291+00:00", "data": {"market": "0xf1c5f6f302830b7a94d71ff16f52abaea01e437fd45fbb8f5ca2a818b676445e", "price_changes": [{"asset_id": "68722477015981562768534292708912578969766410845518001437929188659955460335955", "price": "0.05", "size": "0", "side": "BUY", "hash": "e81983e4f0f14e7a8db2ab4c5be93dbffc2e09e9", "best_bid": "0.1", "best_ask": "0.12"}, {"asset_id": "37117983814500530667455900833952457255812313706960608448550182262352746599853", "price": "0.95", "size": "0", "side": "SELL", "hash": "03abbc9350e6ded90cfb1c98540a4890f41161d7", "best_bid": "0.88", "best_ask": "0.9"}], "timestamp": "1769384318781", "event_type": "price_change"}}
{"_local_timestamp": "2026-01-25T23:38:39.000474+00:00", "data": {"market": "0xf1c5f6f302830b7a94d71ff16f52abaea01e437fd45fbb8f5ca2a818b676445e", "price_changes": [{"asset_id": "68722477015981562768534292708912578969766410845518001437929188659955460335955", "price": "0.09", "size": "656", "side": "BUY", "hash": "2fcc243c7bb64b8b80920f648d311c07e1dec540", "best_bid": "0.1", "best_ask": "0.12"}, {"asset_id": "37117983814500530667455900833952457255812313706960608448550182262352746599853", "price": "0.91", "size": "656", "side": "SELL", "hash": "46f9acf3600ccea2f335b9a931bc7327524f9f02", "best_bid": "0.88", "best_ask": "0.9"}], "timestamp": "1769384318928", "event_type": "price_change"}}
{"_local_timestamp": "2026-01-25T23:38:39.046937+00:00", "data": {"market": "0xf1c5f6f302830b7a94d71ff16f52abaea01e437fd45fbb8f5ca2a818b676445e", "price_changes": [{"asset_id": "37117983814500530667455900833952457255812313706960608448550182262352746599853", "price": "0.87", "size": "100", "side": "BUY", "hash": "dc11fbc008ab9303811ddea9dd432804e045d2e3", "best_bid": "0.88", "best_ask": "0.9"}, {"asset_id": "68722477015981562768534292708912578969766410845518001437929188659955460335955", "price": "0.13", "size": "100", "side": "SELL", "hash": "8b7c318a80bdc1d69bd6c4b8b998e4d0262da665", "best_bid": "0.1", "best_ask": "0.12"}], "timestamp": "1769384318974", "event_type": "price_change"}}
{"_local_timestamp": "2026-01-25T23:38:39.051236+00:00", "data": {"market": "0xf1c5f6f302830b7a94d71ff16f52abaea01e437fd45fbb8f5ca2a818b676445e", "price_changes": [{"asset_id": "68722477015981562768534292708912578969766410845518001437929188659955460335955", "price": "0.05", "size": "11.54", "side": "BUY", "hash": "41f4fcf856d11b0f6f0df624f0999608b77ea8d2", "best_bid": "0.1", "best_ask": "0.12"}, {"asset_id": "37117983814500530667455900833952457255812313706960608448550182262352746599853", "price": "0.95", "size": "11.54", "side": "SELL", "hash": "8c7fee71de39c9889ced90aeba8ddff0d2801f0c", "best_bid": "0.88", "best_ask": "0.9"}], "timestamp": "1769384318980", "event_type": "price_change"}}
{"_local_timestamp": "2026-01-25T23:38:39.771514+00:00", "data": {"market": "0xf1c5f6f302830b7a94d71ff16f52abaea01e437fd45fbb8f5ca2a818b676445e", "price_changes": [{"asset_id": "37117983814500530667455900833952457255812313706960608448550182262352746599853", "price": "0.86", "size": "510.65", "side": "BUY", "hash": "2593b06b850ddc2c9e17abe47f32203d7b7bf91c", "best_bid": "0.88", "best_ask": "0.9"}, {"asset_id": "68722477015981562768534292708912578969766410845518001437929188659955460335955", "price": "0.14", "size": "510.65", "side": "SELL", "hash": "67268aee609043acad4fa7ef1b782f3e94f0c8f3", "best_bid": "0.1", "best_ask": "0.12"}], "timestamp": "1769384319697", "event_type": "price_change"}}
{"_local_timestamp": "2026-01-25T23:38:39.772013+00:00", "data": {"market": "0xf1c5f6f302830b7a94d71ff16f52abaea01e437fd45fbb8f5ca2a818b676445e", "price_changes": [{"asset_id": "68722477015981562768534292708912578969766410845518001437929188659955460335955", "price": "0.09", "size": "556", "side": "BUY", "hash": "83e1dc152028370758bfa27bb864e2b21f6d3cda", "best_bid": "0.1", "best_ask": "0.12"}, {"asset_id": "37117983814500530667455900833952457255812313706960608448550182262352746599853", "price": "0.91", "size": "556", "side": "SELL", "hash": "727c8c29648b7e032e5d24369a1d6f43160e9973", "best_bid": "0.88", "best_ask": "0.9"}], "timestamp": "1769384319698", "event_type": "price_change"}}
{"_local_timestamp": "2026-01-25T23:38:39.913140+00:00", "data": {"market": "0xf1c5f6f302830b7a94d71ff16f52abaea01e437fd45fbb8f5ca2a818b676445e", "price_changes": [{"asset_id": "37117983814500530667455900833952457255812313706960608448550182262352746599853", "price": "0.87", "size": "200", "side": "BUY", "hash": "d0d163e51534dd6adcbea13b655bf8746e42dd08", "best_bid": "0.88", "best_ask": "0.9"}, {"asset_id": "68722477015981562768534292708912578969766410845518001437929188659955460335955", "price": "0.13", "size": "200", "side": "SELL", "hash": "255f80661b22e9dfd57b42741556b5851b08dee4", "best_bid": "0.1", "best_ask": "0.12"}], "timestamp": "1769384319840", "event_type": "price_change"}}
{"_local_timestamp": "2026-01-25T23:38:39.913622+00:00", "data": {"market": "0xf1c5f6f302830b7a94d71ff16f52abaea01e437fd45fbb8f5ca2a818b676445e", "price_changes": [{"asset_id": "68722477015981562768534292708912578969766410845518001437929188659955460335955", "price": "0.09", "size": "656", "side": "BUY", "hash": "17e3a3263d8f8ffb97df5e9275275d96f32db475", "best_bid": "0.1", "best_ask": "0.12"}, {"asset_id": "37117983814500530667455900833952457255812313706960608448550182262352746599853", "price": "0.91", "size": "656", "side": "SELL", "hash": "cce584f2ac20635140f201fa06df00473b88791c", "best_bid": "0.88", "best_ask": "0.9"}], "timestamp": "1769384319840", "event_type": "price_change"}}
{"_local_timestamp": "2026-01-25T23:38:41.556280+00:00", "data": {"market": "0xf1c5f6f302830b7a94d71ff16f52abaea01e437fd45fbb8f5ca2a818b676445e", "price_changes": [{"asset_id": "37117983814500530667455900833952457255812313706960608448550182262352746599853", "price": "0.21", "size": "810", "side": "BUY", "hash": "8bc10eb5672ec9c42bf847f98859af76b6e27aa0", "best_bid": "0.88", "best_ask": "0.9"}, {"asset_id": "68722477015981562768534292708912578969766410845518001437929188659955460335955", "price": "0.79", "size": "810", "side": "SELL", "hash": "603333ca83f63f4edac77c9f79085ec2320d5ad9", "best_bid": "0.1", "best_ask": "0.12"}], "timestamp": "1769384321403", "event_type": "price_change"}}
{"_local_timestamp": "2026-01-25T23:38:41.556782+00:00", "data": {"market": "0xf1c5f6f302830b7a94d71ff16f52abaea01e437fd45fbb8f5ca2a818b676445e", "price_changes": [{"asset_id": "37117983814500530667455900833952457255812313706960608448550182262352746599853", "price": "0.26", "size": "0", "side": "BUY", "hash": "8bc10eb5672ec9c42bf847f98859af76b6e27aa0", "best_bid": "0.88", "best_ask": "0.9"}, {"asset_id": "68722477015981562768534292708912578969766410845518001437929188659955460335955", "price": "0.74", "size": "0", "side": "SELL", "hash": "603333ca83f63f4edac77c9f79085ec2320d5ad9", "best_bid": "0.1", "best_ask": "0.12"}], "timestamp": "1769384321403", "event_type": "price_change"}}
{"_local_timestamp": "2026-01-25T23:38:41.629338+00:00", "data": {"market": "0xf1c5f6f302830b7a94d71ff16f52abaea01e437fd45fbb8f5ca2a818b676445e", "price_changes": [{"asset_id": "37117983814500530667455900833952457255812313706960608448550182262352746599853", "price": "0.85", "size": "300", "side": "BUY", "hash": "4ed92811bef04abfcb28652d4eabbdb980e73275", "best_bid": "0.88", "best_ask": "0.9"}, {"asset_id": "68722477015981562768534292708912578969766410845518001437929188659955460335955", "price": "0.15", "size": "300", "side": "SELL", "hash": "4a6f260a8699560bdcd2b8aa457d5482d1dad742", "best_bid": "0.1", "best_ask": "0.12"}], "timestamp": "1769384321540", "event_type": "price_change"}}
{"_local_timestamp": "2026-01-25T23:38:41.755071+00:00", "data": {"market": "0xf1c5f6f302830b7a94d71ff16f52abaea01e437fd45fbb8f5ca2a818b676445e", "price_changes": [{"asset_id": "37117983814500530667455900833952457255812313706960608448550182262352746599853", "price": "0.23", "size": "2047.73", "side": "BUY", "hash": "f7c41e51e69fef358c636be5f24be0cd426a4aa1", "best_bid": "0.88", "best_ask": "0.9"}, {"asset_id": "68722477015981562768534292708912578969766410845518001437929188659955460335955", "price": "0.77", "size": "2047.73", "side": "SELL", "hash": "05da7d88c2be0934447ab1caaf7514b406082b85", "best_bid": "0.1", "best_ask": "0.12"}], "timestamp": "1769384321661", "event_type": "price_change"}}
{"_local_timestamp": "2026-01-25T23:38:41.856454+00:00", "data": {"market": "0xf1c5f6f302830b7a94d71ff16f52abaea01e437fd45fbb8f5ca2a818b676445e", "price_changes": [{"asset_id": "37117983814500530667455900833952457255812313706960608448550182262352746599853", "price": "0.28", "size": "350", "side": "BUY", "hash": "1ef776176859c359944dbc77c2e9db99f12c76f9", "best_bid": "0.88", "best_ask": "0.9"}, {"asset_id": "68722477015981562768534292708912578969766410845518001437929188659955460335955", "price": "0.72", "size": "350", "side": "SELL", "hash": "9cfe6a9b80137b05776ef318001b8ee73867d812", "best_bid": "0.1", "best_ask": "0.12"}], "timestamp": "1769384321690", "event_type": "price_change"}}
{"_local_timestamp": "2026-01-25T23:38:45.305022+00:00", "data": {"market": "0xf1c5f6f302830b7a94d71ff16f52abaea01e437fd45fbb8f5ca2a818b676445e", "price_changes": [{"asset_id": "37117983814500530667455900833952457255812313706960608448550182262352746599853", "price": "0.86", "size": "610.65", "side": "BUY", "hash": "8700af51bd53c6a473610e6349fad2a2031099df", "best_bid": "0.88", "best_ask": "0.9"}, {"asset_id": "68722477015981562768534292708912578969766410845518001437929188659955460335955", "price": "0.14", "size": "610.65", "side": "SELL", "hash": "8784e205d794867b5fd5db598746473bef0a6168", "best_bid": "0.1", "best_ask": "0.12"}], "timestamp": "1769384325231", "event_type": "price_change"}}
{"_local_timestamp": "2026-01-25T23:38:58.429536+00:00", "data": {"market": "0xf1c5f6f302830b7a94d71ff16f52abaea01e437fd45fbb8f5ca2a818b676445e", "price_changes": [{"asset_id": "37117983814500530667455900833952457255812313706960608448550182262352746599853", "price": "0.22", "size": "100", "side": "BUY", "hash": "d3f8b3f7f404bcbb70a2e4cfc6682e955e7f057a", "best_bid": "0.88", "best_ask": "0.9"}, {"asset_id": "68722477015981562768534292708912578969766410845518001437929188659955460335955", "price": "0.78", "size": "100", "side": "SELL", "hash": "a4b343d4f97cfec804f05e46af597dce9c1f00c2", "best_bid": "0.1", "best_ask": "0.12"}], "timestamp": "1769384338223", "event_type": "price_change"}}
{"_local_timestamp": "2026-01-25T23:38:58.790885+00:00", "data": {"market": "0xf1c5f6f302830b7a94d71ff16f52abaea01e437fd45fbb8f5ca2a818b676445e", "price_changes": [{"asset_id": "37117983814500530667455900833952457255812313706960608448550182262352746599853", "price": "0.26", "size": "50", "side": "BUY", "hash": "7f50ca27f07dfd538266381af5ca98e979cd4bdf", "best_bid": "0.88", "best_ask": "0.9"}, {"asset_id": "68722477015981562768534292708912578969766410845518001437929188659955460335955", "price": "0.74", "size": "50", "side": "SELL", "hash": "b3a11c005451f83a6dd983bfc754ddcf911cced9", "best_bid": "0.1", "best_ask": "0.12"}], "timestamp": "1769384338638", "event_type": "price_change"}}
{"_local_timestamp": "2026-01-25T23:39:20.498141+00:00", "data": {"market": "0xf1c5f6f302830b7a94d71ff16f52abaea01e437fd45fbb8f5ca2a818b676445e", "price_changes": [{"asset_id": "37117983814500530667455900833952457255812313706960608448550182262352746599853", "price": "0.23", "size": "221.73", "side": "BUY", "hash": "8492c0cbdb746556d22282cb0809dd514ebcde06", "best_bid": "0.88", "best_ask": "0.9"}, {"asset_id": "68722477015981562768534292708912578969766410845518001437929188659955460335955", "price": "0.77", "size": "221.73", "side": "SELL", "hash": "a06b95faa3c4e035e4e3b07eada90085b1945446", "best_bid": "0.1", "best_ask": "0.12"}], "timestamp": "1769384360332", "event_type": "price_change"}}
{"_local_timestamp": "2026-01-25T23:39:21.760744+00:00", "data": {"market": "0xf1c5f6f302830b7a94d71ff16f52abaea01e437fd45fbb8f5ca2a818b676445e", "price_changes": [{"asset_id": "68722477015981562768534292708912578969766410845518001437929188659955460335955", "price": "0.1", "size": "850.99", "side": "BUY", "hash": "a4fbc0d630c4971d30543db1933075eb24628edb", "best_bid": "0.1", "best_ask": "0.12"}, {"asset_id": "37117983814500530667455900833952457255812313706960608448550182262352746599853", "price": "0.9", "size": "850.99", "side": "SELL", "hash": "20aa98a470fc8c9fdae7421dcc1b371bf73b618e", "best_bid": "0.88", "best_ask": "0.9"}], "timestamp": "1769384361686", "event_type": "price_change"}}
{"_local_timestamp": "2026-01-25T23:39:21.785661+00:00", "data": {"market": "0xf1c5f6f302830b7a94d71ff16f52abaea01e437fd45fbb8f5ca2a818b676445e", "price_changes": [{"asset_id": "37117983814500530667455900833952457255812313706960608448550182262352746599853", "price": "0.88", "size": "538.66", "side": "BUY", "hash": "c4512dd6b8eec9ac78ba70137924037ed464fd67", "best_bid": "0.88", "best_ask": "0.9"}, {"asset_id": "68722477015981562768534292708912578969766410845518001437929188659955460335955", "price": "0.12", "size": "538.66", "side": "SELL", "hash": "cc9c9e82c05af263265fadf210b43e7de5a40dc9", "best_bid": "0.1", "best_ask": "0.12"}], "timestamp": "1769384361713", "event_type": "price_change"}}
{"_local_timestamp": "2026-01-25T23:39:22.336459+00:00", "data": {"market": "0xf1c5f6f302830b7a94d71ff16f52abaea01e437fd45fbb8f5ca2a818b676445e", "price_changes": [{"asset_id": "37117983814500530667455900833952457255812313706960608448550182262352746599853", "price": "0.22", "size": "0", "side": "BUY", "hash": "c8f0a77095cd39c173aa66abe9a052e39e73e537", "best_bid": "0.88", "best_ask": "0.9"}, {"asset_id": "68722477015981562768534292708912578969766410845518001437929188659955460335955", "price": "0.78", "size": "0", "side": "SELL", "hash": "cac38b660bd3ad320dcb769626b36b9fb09b74e1", "best_bid": "0.1", "best_ask": "0.12"}], "timestamp": "1769384362193", "event_type": "price_change"}}
{"_local_timestamp": "2026-01-25T23:39:22.982453+00:00", "data": {"market": "0xf1c5f6f302830b7a94d71ff16f52abaea01e437fd45fbb8f5ca2a818b676445e", "price_changes": [{"asset_id": "37117983814500530667455900833952457255812313706960608448550182262352746599853", "price": "0.26", "size": "150", "side": "BUY", "hash": "03cfb0b0b3d8683898abfd2d38875e60011c4e99", "best_bid": "0.88", "best_ask": "0.9"}, {"asset_id": "68722477015981562768534292708912578969766410845518001437929188659955460335955", "price": "0.74", "size": "150", "side": "SELL", "hash": "5c1229fea6e3ad70571fc9debf4691ba03d9b59a", "best_bid": "0.1", "best_ask": "0.12"}], "timestamp": "1769384362755", "event_type": "price_change"}}
