{"_local_timestamp": "2026-01-25T23:33:47.192198+00:00", "data": [{"market": "0xf1c5f6f302830b7a94d71ff16f52abaea01e437fd45fbb8f5ca2a818b676445e", "asset_id": "68722477015981562768534292708912578969766410845518001437929188659955460335955", "timestamp": "1769384020547", "hash": "3ee9bf4adfb4e56985e324387620cc8fc017bce1", "bids": [{"price": "0.01", "size": "5271"}, {"price": "0.02", "size": "2789.4"}, {"price": "0.03", "size": "875.81"}, {"price": "0.04", "size": "641"}, {"price": "0.05", "size": "11.54"}, {"price": "0.07", "size": "111"}, {"price": "0.08", "size": "1037.49"}, {"price": "0.09", "size": "656"}, {"price": "0.1", "size": "850.99"}], "asks": [{"price": "0.99", "size": "24298.75"}, {"price": "0.98", "size": "7396"}, {"price": "0.97", "size": "9.11"}, {"price": "0.96", "size": "2048"}, {"price": "0.95", "size": "330"}, {"price": "0.94", "size": "33"}, {"price": "0.92", "size": "1112"}, {"price": "0.91", "size": "400"}, {"price": "0.9", "size": "6.29"}, {"price": "0.86", "size": "842.85"}, {"price": "0.84", "size": "256"}, {"price": "0.82", "size": "177.77"}, {"price": "0.8", "size": "400"}, {"price": "0.79", "size": "910"}, {"price": "0.78", "size": "1908"}, {"price": "0.77", "size": "121.73"}, {"price": "0.76", "size": "100"}, {"price": "0.75", "size": "50"}, {"price": "0.73", "size": "96.29"}, {"price": "0.72", "size": "350"}, {"price": "0.68", "size": "203"}, {"price": "0.65", "size": "20"}, {"price": "0.64", "size": "180.55"}, {"price": "0.63", "size": "5"}, {"price": "0.47", "size": "20"}, {"price": "0.36", "size": "64"}, {"price": "0.34", "size": "20"}, {"price": "0.26", "size": "32"}, {"price": "0.25", "size": "20"}, {"price": "0.24", "size": "17.1"}, {"price": "0.18", "size": "224.83"}, {"price": "0.17", "size": "233.25"}, {"price": "0.16", "size": "212"}, {"price": "0.15", "size": "300"}, {"price": "0.14", "size": "610.65"}, {"price": "0.13", "size": "200"}, {"price": "0.12", "size": "538.66"}], "event_type": "book", "last_trade_price": "0.110"}, {"market": "0xf1c5f6f302830b7a94d71ff16f52abaea01e437fd45fbb8f5ca2a818b676445e", "asset_id": "37117983814500530667455900833952457255812313706960608448550182262352746599853", "timestamp": "1769384020547", "hash": "bd3030022e9d47e576fc5bd49e3f1fc20caf74eb", "bids": [{"price": "0.01", "size": "24298.75"}, {"price": "0.02", "size": "7396"}, {"price": "0.03", "size": "9.11"}, {"price": "0.04", "size": "2048"}, {"price": "0.05", "size": "330"}, {"price": "0.06", "size": "33"}, {"price": "0.08", "size": "1112"}, {"price": "0.09", "size": "400"}, {"price": "0.1", "size": "6.29"}, {"price": "0.14", "size": "842.85"}, {"price": "0.16", "size": "256"}, {"price": "0.18", "size": "177.77"}, {"price": "0.2", "size": "400"}, {"price": "0.21", "size": "910"}, {"price": "0.22", "size": "1908"}, {"price": "0.23", "size": "121.73"}, {"price": "0.24", "size": "100"}, {"price": "0.25", "size": "50"}, {"price": "0.27", "size": "96.29"}, {"price": "0.28", "size": "350"}, {"price": "0.32", "size": "203"}, {"price": "0.35", "size": "20"}, {"price": "0.36", "size": "180.55"}, {"price": "0.37", "size": "5"}, {"price": "0.53", "size": "20"}, {"price": "0.64", "size": "64"}, {"price": "0.66", "size": "20"}, {"price": "0.74", "size": "32"}, {"price": "0.75", "size": "20"}, {"price": "0.76", "size": "17.1"}, {"price": "0.82", "size": "224.83"}, {"price": "0.83", "size": "233.25"}, {"price": "0.84", "size": "212"}, {"price": "0.85", "size": "300"}, {"price": "0.86", "size": "610.65"}, {"price": "0.87", "size": "200"}, {"price": "0.88", "size": "538.66"}], "asks": [{"price": "0.99", "size": "5271"}, {"price": "0.98", "size": "2789.4"}, {"price": "0.97", "size": "875.81"}, {"price": "0.96", "size": "641"}, {"price": "0.95", "size": "11.54"}, {"price": "0.93", "size": "111"}, {"price": "0.92", "size": "1037.49"}, {"price": "0.91", "size": "656"}, {"price": "0.9", "size": "850.99"}], "event_type": "book", "last_trade_price": "0.110"}]}
{"_local_timestamp": "2026-01-25T23:34:27.647307+00:00", "data": {"market": "0xf1c5f6f302830b7a94d71ff16f52abaea01e437fd45fbb8f5ca2a818b676445e", "price_changes": [{"asset_id": "37117983814500530667455900833952457255812313706960608448550182262352746599853", "price": "0.24", "size": "0", "side": "BUY", "hash": "e33866e94eefe761f73a736be20226fb2020f48b", "best_bid": "0.88", "best_ask": "0.9"}, {"asset_id": "68722477015981562768534292708912578969766410845518001437929188659955460335955", "price": "0.76", "size": "0", "side": "SELL", "hash": "505f21a9e604c5bdb8befd1d8325975ee15ac244", "best_bid": "0.1", "best_ask": "0.12"}], "timestamp": "1769384067562", "event_type": "price_change"}}
{"_local_timestamp": "2026-01-25T23:34:28.383759+00:00", "data": {"market": "0xf1c5f6f302830b7a94d71ff16f52abaea01e437fd45fbb8f5ca2a818b676445e", "price_changes": [{"asset_id": "37117983814500530667455900833952457255812313706960608448550182262352746599853", "price": "0.25", "size": "150", "side": "BUY", "hash": "da4dea40a74c7188fd1a98f16755e4f1643d835b", "best_bid": "0.88", "best_ask": "0.9"}, {"asset_id": "68722477015981562768534292708912578969766410845518001437929188659955460335955", "price": "0.75", "size": "150", "side": "SELL", "hash": "4826137b1119656061c5865599d798d75ab5076c", "best_bid": "0.1", "best_ask": "0.12"}], "timestamp": "1769384068113", "event_type": "price_change"}}
{"_local_timestamp": "2026-01-25T23:34:41.354147+00:00", "data": {"market": "0xf1c5f6f302830b7a94d71ff16f52abaea01e437fd45fbb8f5ca2a818b676445e", "price_changes": [{"asset_id": "68722477015981562768534292708912578969766410845518001437929188659955460335955", "price": "0.05", "size": "0", "side": "BUY", "hash": "39dc7df2ddc37405510e1a46eca793b8f68a5f93", "best_bid": "0.1", "best_ask": "0.12"}, {"asset_id": "37117983814500530667455900833952457255812313706960608448550182262352746599853", "price": "0.95", "size": "0", "side": "SELL", "hash": "dcb179b3799fd91a155a9df52331c6eb11cbf710", "best_bid": "0.88", "best_ask": "0.9"}], "timestamp": "1769384081287", "event_type": "price_change"}}
{"_local_timestamp": "2026-01-25T23:34:43.613620+00:00", "data": {"market": "0xf1c5f6f302830b7a94d71ff16f52abaea01e437fd45fbb8f5ca2a818b676445e", "price_changes": [{"asset_id": "37117983814500530667455900833952457255812313706960608448550182262352746599853", "price": "0.21", "size": "810", "side": "BUY", "hash": "c92d63fdec8264718bfb78ed3d494859d879f5ed", "best_bid": "0.88", "best_ask": "0.9"}, {"asset_id": "68722477015981562768534292708912578969766410845518001437929188659955460335955", "price": "0.79", "size": "810", "side": "SELL", "hash": "49361fec33e39468ab2d115afe2b540f5c2ca0fe", "best_bid": "0.1", "best_ask": "0.12"}], "timestamp": "1769384083544", "event_type": "price_change"}}
{"_local_timestamp": "2026-01-25T23:34:43.734599+00:00", "data": {"market": "0xf1c5f6f302830b7a94d71ff16f52abaea01e437fd45fbb8f5ca2a818b676445e", "price_changes": [{"asset_id": "68722477015981562768534292708912578969766410845518001437929188659955460335955", "price": "0.05", "size": "11.54", "side": "BUY", "hash": "e3f4b0dc44166fc5f4ec02a0de8c8de1e843ea0a", "best_bid": "0.1", "best_ask": "0.12"}, {"asset_id": "37117983814500530667455900833952457255812313706960608448550182262352746599853", "price": "0.95", "size": "11.54", "side": "SELL", "hash": "9d64969bafc5633cfe402faeb6679201ddce8598", "best_bid": "0.88", "best_ask": "0.9"}], "timestamp": "1769384083662", "event_type": "price_change"}}
{"_local_timestamp": "2026-01-25T23:34:43.891222+00:00", "data": {"market": "0xf1c5f6f302830b7a94d71ff16f52abaea01e437fd45fbb8f5ca2a818b676445e", "price_changes": [{"asset_id": "37117983814500530667455900833952457255812313706960608448550182262352746599853", "price": "0.22", "size": "2008", "side": "BUY", "hash": "a81661ef902c40791a9fabcdd978ad54f18bd0b2", "best_bid": "0.88", "best_ask": "0.9"}, {"asset_id": "68722477015981562768534292708912578969766410845518001437929188659955460335955", "price": "0.78", "size": "2008", "side": "SELL", "hash": "43bb089d82c4ee6ffa531201c40da0c08822cbcc", "best_bid": "0.1", "best_ask": "0.12"}], "timestamp": "1769384083802", "event_type": "price_change"}}
{"_local_timestamp": "2026-01-25T23:35:26.797264+00:00", "data": {"market": "0xf1c5f6f302830b7a94d71ff16f52abaea01e437fd45fbb8f5ca2a818b676445e", "price_changes": [{"asset_id": "37117983814500530667455900833952457255812313706960608448550182262352746599853", "price": "0.25", "size": "100", "side": "BUY", "hash": "e8710ed1bfe197722d15d77f44f508f34b9f28d8", "best_bid": "0.88", "best_ask": "0.9"}, {"asset_id": "68722477015981562768534292708912578969766410845518001437929188659955460335955", "price": "0.75", "size": "100", "side": "SELL", "hash": "cca32cb43ba15e34ea0e22c686de79bd48fbd4f1", "best_bid": "0.1", "best_ask": "0.12"}], "timestamp": "1769384126555", "event_type": "price_change"}}
{"_local_timestamp": "2026-01-25T23:35:27.047581+00:00", "data": {"market": "0xf1c5f6f302830b7a94d71ff16f52abaea01e437fd45fbb8f5ca2a818b676445e", "price_changes": [{"asset_id": "68722477015981562768534292708912578969766410845518001437929188659955460335955", "price": "0.1", "size": "950.99", "side": "BUY", "hash": "6510d07618f27b3a653c64aee5bc30c249de571d", "best_bid": "0.1", "best_ask": "0.12"}, {"asset_id": "37117983814500530667455900833952457255812313706960608448550182262352746599853", "price": "0.9", "size": "950.99", "side": "SELL", "hash": "eb9f8e24b267635d2b53f467da4818fb0b2b1574", "best_bid": "0.88", "best_ask": "0.9"}], "timestamp": "1769384126689", "event_type": "price_change"}}
{"_local_timestamp": "2026-01-25T23:35:27.057777+00:00", "data": {"market": "0xf1c5f6f302830b7a94d71ff16f52abaea01e437fd45fbb8f5ca2a818b676445e", "price_changes": [{"asset_id": "37117983814500530667455900833952457255812313706960608448550182262352746599853", "price": "0.88", "size": "638.66", "side": "BUY", "hash": "2404efc0157e8a85e6e23467fe2727fc95006e08", "best_bid": "0.88", "best_ask": "0.9"}, {"asset_id": "68722477015981562768534292708912578969766410845518001437929188659955460335955", "price": "0.12", "size": "638.66", "side": "SELL", "hash": "a12c359b22d0c4ac11ab1368abcdd29c8b804133", "best_bid": "0.1", "best_ask": "0.12"}], "timestamp": "1769384126752", "event_type": "price_change"}}
{"_local_timestamp": "2026-01-25T23:35:27.136747+00:00", "data": {"market": "0xf1c5f6f302830b7a94d71ff16f52abaea01e437fd45fbb8f5ca2a818b676445e", "price_changes": [{"asset_id": "37117983814500530667455900833952457255812313706960608448550182262352746599853", "price": "0.22", "size": "2058", "side": "BUY", "hash": "dff6f0d979fab3413d6a3272ea64ef2c4eb91c98", "best_bid": "0.88", "best_ask": "0.9"}, {"asset_id": "68722477015981562768534292708912578969766410845518001437929188659955460335955", "price": "0.78", "size": "2058", "side": "SELL", "hash": "4d37b886b4a9bc4007c0154df8a3dd021f6e27d4", "best_bid": "0.1", "best_ask": "0.12"}], "timestamp": "1769384126869", "event_type": "price_change"}}
{"_local_timestamp": "2026-01-25T23:35:56.384188+00:00", "data": {"market": "0xf1c5f6f302830b7a94d71ff16f52abaea01e437fd45fbb8f5ca2a818b676445e", "price_changes": [{"asset_id": "37117983814500530667455900833952457255812313706960608448550182262352746599853", "price": "0.21", "size": "760", "side": "BUY", "hash": "dc0d934d822208f9b3f44cd94e744253596ff46a", "best_bid": "0.88", "best_ask": "0.9"}, {"asset_id": "68722477015981562768534292708912578969766410845518001437929188659955460335955", "price": "0.79", "size": "760", "side": "SELL", "hash": "010970c8d58917d132cc4e3f3cb2c8e40a9896b2", "best_bid": "0.1", "best_ask": "0.12"}], "timestamp": "1769384156277", "event_type": "price_change"}}
{"_local_timestamp": "2026-01-25T23:35:56.848665+00:00", "data": {"market": "0xf1c5f6f302830b7a94d71ff16f52abaea01e437fd45fbb8f5ca2a818b676445e", "price_changes": [{"asset_id": "37117983814500530667455900833952457255812313706960608448550182262352746599853", "price": "0.22", "size": "2108", "side": "BUY", "hash": "95fc99babaa7251706d4adba80c60e4f47071529", "best_bid": "0.88", "best_ask": "0.9"}, {"asset_id": "68722477015981562768534292708912578969766410845518001437929188659955460335955", "price": "0.78", "size": "2108", "side": "SELL", "hash": "638ede8ed9335995a7aa3fc6e26d8c707ffdfa7e", "best_bid": "0.1", "best_ask": "0.12"}], "timestamp": "1769384156724", "event_type": "price_change"}}
{"_local_timestamp": "2026-01-25T23:35:58.189765+00:00", "data": {"market": "0xf1c5f6f302830b7a94d71ff16f52abaea01e437fd45fbb8f5ca2a818b676445e", "price_changes": [{"asset_id": "37117983814500530667455900833952457255812313706960608448550182262352746599853", "price": "0.22", "size": "200", "side": "BUY", "hash": "3cbe4b52dc11e9ffe693ee7df89dcb5350e877c4", "best_bid": "0.88", "best_ask": "0.9"}, {"asset_id": "68722477015981562768534292708912578969766410845518001437929188659955460335955", "price": "0.78", "size": "200", "side": "SELL", "hash": "921be219a4756bf20e4927746def4ddaa50a0cb7", "best_bid": "0.1", "best_ask": "0.12"}], "timestamp": "1769384158071", "event_type": "price_change"}}
{"_local_timestamp": "2026-01-25T23:36:13.250035+00:00", "data": {"market": "0xf1c5f6f302830b7a94d71ff16f52abaea01e437fd45fbb8f5ca2a818b676445e", "price_changes": [{"asset_id": "68722477015981562768534292708912578969766410845518001437929188659955460335955", "price": "0.1", "size": "850.99", "side": "BUY", "hash": "d09fda90b324f8afee394765efccf3359be6bb35", "best_bid": "0.1", "best_ask": "0.12"}, {"asset_id": "37117983814500530667455900833952457255812313706960608448550182262352746599853", "price": "0.9", "size": "850.99", "side": "SELL", "hash": "a609f144e2393d1de1c7e8225d202869d61e1efd", "best_bid": "0.88", "best_ask": "0.9"}], "timestamp": "1769384173185", "event_type": "price_change"}}
{"_local_timestamp": "2026-01-25T23:36:13.278987+00:00", "data": {"market": "0xf1c5f6f302830b7a94d71ff16f52abaea01e437fd45fbb8f5ca2a818b676445e", "price_changes": [{"asset_id": "37117983814500530667455900833952457255812313706960608448550182262352746599853", "price": "0.88", "size": "538.66", "side": "BUY", "hash": "6ea26cf0163cade5f12fb20ba909cf5838832b4f", "best_bid": "0.88", "best_ask": "0.9"}, {"asset_id": "68722477015981562768534292708912578969766410845518001437929188659955460335955", "price": "0.12", "size": "538.66", "side": "SELL", "hash": "2c1e8051a3bc090855559426e7cce742ae8a6d63", "best_bid": "0.1", "best_ask": "0.12"}], "timestamp": "1769384173214", "event_type": "price_change"}}
{"_local_timestamp": "2026-01-25T23:36:29.590829+00:00", "data": {"market": "0xf1c5f6f302830b7a94d71ff16f52abaea01e437fd45fbb8f5ca2a818b676445e", "price_changes": [{"asset_id": "37117983814500530667455900833952457255812313706960608448550182262352746599853", "price": "0.26", "size": "1614", "side": "BUY", "hash": "2134a4d5eabd27c38b11848c9920d7f00aad48f4", "best_bid": "0.88", "best_ask": "0.9"}, {"asset_id": "68722477015981562768534292708912578969766410845518001437929188659955460335955", "price": "0.74", "size": "1614", "side": "SELL", "hash": "f8aa7713ed9cfbec5090773ce11cf946ab61e9c0", "best_bid": "0.1", "best_ask": "0.12"}], "timestamp": "1769384189518", "event_type": "price_change"}}
{"_local_timestamp": "2026-01-25T23:36:43.301169+00:00", "data": {"market": "0xf1c5f6f302830b7a94d71ff16f52abaea01e437fd45fbb8f5ca2a818b676445e", "price_changes": [{"asset_id": "37117983814500530667455900833952457255812313706960608448550182262352746599853", "price": "0.22", "size": "100", "side": "BUY", "hash": "f10d7814671467a1e467026cccd03dc7c11a6b5f", "best_bid": "0.88", "best_ask": "0.9"}, {"asset_id": "68722477015981562768534292708912578969766410845518001437929188659955460335955", "price": "0.78", "size": "100", "side": "SELL", "hash": "260c8bd51f57ed84dccbdbce75ae271da3782082", "best_bid": "0.1", "best_ask": "0.12"}], "timestamp": "1769384203214", "event_type": "price_change"}}
{"_local_timestamp": "2026-01-25T23:36:43.687981+00:00", "data": {"market": "0xf1c5f6f302830b7a94d71ff16f52abaea01e437fd45fbb8f5ca2a818b676445e", "price_changes": [{"asset_id": "37117983814500530667455900833952457255812313706960608448550182262352746599853", "price": "0.21", "size": "860", "side": "BUY", "hash": "2ac9a65c46223270a014ec15934fb36012514354", "best_bid": "0.88", "best_ask": "0.9"}, {"asset_id": "68722477015981562768534292708912578969766410845518001437929188659955460335955", "price": "0.79", "size": "860", "side": "SELL", "hash": "3cc8a9bf84a7558d358b04bb4985d4b91c849c60", "best_bid": "0.1", "best_ask": "0.12"}], "timestamp": "1769384203578", "event_type": "price_change"}}
{"_local_timestamp": "2026-01-25T23:36:55.013686+00:00", "data": {"market": "0xf1c5f6f302830b7a94d71ff16f52abaea01e437fd45fbb8f5ca2a818b676445e", "price_changes": [{"asset_id": "37117983814500530667455900833952457255812313706960608448550182262352746599853", "price": "0.25", "size": "0", "side": "BUY", "hash": "7a5062fcc15e540c918448c4e3fa5585374e03cb", "best_bid": "0.88", "best_ask": "0.9"}, {"asset_id": "68722477015981562768534292708912578969766410845518001437929188659955460335955", "price": "0.75", "size": "0", "side": "SELL", "hash": "8c1633ad463ae758c2d9cc92e83725bd8611e777", "best_bid": "0.1", "best_ask": "0.12"}], "timestamp": "1769384214942", "event_type": "price_change"}}
{"_local_timestamp": "2026-01-25T23:36:55.209028+00:00", "data": {"market": "0xf1c5f6f302830b7a94d71ff16f52abaea01e437fd45fbb8f5ca2a818b676445e", "price_changes": [{"asset_id": "68722477015981562768534292708912578969766410845518001437929188659955460335955", "price": "0.1", "size": "950.99", "side": "BUY", "hash": "646c805cbe1c64578be6b27baa982c8418ba8cde", "best_bid": "0.1", "best_ask": "0.12"}, {"asset_id": "37117983814500530667455900833952457255812313706960608448550182262352746599853", "price": "0.9", "size": "950.99", "side": "SELL", "hash": "a8fa91fac9431e1bbad2009111922fe68e439696", "best_bid": "0.88", "best_ask": "0.9"}], "timestamp": "1769384215095", "event_type": "price_change"}}
{"_local_timestamp": "2026-01-25T23:36:55.213569+00:00", "data": {"market": "0xf1c5f6f302830b7a94d71ff16f52abaea01e437fd45fbb8f5ca2a818b676445e", "price_changes": [{"asset_id": "37117983814500530667455900833952457255812313706960608448550182262352746599853", "price": "0.88", "size": "638.66", "side": "BUY", "hash": "bb2d5256c92084d5adadff4855bd58838cc8d29d", "best_bid": "0.88", "best_ask": "0.9"}, {"asset_id": "68722477015981562768534292708912578969766410845518001437929188659955460335955", "price": "0.12", "size": "638.66", "side": "SELL", "hash": "7fccf62e4f2a21c099f6093ec2818e0bf7dbb3bf", "best_bid": "0.1", "best_ask": "0.12"}], "timestamp": "1769384215143", "event_type": "price_change"}}
{"_local_timestamp": "2026-01-25T23:36:55.798077+00:00", "data": {"market": "0xf1c5f6f302830b7a94d71ff16f52abaea01e437fd45fbb8f5ca2a818b676445e", "price_changes": [{"asset_id": "37117983814500530667455900833952457255812313706960608448550182262352746599853", "price": "0.22", "size": "200", "side": "BUY", "hash": "cd0221c681f626843c4d583c2001cfeda2e9390e", "best_bid": "0.88", "best_ask": "0.9"}, {"asset_id": "68722477015981562768534292708912578969766410845518001437929188659955460335955", "price": "0.78", "size": "200", "side": "SELL", "hash": "21b2526fb46ce4c878e9a6b69ac9c0c1f44d3f26", "best_bid": "0.1", "best_ask": "0.12"}], "timestamp": "1769384215615", "event_type": "price_change"}}
