{"_local_timestamp": "2026-01-25T23:34:01.571477+00:00", "data": [{"market": "0x63ef4f7941d9b028f605ff2f7191700fe91da5a9f7beafbc85cd35330650305f", "asset_id": "10932124404994466982996249556083211491157987121978879863655771690078801888659", "timestamp": "1769384041039", "hash": "165007c5cfbc4daca6dd259cdfce32881acb030f", "bids": [{"price": "0.001", "size": "114.99"}, {"price": "0.02", "size": "30"}, {"price": "0.04", "size": "99.87"}, {"price": "0.05", "size": "360"}, {"price": "0.1", "size": "360"}, {"price": "0.15", "size": "226.66"}, {"price": "0.16", "size": "100"}, {"price": "0.19", "size": "168.42"}, {"price": "0.191", "size": "836"}, {"price": "0.2", "size": "45"}, {"price": "0.24", "size": "116.66"}, {"price": "0.25", "size": "5"}, {"price": "0.29", "size": "89.65"}, {"price": "0.3", "size": "250"}, {"price": "0.301", "size": "1394"}, {"price": "0.34", "size": "70.58"}, {"price": "0.379", "size": "1582"}, {"price": "0.38", "size": "300"}, {"price": "0.39", "size": "51.28"}, {"price": "0.391", "size": "5"}, {"price": "0.43", "size": "20"}, {"price": "0.5", "size": "5"}, {"price": "0.6", "size": "228.21"}, {"price": "0.78", "size": "368.11"}, {"price": "0.86", "size": "1.26"}, {"price": "0.922", "size": "200"}, {"price": "0.924", "size": "27.42"}, {"price": "0.941", "size": "117.73"}, {"price": "0.953", "size": "219"}, {"price": "0.96", "size": "150"}, {"price": "0.963", "size": "500"}, {"price": "0.964", "size": "24.2"}], "asks": [{"price": "0.999", "size": "66216.96"}, {"price": "0.998", "size": "2142.14"}, {"price": "0.99", "size": "3224.46"}, {"price": "0.989", "size": "500"}, {"price": "0.988", "size": "83"}, {"price": "0.983", "size": "202.33"}, {"price": "0.982", "size": "111"}, {"price": "0.98", "size": "101.66"}, {"price": "0.979", "size": "29.5"}], "event_type": "book", "last_trade_price": "0.964"}, {"market": "0x0ab4e6d15f8cbdac36fd092941e0bfca1316c22896c8d9663df1ddd7e72168a0", "asset_id": "99319129904025192390561707785521615374404675509095468896784304174663237757833", "timestamp": "1769383758695", "hash": "43653af9ef6d74758fc1f2d5a150110163171f4d", "bids": [{"price": "0.01", "size": "4500"}, {"price": "0.02", "size": "1750"}, {"price": "0.03", "size": "2000"}, {"price": "0.04", "size": "5250"}, {"price": "0.14", "size": "2000"}, {"price": "0.15", "size": "672.33"}, {"price": "0.16", "size": "500"}, {"price": "0.17", "size": "250"}, {"price": "0.18", "size": "100"}, {"price": "0.19", "size": "10"}, {"price": "0.21", "size": "254"}, {"price": "0.35", "size": "228.55"}], "asks": [{"price": "0.95", "size": "101.5"}, {"price": "0.9", "size": "1600"}, {"price": "0.88", "size": "300"}, {"price": "0.87", "size": "3230"}, {"price": "0.85", "size": "19.98"}, {"price": "0.8", "size": "500"}, {"price": "0.78", "size": "9"}, {"price": "0.77", "size": "20"}, {"price": "0.75", "size": "26.93"}, {"price": "0.74", "size": "5"}, {"price": "0.7", "size": "100"}, {"price": "0.69", "size": "50"}, {"price": "0.67", "size": "163.92"}, {"price": "0.57", "size": "16.63"}, {"price": "0.56", "size": "100"}, {"price": "0.54", "size": "16.68"}, {"price": "0.52", "size": "6"}, {"price": "0.49", "size": "200"}, {"price": "0.47", "size": "100"}, {"price": "0.46", "size": "136"}, {"price": "0.45", "size": "20"}, {"price": "0.44", "size": "10"}, {"price": "0.43", "size": "89.98"}, {"price": "0.39", "size": "5"}], "event_type": "book", "last_trade_price": "0.350"}, {"market": "0x63ef4f7941d9b028f605ff2f7191700fe91da5a9f7beafbc85cd35330650305f", "asset_id": "8457731176364125093475218630096873314205820780540275407802665137676577711176", "timestamp": "1769384041039", "hash": "359d908bcfa425896c42c85fcab2064495d693e7", "bids": [{"price": "0.001", "size": "66216.96"}, {"price": "0.002", "size": "2142.14"}, {"price": "0.01", "size": "3224.46"}, {"price": "0.011", "size": "500"}, {"price": "0.012", "size": "83"}, {"price": "0.017", "size": "202.33"}, {"price": "0.018", "size": "111"}, {"price": "0.02", "size": "101.66"}, {"price": "0.021", "size": "29.5"}], "asks": [{"price": "0.999", "size": "114.99"}, {"price": "0.98", "size": "30"}, {"price": "0.96", "size": "99.87"}, {"price": "0.95", "size": "360"}, {"price": "0.9", "size": "360"}, {"price": "0.85", "size": "226.66"}, {"price": "0.84", "size": "100"}, {"price": "0.81", "size": "168.42"}, {"price": "0.809", "size": "836"}, {"price": "0.8", "size": "45"}, {"price": "0.76", "size": "116.66"}, {"price": "0.75", "size": "5"}, {"price": "0.71", "size": "89.65"}, {"price": "0.7", "size": "250"}, {"price": "0.699", "size": "1394"}, {"price": "0.66", "size": "70.58"}, {"price": "0.621", "size": "1582"}, {"price": "0.62", "size": "300"}, {"price": "0.61", "size": "51.28"}, {"price": "0.609", "size": "5"}, {"price": "0.57", "size": "20"}, {"price": "0.5", "size": "5"}, {"price": "0.4", "size": "228.21"}, {"price": "0.22", "size": "368.11"}, {"price": "0.14", "size": "1.26"}, {"price": "0.078", "size": "200"}, {"price": "0.076", "size": "27.42"}, {"price": "0.059", "size": "117.73"}, {"price": "0.047", "size": "219"}, {"price": "0.04", "size": "150"}, {"price": "0.037", "size": "500"}, {"price": "0.036", "size": "24.2"}], "event_type": "book", "last_trade_price": "0.964"}, {"market": "0x0ab4e6d15f8cbdac36fd092941e0bfca1316c22896c8d9663df1ddd7e72168a0", "asset_id": "52133538122227162264642198165887385170660108607990610509448486346770324504427", "timestamp": "1769383758695", "hash": "a824d7438fc47f526d79af43c2d8426f57602d44", "bids": [{"price": "0.05", "size": "101.5"}, {"price": "0.1", "size": "1600"}, {"price": "0.12", "size": "300"}, {"price": "0.13", "size": "3230"}, {"price": "0.15", "size": "19.98"}, {"price": "0.2", "size": "500"}, {"price": "0.22", "size": "9"}, {"price": "0.23", "size": "20"}, {"price": "0.25", "size": "26.93"}, {"price": "0.26", "size": "5"}, {"price": "0.3", "size": "100"}, {"price": "0.31", "size": "50"}, {"price": "0.33", "size": "163.92"}, {"price": "0.43", "size": "16.63"}, {"price": "0.44", "size": "100"}, {"price": "0.46", "size": "16.68"}, {"price": "0.48", "size": "6"}, {"price": "0.51", "size": "200"}, {"price": "0.53", "size": "100"}, {"price": "0.54", "size": "136"}, {"price": "0.55", "size": "20"}, {"price": "0.56", "size": "10"}, {"price": "0.57", "size": "89.98"}, {"price": "0.61", "size": "5"}], "asks": [{"price": "0.99", "size": "4500"}, {"price": "0.98", "size": "1750"}, {"price": "0.97", "size": "2000"}, {"price": "0.96", "size": "5250"}, {"price": "0.86", "size": "2000"}, {"price": "0.85", "size": "672.33"}, {"price": "0.84", "size": "500"}, {"price": "0.83", "size": "250"}, {"price": "0.82", "size": "100"}, {"price": "0.81", "size": "10"}, {"price": "0.79", "size": "254"}, {"price": "0.65", "size": "228.55"}], "event_type": "book", "last_trade_price": "0.350"}]}
{"_local_timestamp": "2026-01-25T23:34:01.592617+00:00", "data": {"market": "0x63ef4f7941d9b028f605ff2f7191700fe91da5a9f7beafbc85cd35330650305f", "price_changes": [{"asset_id": "8457731176364125093475218630096873314205820780540275407802665137676577711176", "price": "0.002", "size": "2242.14", "side": "BUY", "hash": "302fbb0d6a6867f57aeace6a9da41f9c3c770dce", "best_bid": "0.021", "best_ask": "0.036"}, {"asset_id": "10932124404994466982996249556083211491157987121978879863655771690078801888659", "price": "0.998", "size": "2242.14", "side": "SELL", "hash": "a429c9cb421b19cf7bb05c76ad584a9168709563", "best_bid": "0.964", "best_ask": "0.979"}], "timestamp": "1769384041522", "event_type": "price_change"}}
{"_local_timestamp": "2026-01-25T23:34:01.610527+00:00", "data": {"market": "0x63ef4f7941d9b028f605ff2f7191700fe91da5a9f7beafbc85cd35330650305f", "price_changes": [{"asset_id": "8457731176364125093475218630096873314205820780540275407802665137676577711176", "price": "0.002", "size": "2142.14", "side": "BUY", "hash": "43f1b8ca2ed2556302a1d9645f3aca46ac4ce72f", "best_bid": "0.021", "best_ask": "0.036"}, {"asset_id": "10932124404994466982996249556083211491157987121978879863655771690078801888659", "price": "0.998", "size": "2142.14", "side": "SELL", "hash": "34a2e941219552f8afde4446e10013287488738d", "best_bid": "0.964", "best_ask": "0.979"}], "timestamp": "1769384041531", "event_type": "price_change"}}
{"_local_timestamp": "2026-01-25T23:34:02.349075+00:00", "data": {"market": "0x63ef4f7941d9b028f605ff2f7191700fe91da5a9f7beafbc85cd35330650305f", "price_changes": [{"asset_id": "8457731176364125093475218630096873314205820780540275407802665137676577711176", "price": "0.002", "size": "2242.14", "side": "BUY", "hash": "02fd35422e48ba53653da40ae29c6bd99dbb8401", "best_bid": "0.021", "best_ask": "0.036"}, {"asset_id": "10932124404994466982996249556083211491157987121978879863655771690078801888659", "price": "0.998", "size": "2242.14", "side": "SELL", "hash": "c7e54aba86a1145cb1083df9df511eddf8667dbd", "best_bid": "0.964", "best_ask": "0.979"}], "timestamp": "1769384042281", "event_type": "price_change"}}
{"_local_timestamp": "2026-01-25T23:34:02.501680+00:00", "data": {"market": "0x63ef4f7941d9b028f605ff2f7191700fe91da5a9f7beafbc85cd35330650305f", "price_changes": [{"asset_id": "8457731176364125093475218630096873314205820780540275407802665137676577711176", "price": "0.002", "size": "2142.14", "side": "BUY", "hash": "3fb6c076500080c75ddce15a9a712a55ea4c33a3", "best_bid": "0.021", "best_ask": "0.036"}, {"asset_id": "10932124404994466982996249556083211491157987121978879863655771690078801888659", "price": "0.998", "size": "2142.14", "side": "SELL", "hash": "2911105ea7a1f91d85409c69a372eb66ecf17f86", "best_bid": "0.964", "best_ask": "0.979"}], "timestamp": "1769384042422", "event_type": "price_change"}}
{"_local_timestamp": "2026-01-25T23:34:02.949816+00:00", "data": {"market": "0x63ef4f7941d9b028f605ff2f7191700fe91da5a9f7beafbc85cd35330650305f", "price_changes": [{"asset_id": "8457731176364125093475218630096873314205820780540275407802665137676577711176", "price": "0.002", "size": "2242.14", "side": "BUY", "hash": "239ccd3df085a9ecf5a012a8ce68f904b645cc84", "best_bid": "0.021", "best_ask": "0.036"}, {"asset_id": "10932124404994466982996249556083211491157987121978879863655771690078801888659", "price": "0.998", "size": "2242.14", "side": "SELL", "hash": "23ce3270c68545d7d17958d97bd226227b08e4b1", "best_bid": "0.964", "best_ask": "0.979"}], "timestamp": "1769384042885", "event_type": "price_change"}}
{"_local_timestamp": "2026-01-25T23:34:03.226586+00:00", "data": {"market": "0x63ef4f7941d9b028f605ff2f7191700fe91da5a9f7beafbc85cd35330650305f", "price_changes": [{"asset_id": "8457731176364125093475218630096873314205820780540275407802665137676577711176", "price": "0.002", "size": "2142.14", "side": "BUY", "hash": "b70e50c3db7fda33e77eb02e5aa3f78f7fb1c555", "best_bid": "0.021", "best_ask": "0.036"}, {"asset_id": "10932124404994466982996249556083211491157987121978879863655771690078801888659", "price": "0.998", "size": "2142.14", "side": "SELL", "hash": "e72d5c79e294fd906b5c590649b556bf51a0f1a9", "best_bid": "0.964", "best_ask": "0.979"}], "timestamp": "1769384043163", "event_type": "price_change"}}
{"_local_timestamp": "2026-01-25T23:34:03.678697+00:00", "data": {"market": "0x63ef4f7941d9b028f605ff2f7191700fe91da5a9f7beafbc85cd35330650305f", "price_changes": [{"asset_id": "8457731176364125093475218630096873314205820780540275407802665137676577711176", "price": "0.002", "size": "2042.14", "side": "BUY", "hash": "06df99c8cf1a1ebace69206e935fdb56175f9a61", "best_bid": "0.021", "best_ask": "0.036"}, {"asset_id": "10932124404994466982996249556083211491157987121978879863655771690078801888659", "price": "0.998", "size": "2042.14", "side": "SELL", "hash": "3e49aae31bdfd41300de161f2d0697c54897a080", "best_bid": "0.964", "best_ask": "0.979"}], "timestamp": "1769384043609", "event_type": "price_change"}}
{"_local_timestamp": "2026-01-25T23:34:03.817336+00:00", "data": {"market": "0x63ef4f7941d9b028f605ff2f7191700fe91da5a9f7beafbc85cd35330650305f", "price_changes": [{"asset_id": "8457731176364125093475218630096873314205820780540275407802665137676577711176", "price": "0.002", "size": "2142.14", "side": "BUY", "hash": "35c12965467b0b3d0da6da342afaad81b550e6c7", "best_bid": "0.021", "best_ask": "0.036"}, {"asset_id": "10932124404994466982996249556083211491157987121978879863655771690078801888659", "price": "0.998", "size": "2142.14", "side": "SELL", "hash": "d91fe9d56c97f3635635a640ce4df1d77b3dda8b", "best_bid": "0.964", "best_ask": "0.979"}], "timestamp": "1769384043754", "event_type": "price_change"}}
{"_local_timestamp": "2026-01-25T23:34:04.041631+00:00", "data": {"market": "0x63ef4f7941d9b028f605ff2f7191700fe91da5a9f7beafbc85cd35330650305f", "price_changes": [{"asset_id": "8457731176364125093475218630096873314205820780540275407802665137676577711176", "price": "0.002", "size": "2242.14", "side": "BUY", "hash": "dd18b279c5d7f58569f88b3fe9428811f9f1e248", "best_bid": "0.021", "best_ask": "0.036"}, {"asset_id": "10932124404994466982996249556083211491157987121978879863655771690078801888659", "price": "0.998", "size": "2242.14", "side": "SELL", "hash": "0403b62c328179a7b206a8e646288ad9fd2036c4", "best_bid": "0.964", "best_ask": "0.979"}], "timestamp": "1769384043974", "event_type": "price_change"}}
{"_local_timestamp": "2026-01-25T23:34:04.408879+00:00", "data": {"market": "0x63ef4f7941d9b028f605ff2f7191700fe91da5a9f7beafbc85cd35330650305f", "price_changes": [{"asset_id": "8457731176364125093475218630096873314205820780540275407802665137676577711176", "price": "0.002", "size": "2142.14", "side": "BUY", "hash": "31efbac79759821c7909b473bd9d1f2c408f55d1", "best_bid": "0.021", "best_ask": "0.036"}, {"asset_id": "10932124404994466982996249556083211491157987121978879863655771690078801888659", "price": "0.998", "size": "2142.14", "side": "SELL", "hash": "67413c9d72748fc9594b5dff1665dd89b37eeda3", "best_bid": "0.964", "best_ask": "0.979"}], "timestamp": "1769384044340", "event_type": "price_change"}}
{"_local_timestamp": "2026-01-25T23:34:04.661724+00:00", "data": {"market": "0x63ef4f7941d9b028f605ff2f7191700fe91da5a9f7beafbc85cd35330650305f", "price_changes": [{"asset_id": "8457731176364125093475218630096873314205820780540275407802665137676577711176", "price": "0.002", "size": "2042.14", "side": "BUY", "hash": "d2d694ede34d01e24637b3a987f298617951a569", "best_bid": "0.021", "best_ask": "0.036"}, {"asset_id": "10932124404994466982996249556083211491157987121978879863655771690078801888659", "price": "0.998", "size": "2042.14", "side": "SELL", "hash": "502c1e3b52ce061526b3e32f1dbed30ea88d3489", "best_bid": "0.964", "best_ask": "0.979"}], "timestamp": "1769384044572", "event_type": "price_change"}}
{"_local_timestamp": "2026-01-25T23:34:04.979891+00:00", "data": {"market": "0x63ef4f7941d9b028f605ff2f7191700fe91da5a9f7beafbc85cd35330650305f", "price_changes": [{"asset_id": "8457731176364125093475218630096873314205820780540275407802665137676577711176", "price": "0.002", "size": "2142.14", "side": "BUY", "hash": "6d2fcf3be1906f6ce689e6e8a7deda2f0ba02352", "best_bid": "0.021", "best_ask": "0.036"}, {"asset_id": "10932124404994466982996249556083211491157987121978879863655771690078801888659", "price": "0.998", "size": "2142.14", "side": "SELL", "hash": "af85b6d78adc7af7e7df3c4f902b16dc5f9fb296", "best_bid": "0.964", "best_ask": "0.979"}], "timestamp": "1769384044897", "event_type": "price_change"}}
{"_local_timestamp": "2026-01-25T23:34:05.180604+00:00", "data": {"market": "0x63ef4f7941d9b028f605ff2f7191700fe91da5a9f7beafbc85cd35330650305f", "price_changes": [{"asset_id": "8457731176364125093475218630096873314205820780540275407802665137676577711176", "price": "0.002", "size": "2242.14", "side": "BUY", "hash": "b7dfa24e64cad9a37aac40c3cb4154fb1a7408a1", "best_bid": "0.021", "best_ask": "0.036"}, {"asset_id": "10932124404994466982996249556083211491157987121978879863655771690078801888659", "price": "0.998", "size": "2242.14", "side": "SELL", "hash": "07ff0613f871adad6f153d7a6966c381990a90b3", "best_bid": "0.964", "best_ask": "0.979"}], "timestamp": "1769384045024", "event_type": "price_change"}}
{"_local_timestamp": "2026-01-25T23:34:05.632446+00:00", "data": {"market": "0x63ef4f7941d9b028f605ff2f7191700fe91da5a9f7beafbc85cd35330650305f", "price_changes": [{"asset_id": "8457731176364125093475218630096873314205820780540275407802665137676577711176", "price": "0.002", "size": "2142.14", "side": "BUY", "hash": "ec400df241e6c62c1c251c848804cfd3ccba9799", "best_bid": "0.021", "best_ask": "0.036"}, {"asset_id": "10932124404994466982996249556083211491157987121978879863655771690078801888659", "price": "0.998", "size": "2142.14", "side": "SELL", "hash": "d29e2274c429f59e996d77d1d4e70f2c655055f7", "best_bid": "0.964", "best_ask": "0.979"}], "timestamp": "1769384045560", "event_type": "price_change"}}
{"_local_timestamp": "2026-01-25T23:34:05.636261+00:00", "data": {"market": "0x63ef4f7941d9b028f605ff2f7191700fe91da5a9f7beafbc85cd35330650305f", "price_changes": [{"asset_id": "8457731176364125093475218630096873314205820780540275407802665137676577711176", "price": "0.002", "size": "2042.14", "side": "BUY", "hash": "4c66f0839639c4d1f084f3067673aa409a6cfad8", "best_bid": "0.021", "best_ask": "0.036"}, {"asset_id": "10932124404994466982996249556083211491157987121978879863655771690078801888659", "price": "0.998", "size": "2042.14", "side": "SELL", "hash": "f026d40eec4ce651c1dee05b66200b0e6ccb3158", "best_bid": "0.964", "best_ask": "0.979"}], "timestamp": "1769384045561", "event_type": "price_change"}}
{"_local_timestamp": "2026-01-25T23:34:06.018824+00:00", "data": {"market": "0x63ef4f7941d9b028f605ff2f7191700fe91da5a9f7beafbc85cd35330650305f", "price_changes": [{"asset_id": "8457731176364125093475218630096873314205820780540275407802665137676577711176", "price": "0.002", "size": "2142.14", "side": "BUY", "hash": "6ff14bfd406b54de8220c4d2281a1a2652d96fd8", "best_bid": "0.021", "best_ask": "0.036"}, {"asset_id": "10932124404994466982996249556083211491157987121978879863655771690078801888659", "price": "0.998", "size": "2142.14", "side": "SELL", "hash": "1661e4a5fe22ce6f159693520e662c7e8b6b0436", "best_bid": "0.964", "best_ask": "0.979"}], "timestamp": "1769384045947", "event_type": "price_change"}}
{"_local_timestamp": "2026-01-25T23:34:06.180512+00:00", "data": {"market": "0x63ef4f7941d9b028f605ff2f7191700fe91da5a9f7beafbc85cd35330650305f", "price_changes": [{"asset_id": "8457731176364125093475218630096873314205820780540275407802665137676577711176", "price": "0.002", "size": "2242.14", "side": "BUY", "hash": "f65eed6a95c55f48494298f4ddcd4c301f4ace50", "best_bid": "0.021", "best_ask": "0.036"}, {"asset_id": "10932124404994466982996249556083211491157987121978879863655771690078801888659", "price": "0.998", "size": "2242.14", "side": "SELL", "hash": "e9b9be49b2df72e26d0f5884b65a3c1577faf210", "best_bid": "0.964", "best_ask": "0.979"}], "timestamp": "1769384046080", "event_type": "price_change"}}
{"_local_timestamp": "2026-01-25T23:34:06.557216+00:00", "data": {"market": "0x63ef4f7941d9b028f605ff2f7191700fe91da5a9f7beafbc85cd35330650305f", "price_changes": [{"asset_id": "8457731176364125093475218630096873314205820780540275407802665137676577711176", "price": "0.002", "size": "2142.14", "side": "BUY", "hash": "598d6b02b2b6b4084901228315f01672b8e862d4", "best_bid": "0.021", "best_ask": "0.036"}, {"asset_id": "10932124404994466982996249556083211491157987121978879863655771690078801888659", "price": "0.998", "size": "2142.14", "side": "SELL", "hash": "21fa9c72863ff4b4516ae57772d528a7bfc98961", "best_bid": "0.964", "best_ask": "0.979"}], "timestamp": "1769384046484", "event_type": "price_change"}}
{"_local_timestamp": "2026-01-25T23:34:06.720497+00:00", "data": {"market": "0x63ef4f7941d9b028f605ff2f7191700fe91da5a9f7beafbc85cd35330650305f", "price_changes": [{"asset_id": "8457731176364125093475218630096873314205820780540275407802665137676577711176", "price": "0.002", "size": "2042.14", "side": "BUY", "hash": "0b5d56d66f54fe40f997c203672a06bb2d7da74a", "best_bid": "0.021", "best_ask": "0.036"}, {"asset_id": "10932124404994466982996249556083211491157987121978879863655771690078801888659", "price": "0.998", "size": "2042.14", "side": "SELL", "hash": "837adbce794ac66dbcedc3acd736cecde3d72c58", "best_bid": "0.964", "best_ask": "0.979"}], "timestamp": "1769384046658", "event_type": "price_change"}}
{"_local_timestamp": "2026-01-25T23:34:06.898939+00:00", "data": {"market": "0x63ef4f7941d9b028f605ff2f7191700fe91da5a9f7beafbc85cd35330650305f", "price_changes": [{"asset_id": "8457731176364125093475218630096873314205820780540275407802665137676577711176", "price": "0.002", "size": "2142.14", "side": "BUY", "hash": "8e76d711949a6ab451a9cf2bcc9e379a6a2a83cd", "best_bid": "0.021", "best_ask": "0.036"}, {"asset_id": "10932124404994466982996249556083211491157987121978879863655771690078801888659", "price": "0.998", "size": "2142.14", "side": "SELL", "hash": "a73552309df6d185789aa36f7083b2acaaead981", "best_bid": "0.964", "best_ask": "0.979"}], "timestamp": "1769384046833", "event_type": "price_change"}}
{"_local_timestamp": "2026-01-25T23:34:07.202847+00:00", "data": {"market": "0x63ef4f7941d9b028f605ff2f7191700fe91da5a9f7beafbc85cd35330650305f", "price_changes": [{"asset_id": "8457731176364125093475218630096873314205820780540275407802665137676577711176", "price": "0.002", "size": "2242.14", "side": "BUY", "hash": "2c2716487904ed2f193e6225de13d3129f11e98c", "best_bid": "0.021", "best_ask": "0.036"}, {"asset_id": "10932124404994466982996249556083211491157987121978879863655771690078801888659", "price": "0.998", "size": "2242.14", "side": "SELL", "hash": "ec5365ac0473f90ab73b60cef63df6dc02ae12ca", "best_bid": "0.964", "best_ask": "0.979"}], "timestamp": "1769384047120", "event_type": "price_change"}}
{"_local_timestamp": "2026-01-25T23:34:07.381699+00:00", "data": {"market": "0x63ef4f7941d9b028f605ff2f7191700fe91da5a9f7beafbc85cd35330650305f", "price_changes": [{"asset_id": "8457731176364125093475218630096873314205820780540275407802665137676577711176", "price": "0.002", "size": "2142.14", "side": "BUY", "hash": "a0216876fc7479fdd0c306b38e9ed54097f073e2", "best_bid": "0.021", "best_ask": "0.036"}, {"asset_id": "10932124404994466982996249556083211491157987121978879863655771690078801888659", "price": "0.998", "size": "2142.14", "side": "SELL", "hash": "b8b04d7b8c5114c5b176a9c3fe4bd27192feb9bd", "best_bid": "0.964", "best_ask": "0.979"}], "timestamp": "1769384047316", "event_type": "price_change"}}
{"_local_timestamp": "2026-01-25T23:34:07.687739+00:00", "data": {"market": "0x63ef4f7941d9b028f605ff2f7191700fe91da5a9f7beafbc85cd35330650305f", "price_changes": [{"asset_id": "8457731176364125093475218630096873314205820780540275407802665137676577711176", "price": "0.002", "size": "2242.14", "side": "BUY", "hash": "34246a66a5c199c6aae2aecbd83e4a3f48539156", "best_bid": "0.021", "best_ask": "0.036"}, {"asset_id": "10932124404994466982996249556083211491157987121978879863655771690078801888659", "price": "0.998", "size": "2242.14", "side": "SELL", "hash": "c7becec567bdc1cc8f6c7a78252ffa1fec17f9d9", "best_bid": "0.964", "best_ask": "0.979"}], "timestamp": "1769384047600", "event_type": "price_change"}}
{"_local_timestamp": "2026-01-25T23:34:07.743451+00:00", "data": {"market": "0x63ef4f7941d9b028f605ff2f7191700fe91da5a9f7beafbc85cd35330650305f", "price_changes": [{"asset_id": "8457731176364125093475218630096873314205820780540275407802665137676577711176", "price": "0.002", "size": "2142.14", "side": "BUY", "hash": "4a09fb09f1a37fe9ca184331071a30a6f79b9688", "best_bid": "0.021", "best_ask": "0.036"}, {"asset_id": "10932124404994466982996249556083211491157987121978879863655771690078801888659", "price": "0.998", "size": "2142.14", "side": "SELL", "hash": "452c1efcb883ab8d26cd3682cbe7ec98538390bf", "best_bid": "0.964", "best_ask": "0.979"}], "timestamp": "1769384047660", "event_type": "price_change"}}
{"_local_timestamp": "2026-01-25T23:34:08.144774+00:00", "data": {"market": "0x63ef4f7941d9b028f605ff2f7191700fe91da5a9f7beafbc85cd35330650305f", "price_changes": [{"asset_id": "8457731176364125093475218630096873314205820780540275407802665137676577711176", "price": "0.002", "size": "2242.14", "side": "BUY", "hash": "ba5de86dfd43b87159276645ee6aa233f2f1ec48", "best_bid": "0.021", "best_ask": "0.036"}, {"asset_id": "10932124404994466982996249556083211491157987121978879863655771690078801888659", "price": "0.998", "size": "2242.14", "side": "SELL", "hash": "156465ce58ea1a759ae8bc3b8ce0aaefc8739fba", "best_bid": "0.964", "best_ask": "0.979"}], "timestamp": "1769384048082", "event_type": "price_change"}}
{"_local_timestamp": "2026-01-25T23:34:08.241078+00:00", "data": {"market": "0x63ef4f7941d9b028f605ff2f7191700fe91da5a9f7beafbc85cd35330650305f", "price_changes": [{"asset_id": "8457731176364125093475218630096873314205820780540275407802665137676577711176", "price": "0.002", "size": "2142.14", "side": "BUY", "hash": "3ad2d1c54d148f6342ae41f50a753d8d40dff617", "best_bid": "0.021", "best_ask": "0.036"}, {"asset_id": "10932124404994466982996249556083211491157987121978879863655771690078801888659", "price": "0.998", "size": "2142.14", "side": "SELL", "hash": "466877ea7adbd259d3bde96cc24365643f1cde5b", "best_bid": "0.964", "best_ask": "0.979"}], "timestamp": "1769384048179", "event_type": "price_change"}}
{"_local_timestamp": "2026-01-25T23:34:08.523673+00:00", "data": {"market": "0x63ef4f7941d9b028f605ff2f7191700fe91da5a9f7beafbc85cd35330650305f", "price_changes": [{"asset_id": "8457731176364125093475218630096873314205820780540275407802665137676577711176", "price": "0.002", "size": "2242.14", "side": "BUY", "hash": "2fb041de38c429d210b34784f2f99bd13e3eb7a9", "best_bid": "0.021", "best_ask": "0.036"}, {"asset_id": "10932124404994466982996249556083211491157987121978879863655771690078801888659", "price": "0.998", "size": "2242.14", "side": "SELL", "hash": "30c556009b9ecd632138b47b74041d1d4b387ff7", "best_bid": "0.964", "best_ask": "0.979"}], "timestamp": "1769384048458", "event_type": "price_change"}}
{"_local_timestamp": "2026-01-25T23:34:08.805489+00:00", "data": {"market": "0x63ef4f7941d9b028f605ff2f7191700fe91da5a9f7beafbc85cd35330650305f", "price_changes": [{"asset_id": "8457731176364125093475218630096873314205820780540275407802665137676577711176", "price": "0.002", "size": "2142.14", "side": "BUY", "hash": "de222ce13b62826b5ab32ec71313b1f8af9dd06b", "best_bid": "0.021", "best_ask": "0.036"}, {"asset_id": "10932124404994466982996249556083211491157987121978879863655771690078801888659", "price": "0.998", "size": "2142.14", "side": "SELL", "hash": "4850f132fd35e210752b617dfd1d14b5fefc0f17", "best_bid": "0.964", "best_ask": "0.979"}], "timestamp": "1769384048738", "event_type": "price_change"}}
{"_local_timestamp": "2026-01-25T23:34:09.121710+00:00", "data": {"market": "0x63ef4f7941d9b028f605ff2f7191700fe91da5a9f7beafbc85cd35330650305f", "price_changes": [{"asset_id": "8457731176364125093475218630096873314205820780540275407802665137676577711176", "price": "0.002", "size": "2042.14", "side": "BUY", "hash": "784ad99b74cd6ef97af5b179d26657750efa56bf", "best_bid": "0.021", "best_ask": "0.036"}, {"asset_id": "10932124404994466982996249556083211491157987121978879863655771690078801888659", "price": "0.998", "size": "2042.14", "side": "SELL", "hash": "e5edbd2d6a905448cc0de3d1a9302c8d4bdb794b", "best_bid": "0.964", "best_ask": "0.979"}], "timestamp": "1769384049020", "event_type": "price_change"}}
{"_local_timestamp": "2026-01-25T23:34:09.275735+00:00", "data": {"market": "0x63ef4f7941d9b028f605ff2f7191700fe91da5a9f7beafbc85cd35330650305f", "price_changes": [{"asset_id": "8457731176364125093475218630096873314205820780540275407802665137676577711176", "price": "0.002", "size": "2142.14", "side": "BUY", "hash": "c37bbdc8e3f55f8687e6a67f74a6064ba0483395", "best_bid": "0.021", "best_ask": "0.036"}, {"asset_id": "10932124404994466982996249556083211491157987121978879863655771690078801888659", "price": "0.998", "size": "2142.14", "side": "SELL", "hash": "a932a6de265c85c0f2de5eab904b20adca603c38", "best_bid": "0.964", "best_ask": "0.979"}], "timestamp": "1769384049207", "event_type": "price_change"}}
{"_local_timestamp": "2026-01-25T23:34:09.373608+00:00", "data": {"market": "0x63ef4f7941d9b028f605ff2f7191700fe91da5a9f7beafbc85cd35330650305f", "price_changes": [{"asset_id": "8457731176364125093475218630096873314205820780540275407802665137676577711176", "price": "0.002", "size": "2242.14", "side": "BUY", "hash": "2f57fe820685055a835e0ed7b9ce2b91cfa965fb", "best_bid": "0.021", "best_ask": "0.036"}, {"asset_id": "10932124404994466982996249556083211491157987121978879863655771690078801888659", "price": "0.998", "size": "2242.14", "side": "SELL", "hash": "3bfa8d3e528cc5ee062b95d56ac9e6ebb883a1b0", "best_bid": "0.964", "best_ask": "0.979"}], "timestamp": "1769384049301", "event_type": "price_change"}}
{"_local_timestamp": "2026-01-25T23:34:09.838937+00:00", "data": {"market": "0x63ef4f7941d9b028f605ff2f7191700fe91da5a9f7beafbc85cd35330650305f", "price_changes": [{"asset_id": "8457731176364125093475218630096873314205820780540275407802665137676577711176", "price": "0.002", "size": "2142.14", "side": "BUY", "hash": "8d26d77be7397732582012bd61d40b9197f79ba8", "best_bid": "0.021", "best_ask": "0.036"}, {"asset_id": "10932124404994466982996249556083211491157987121978879863655771690078801888659", "price": "0.998", "size": "2142.14", "side": "SELL", "hash": "f205fcfc9ec2834df0c99feafe914f9fcebdd9bf", "best_bid": "0.964", "best_ask": "0.979"}], "timestamp": "1769384049763", "event_type": "price_change"}}
{"_local_timestamp": "2026-01-25T23:34:09.856025+00:00", "data": {"market": "0x63ef4f7941d9b028f605ff2f7191700fe91da5a9f7beafbc85cd35330650305f", "price_changes": [{"asset_id": "8457731176364125093475218630096873314205820780540275407802665137676577711176", "price": "0.002", "size": "2042.14", "side": "BUY", "hash": "add8fcfc17e69eb98333b47d16a3ed2a0dfb614a", "best_bid": "0.021", "best_ask": "0.036"}, {"asset_id": "10932124404994466982996249556083211491157987121978879863655771690078801888659", "price": "0.998", "size": "2042.14", "side": "SELL", "hash": "aec6f503b01ae311a769fdc03ef6b68c3f7d33e9", "best_bid": "0.964", "best_ask": "0.979"}], "timestamp": "1769384049789", "event_type": "price_change"}}
{"_local_timestamp": "2026-01-25T23:34:10.146067+00:00", "data": {"market": "0x63ef4f7941d9b028f605ff2f7191700fe91da5a9f7beafbc85cd35330650305f", "price_changes": [{"asset_id": "8457731176364125093475218630096873314205820780540275407802665137676577711176", "price": "0.002", "size": "2142.14", "side": "BUY", "hash": "1de61929920386d480eb3b7fcf99d0b1bbb36df4", "best_bid": "0.021", "best_ask": "0.036"}, {"asset_id": "10932124404994466982996249556083211491157987121978879863655771690078801888659", "price": "0.998", "size": "2142.14", "side": "SELL", "hash": "1f0a20efe0383ea40cb75d070ab143faa68caf1a", "best_bid": "0.964", "best_ask": "0.979"}], "timestamp": "1769384050076", "event_type": "price_change"}}
{"_local_timestamp": "2026-01-25T23:34:10.271598+00:00", "data": {"market": "0x63ef4f7941d9b028f605ff2f7191700fe91da5a9f7beafbc85cd35330650305f", "price_changes": [{"asset_id": "8457731176364125093475218630096873314205820780540275407802665137676577711176", "price": "0.002", "size": "2242.14", "side": "BUY", "hash": "6664ffc2a94ebdd92bad17496ce115f5ecfd6586", "best_bid": "0.021", "best_ask": "0.036"}, {"asset_id": "10932124404994466982996249556083211491157987121978879863655771690078801888659", "price": "0.998", "size": "2242.14", "side": "SELL", "hash": "b455b97827385a637a8ed111b82abf52cbecbc50", "best_bid": "0.964", "best_ask": "0.979"}], "timestamp": "1769384050205", "event_type": "price_change"}}
{"_local_timestamp": "2026-01-25T23:34:10.642951+00:00", "data": {"market": "0x63ef4f7941d9b028f605ff2f7191700fe91da5a9f7beafbc85cd35330650305f", "price_changes": [{"asset_id": "8457731176364125093475218630096873314205820780540275407802665137676577711176", "price": "0.002", "size": "2142.14", "side": "BUY", "hash": "2869f1193c291f00683d8dc27158b467c9a5f6de", "best_bid": "0.021", "best_ask": "0.036"}, {"asset_id": "10932124404994466982996249556083211491157987121978879863655771690078801888659", "price": "0.998", "size": "2142.14", "side": "SELL", "hash": "383e4d91dbd9ddb3fbe6ed10a5cd303aad1a2095", "best_bid": "0.964", "best_ask": "0.979"}], "timestamp": "1769384050576", "event_type": "price_change"}}
{"_local_timestamp": "2026-01-25T23:34:10.802268+00:00", "data": {"market": "0x63ef4f7941d9b028f605ff2f7191700fe91da5a9f7beafbc85cd35330650305f", "price_changes": [{"asset_id": "8457731176364125093475218630096873314205820780540275407802665137676577711176", "price": "0.002", "size": "2042.14", "side": "BUY", "hash": "06fe8e8f64367cf3b15df648d40b1503ac7f197c", "best_bid": "0.021", "best_ask": "0.036"}, {"asset_id": "10932124404994466982996249556083211491157987121978879863655771690078801888659", "price": "0.998", "size": "2042.14", "side": "SELL", "hash": "4f701a932483830dbb178ef88275a888a9c11f9f", "best_bid": "0.964", "best_ask": "0.979"}], "timestamp": "1769384050737", "event_type": "price_change"}}
{"_local_timestamp": "2026-01-25T23:34:10.937350+00:00", "data": {"market": "0x63ef4f7941d9b028f605ff2f7191700fe91da5a9f7beafbc85cd35330650305f", "price_changes": [{"asset_id": "8457731176364125093475218630096873314205820780540275407802665137676577711176", "price": "0.002", "size": "2142.14", "side": "BUY", "hash": "3258938946c0250d5ce6d19a6fcf7d9b17e592bf", "best_bid": "0.021", "best_ask": "0.036"}, {"asset_id": "10932124404994466982996249556083211491157987121978879863655771690078801888659", "price": "0.998", "size": "2142.14", "side": "SELL", "hash": "a4fd16565ab6747a1fd8375a5fad01c3213f08f3", "best_bid": "0.964", "best_ask": "0.979"}], "timestamp": "1769384050874", "event_type": "price_change"}}
{"_local_timestamp": "2026-01-25T23:34:11.249573+00:00", "data": {"market": "0x63ef4f7941d9b028f605ff2f7191700fe91da5a9f7beafbc85cd35330650305f", "price_changes": [{"asset_id": "8457731176364125093475218630096873314205820780540275407802665137676577711176", "price": "0.002", "size": "2242.14", "side": "BUY", "hash": "7751ae75fe099c7bd01e718a868ae00fd1f960d4", "best_bid": "0.021", "best_ask": "0.036"}, {"asset_id": "10932124404994466982996249556083211491157987121978879863655771690078801888659", "price": "0.998", "size": "2242.14", "side": "SELL", "hash": "941104da4010850137cc5e08a0607d69a69df23b", "best_bid": "0.964", "best_ask": "0.979"}], "timestamp": "1769384051186", "event_type": "price_change"}}
{"_local_timestamp": "2026-01-25T23:34:11.471722+00:00", "data": {"market": "0x63ef4f7941d9b028f605ff2f7191700fe91da5a9f7beafbc85cd35330650305f", "price_changes": [{"asset_id": "8457731176364125093475218630096873314205820780540275407802665137676577711176", "price": "0.002", "size": "2142.14", "side": "BUY", "hash": "24a65c42220f826c9f9fb7596f3b27ecde751341", "best_bid": "0.021", "best_ask": "0.036"}, {"asset_id": "10932124404994466982996249556083211491157987121978879863655771690078801888659", "price": "0.998", "size": "2142.14", "side": "SELL", "hash": "35efa76cde92c0aff97dae3ccaae2834c9f9d6e5", "best_bid": "0.964", "best_ask": "0.979"}], "timestamp": "1769384051407", "event_type": "price_change"}}
{"_local_timestamp": "2026-01-25T23:34:11.758818+00:00", "data": {"market": "0x63ef4f7941d9b028f605ff2f7191700fe91da5a9f7beafbc85cd35330650305f", "price_changes": [{"asset_id": "8457731176364125093475218630096873314205820780540275407802665137676577711176", "price": "0.002", "size": "2242.14", "side": "BUY", "hash": "abfc7504332383a90090ecf9d1a911c0a07eb1c1", "best_bid": "0.021", "best_ask": "0.036"}, {"asset_id": "10932124404994466982996249556083211491157987121978879863655771690078801888659", "price": "0.998", "size": "2242.14", "side": "SELL", "hash": "8d61d824be019f73a15495eef95eb78fba7382c6", "best_bid": "0.964", "best_ask": "0.979"}], "timestamp": "1769384051694", "event_type": "price_change"}}
{"_local_timestamp": "2026-01-25T23:34:11.761917+00:00", "data": {"market": "0x63ef4f7941d9b028f605ff2f7191700fe91da5a9f7beafbc85cd35330650305f", "price_changes": [{"asset_id": "8457731176364125093475218630096873314205820780540275407802665137676577711176", "price": "0.002", "size": "2142.14", "side": "BUY", "hash": "98b12b622a70535cceb33b4564c451055e7a7191", "best_bid": "0.021", "best_ask": "0.036"}, {"asset_id": "10932124404994466982996249556083211491157987121978879863655771690078801888659", "price": "0.998", "size": "2142.14", "side": "SELL", "hash": "9393b3c7fb3675f90b90fddb9dab45934cbec5d0", "best_bid": "0.964", "best_ask": "0.979"}], "timestamp": "1769384051697", "event_type": "price_change"}}
{"_local_timestamp": "2026-01-25T23:34:12.193237+00:00", "data": {"market": "0x63ef4f7941d9b028f605ff2f7191700fe91da5a9f7beafbc85cd35330650305f", "price_changes": [{"asset_id": "8457731176364125093475218630096873314205820780540275407802665137676577711176", "price": "0.002", "size": "2242.14", "side": "BUY", "hash": "745c87599fdfb8bda8c90fb0d9909e8867d1e959", "best_bid": "0.021", "best_ask": "0.036"}, {"asset_id": "10932124404994466982996249556083211491157987121978879863655771690078801888659", "price": "0.998", "size": "2242.14", "side": "SELL", "hash": "fb6d4c2e9b9c4947390c5c507eefb153caa85c3e", "best_bid": "0.964", "best_ask": "0.979"}], "timestamp": "1769384052122", "event_type": "price_change"}}
{"_local_timestamp": "2026-01-25T23:34:12.322325+00:00", "data": {"market": "0x63ef4f7941d9b028f605ff2f7191700fe91da5a9f7beafbc85cd35330650305f", "price_changes": [{"asset_id": "8457731176364125093475218630096873314205820780540275407802665137676577711176", "price": "0.002", "size": "2142.14", "side": "BUY", "hash": "7f0b84c78dfd3c2516745acff1419e39f9464cd3", "best_bid": "0.021", "best_ask": "0.036"}, {"asset_id": "10932124404994466982996249556083211491157987121978879863655771690078801888659", "price": "0.998", "size": "2142.14", "side": "SELL", "hash": "b7bf48ba5c7337c1786f283ddfd5a6c122fcd598", "best_bid": "0.964", "best_ask": "0.979"}], "timestamp": "1769384052256", "event_type": "price_change"}}
{"_local_timestamp": "2026-01-25T23:34:12.630152+00:00", "data": {"market": "0x63ef4f7941d9b028f605ff2f7191700fe91da5a9f7beafbc85cd35330650305f", "price_changes": [{"asset_id": "8457731176364125093475218630096873314205820780540275407802665137676577711176", "price": "0.002", "size": "2242.14", "side": "BUY", "hash": "3538bc15b46024620cc74c3181284844c95b694e", "best_bid": "0.021", "best_ask": "0.036"}, {"asset_id": "10932124404994466982996249556083211491157987121978879863655771690078801888659", "price": "0.998", "size": "2242.14", "side": "SELL", "hash": "1dd0ab1faf52d4429cae1abcfda1f8f3c38267dd", "best_bid": "0.964", "best_ask": "0.979"}], "timestamp": "1769384052550", "event_type": "price_change"}}
{"_local_timestamp": "2026-01-25T23:34:12.775052+00:00", "data": {"market": "0x63ef4f7941d9b028f605ff2f7191700fe91da5a9f7beafbc85cd35330650305f", "price_changes": [{"asset_id": "8457731176364125093475218630096873314205820780540275407802665137676577711176", "price": "0.002", "size": "2142.14", "side": "BUY", "hash": "6e406b93e111f87cea0e82c82a2d535e0efae839", "best_bid": "0.021", "best_ask": "0.036"}, {"asset_id": "10932124404994466982996249556083211491157987121978879863655771690078801888659", "price": "0.998", "size": "2142.14", "side": "SELL", "hash": "9df1f470074858f55dbb25fa7c76e5d75c45cde6", "best_bid": "0.964", "best_ask": "0.979"}], "timestamp": "1769384052708", "event_type": "price_change"}}
{"_local_timestamp": "2026-01-25T23:34:13.161346+00:00", "data": {"market": "0x63ef4f7941d9b028f605ff2f7191700fe91da5a9f7beafbc85cd35330650305f", "price_changes": [{"asset_id": "8457731176364125093475218630096873314205820780540275407802665137676577711176", "price": "0.002", "size": "2042.14", "side": "BUY", "hash": "6d3da37ef989573a9110a4be8ae0d7dace7e0223", "best_bid": "0.021", "best_ask": "0.036"}, {"asset_id": "10932124404994466982996249556083211491157987121978879863655771690078801888659", "price": "0.998", "size": "2042.14", "side": "SELL", "hash": "43c0fa88ec20fb98001d9d622efb683ac6d14147", "best_bid": "0.964", "best_ask": "0.979"}], "timestamp": "1769384053044", "event_type": "price_change"}}
{"_local_timestamp": "2026-01-25T23:34:13.225205+00:00", "data": {"market": "0x63ef4f7941d9b028f605ff2f7191700fe91da5a9f7beafbc85cd35330650305f", "price_changes": [{"asset_id": "8457731176364125093475218630096873314205820780540275407802665137676577711176", "price": "0.002", "size": "2142.14", "side": "BUY", "hash": "80bef9a204648e2b19567c8d16c6d997b5fb4b1a", "best_bid": "0.021", "best_ask": "0.036"}, {"asset_id": "10932124404994466982996249556083211491157987121978879863655771690078801888659", "price": "0.998", "size": "2142.14", "side": "SELL", "hash": "69f0384cd18d172af2e13f0963e253489fca7eb0", "best_bid": "0.964", "best_ask": "0.979"}], "timestamp": "1769384053156", "event_type": "price_change"}}
{"_local_timestamp": "2026-01-25T23:34:13.508896+00:00", "data": {"market": "0x63ef4f7941d9b028f605ff2f7191700fe91da5a9f7beafbc85cd35330650305f", "price_changes": [{"asset_id": "8457731176364125093475218630096873314205820780540275407802665137676577711176", "price": "0.002", "size": "2242.14", "side": "BUY", "hash": "60d669f69cdaeb1cd3fba9afedbe6ab85eeadb39", "best_bid": "0.021", "best_ask": "0.036"}, {"asset_id": "10932124404994466982996249556083211491157987121978879863655771690078801888659", "price": "0.998", "size": "2242.14", "side": "SELL", "hash": "dd7f6ab386bcd9d331361e0bba02a657f2acbd2b", "best_bid": "0.964", "best_ask": "0.979"}], "timestamp": "1769384053315", "event_type": "price_change"}}
{"_local_timestamp": "2026-01-25T23:34:13.870065+00:00", "data": {"market": "0x63ef4f7941d9b028f605ff2f7191700fe91da5a9f7beafbc85cd35330650305f", "price_changes": [{"asset_id": "8457731176364125093475218630096873314205820780540275407802665137676577711176", "price": "0.002", "size": "2142.14", "side": "BUY", "hash": "3bac49f7396beeb8ef90a82678e0f41ad987d6bb", "best_bid": "0.021", "best_ask": "0.036"}, {"asset_id": "10932124404994466982996249556083211491157987121978879863655771690078801888659", "price": "0.998", "size": "2142.14", "side": "SELL", "hash": "ea6f7941135c3d986a866c307e088bd7fe216fb8", "best_bid": "0.964", "best_ask": "0.979"}], "timestamp": "1769384053804", "event_type": "price_change"}}
{"_local_timestamp": "2026-01-25T23:34:13.925540+00:00", "data": {"market": "0x63ef4f7941d9b028f605ff2f7191700fe91da5a9f7beafbc85cd35330650305f", "price_changes": [{"asset_id": "8457731176364125093475218630096873314205820780540275407802665137676577711176", "price": "0.002", "size": "2042.14", "side": "BUY", "hash": "0ede696e79d5a602e483089d572772ab618f5303", "best_bid": "0.021", "best_ask": "0.036"}, {"asset_id": "10932124404994466982996249556083211491157987121978879863655771690078801888659", "price": "0.998", "size": "2042.14", "side": "SELL", "hash": "5aa642a4332df8713907bbcd0ae7610d40df0017", "best_bid": "0.964", "best_ask": "0.979"}], "timestamp": "1769384053860", "event_type": "price_change"}}
{"_local_timestamp": "2026-01-25T23:34:14.194161+00:00", "data": {"market": "0x63ef4f7941d9b028f605ff2f7191700fe91da5a9f7beafbc85cd35330650305f", "price_changes": [{"asset_id": "8457731176364125093475218630096873314205820780540275407802665137676577711176", "price": "0.002", "size": "2142.14", "side": "BUY", "hash": "bce5d4f6b6e4870ac9c20bc86eb5133957601422", "best_bid": "0.021", "best_ask": "0.036"}, {"asset_id": "10932124404994466982996249556083211491157987121978879863655771690078801888659", "price": "0.998", "size": "2142.14", "side": "SELL", "hash": "d9e56cda969c26852fbb7dfcac593573c3499952", "best_bid": "0.964", "best_ask": "0.979"}], "timestamp": "1769384054125", "event_type": "price_change"}}
{"_local_timestamp": "2026-01-25T23:34:14.413627+00:00", "data": {"market": "0x63ef4f7941d9b028f605ff2f7191700fe91da5a9f7beafbc85cd35330650305f", "price_changes": [{"asset_id": "8457731176364125093475218630096873314205820780540275407802665137676577711176", "price": "0.002", "size": "2242.14", "side": "BUY", "hash": "83a7638963db5c145e897669b86e74bd96913cdb", "best_bid": "0.021", "best_ask": "0.036"}, {"asset_id": "10932124404994466982996249556083211491157987121978879863655771690078801888659", "price": "0.998", "size": "2242.14", "side": "SELL", "hash": "f0b7cf1ea42d8877fb98c137f07a927e90d21a8a", "best_bid": "0.964", "best_ask": "0.979"}], "timestamp": "1769384054339", "event_type": "price_change"}}
{"_local_timestamp": "2026-01-25T23:34:14.736278+00:00", "data": {"market": "0x63ef4f7941d9b028f605ff2f7191700fe91da5a9f7beafbc85cd35330650305f", "price_changes": [{"asset_id": "8457731176364125093475218630096873314205820780540275407802665137676577711176", "price": "0.002", "size": "2142.14", "side": "BUY", "hash": "afe20dba76fc0249f4b7b7f5356262e08dcb577c", "best_bid": "0.021", "best_ask": "0.036"}, {"asset_id": "10932124404994466982996249556083211491157987121978879863655771690078801888659", "price": "0.998", "size": "2142.14", "side": "SELL", "hash": "e757f2c8e0957ff0d6ff07b09ec578fa0a608fee", "best_bid": "0.964", "best_ask": "0.979"}], "timestamp": "1769384054668", "event_type": "price_change"}}
{"_local_timestamp": "2026-01-25T23:34:14.957966+00:00", "data": {"market": "0x63ef4f7941d9b028f605ff2f7191700fe91da5a9f7beafbc85cd35330650305f", "price_changes": [{"asset_id": "8457731176364125093475218630096873314205820780540275407802665137676577711176", "price": "0.002", "size": "2042.14", "side": "BUY", "hash": "e6e2560e5241d59742ac395c5edb7e5a0a370106", "best_bid": "0.021", "best_ask": "0.036"}, {"asset_id": "10932124404994466982996249556083211491157987121978879863655771690078801888659", "price": "0.998", "size": "2042.14", "side": "SELL", "hash": "f91d35daec0398b20c01dc6acf21982a1a7f9fc6", "best_bid": "0.964", "best_ask": "0.979"}], "timestamp": "1769384054886", "event_type": "price_change"}}
{"_local_timestamp": "2026-01-25T23:34:15.060809+00:00", "data": {"market": "0x63ef4f7941d9b028f605ff2f7191700fe91da5a9f7beafbc85cd35330650305f", "price_changes": [{"asset_id": "8457731176364125093475218630096873314205820780540275407802665137676577711176", "price": "0.002", "size": "2142.14", "side": "BUY", "hash": "165c77a5e597e5663418bea5012455c8b703144d", "best_bid": "0.021", "best_ask": "0.036"}, {"asset_id": "10932124404994466982996249556083211491157987121978879863655771690078801888659", "price": "0.998", "size": "2142.14", "side": "SELL", "hash": "eecb5652c6f61fea5ff8a37d027b5e29c757ef39", "best_bid": "0.964", "best_ask": "0.979"}], "timestamp": "1769384054996", "event_type": "price_change"}}
{"_local_timestamp": "2026-01-25T23:34:15.430552+00:00", "data": {"market": "0x63ef4f7941d9b028f605ff2f7191700fe91da5a9f7beafbc85cd35330650305f", "price_changes": [{"asset_id": "8457731176364125093475218630096873314205820780540275407802665137676577711176", "price": "0.002", "size": "2242.14", "side": "BUY", "hash": "7d00e49de8c14d57ef00fe140da34767e3f05f29", "best_bid": "0.021", "best_ask": "0.036"}, {"asset_id": "10932124404994466982996249556083211491157987121978879863655771690078801888659", "price": "0.998", "size": "2242.14", "side": "SELL", "hash": "b7defeac486c7a160004edd7872df87fb5eb61b5", "best_bid": "0.964", "best_ask": "0.979"}], "timestamp": "1769384055364", "event_type": "price_change"}}
{"_local_timestamp": "2026-01-25T23:34:15.655527+00:00", "data": {"market": "0x63ef4f7941d9b028f605ff2f7191700fe91da5a9f7beafbc85cd35330650305f", "price_changes": [{"asset_id": "8457731176364125093475218630096873314205820780540275407802665137676577711176", "price": "0.002", "size": "2142.14", "side": "BUY", "hash": "7a076f8e5d191da3ebec653e875df2312483d4bb", "best_bid": "0.021", "best_ask": "0.036"}, {"asset_id": "10932124404994466982996249556083211491157987121978879863655771690078801888659", "price": "0.998", "size": "2142.14", "side": "SELL", "hash": "206674a125ce34c497f7b9e1eafafd5cad8f56a0", "best_bid": "0.964", "best_ask": "0.979"}], "timestamp": "1769384055586", "event_type": "price_change"}}
{"_local_timestamp": "2026-01-25T23:34:16.040140+00:00", "data": {"market": "0x63ef4f7941d9b028f605ff2f7191700fe91da5a9f7beafbc85cd35330650305f", "price_changes": [{"asset_id": "8457731176364125093475218630096873314205820780540275407802665137676577711176", "price": "0.002", "size": "2242.14", "side": "BUY", "hash": "8a756bed9a144df469e83a2b795c05e278aab49d", "best_bid": "0.021", "best_ask": "0.036"}, {"asset_id": "10932124404994466982996249556083211491157987121978879863655771690078801888659", "price": "0.998", "size": "2242.14", "side": "SELL", "hash": "101ef0126b96bcc96a500383e58ac99f5bb2ebc7", "best_bid": "0.964", "best_ask": "0.979"}], "timestamp": "1769384055971", "event_type": "price_change"}}
{"_local_timestamp": "2026-01-25T23:34:16.052308+00:00", "data": {"market": "0x63ef4f7941d9b028f605ff2f7191700fe91da5a9f7beafbc85cd35330650305f", "price_changes": [{"asset_id": "8457731176364125093475218630096873314205820780540275407802665137676577711176", "price": "0.002", "size": "2142.14", "side": "BUY", "hash": "ab2b13ddddfd158ffa9421f0e590268ead786e78", "best_bid": "0.021", "best_ask": "0.036"}, {"asset_id": "10932124404994466982996249556083211491157987121978879863655771690078801888659", "price": "0.998", "size": "2142.14", "side": "SELL", "hash": "00bd9e7152044ccea32fd29a912e1e6892b85e13", "best_bid": "0.964", "best_ask": "0.979"}], "timestamp": "1769384055976", "event_type": "price_change"}}
{"_local_timestamp": "2026-01-25T23:34:16.494446+00:00", "data": {"market": "0x63ef4f7941d9b028f605ff2f7191700fe91da5a9f7beafbc85cd35330650305f", "price_changes": [{"asset_id": "8457731176364125093475218630096873314205820780540275407802665137676577711176", "price": "0.002", "size": "2242.14", "side": "BUY", "hash": "cfb284e36b5c919bd780745ceedd96717ca34fcc", "best_bid": "0.021", "best_ask": "0.036"}, {"asset_id": "10932124404994466982996249556083211491157987121978879863655771690078801888659", "price": "0.998", "size": "2242.14", "side": "SELL", "hash": "a45f4ac9dd53a454bd27a483e07ccbab99d4ea94", "best_bid": "0.964", "best_ask": "0.979"}], "timestamp": "1769384056426", "event_type": "price_change"}}
{"_local_timestamp": "2026-01-25T23:34:16.572183+00:00", "data": {"market": "0x63ef4f7941d9b028f605ff2f7191700fe91da5a9f7beafbc85cd35330650305f", "price_changes": [{"asset_id": "8457731176364125093475218630096873314205820780540275407802665137676577711176", "price": "0.002", "size": "2142.14", "side": "BUY", "hash": "c48f6c7a7819c7ae0f4707eaab0094b4b6ec411a", "best_bid": "0.021", "best_ask": "0.036"}, {"asset_id": "10932124404994466982996249556083211491157987121978879863655771690078801888659", "price": "0.998", "size": "2142.14", "side": "SELL", "hash": "30a68ca53c9b4b64cac02f0f1cb4bbf457dd2a90", "best_bid": "0.964", "best_ask": "0.979"}], "timestamp": "1769384056503", "event_type": "price_change"}}
{"_local_timestamp": "2026-01-25T23:34:16.858329+00:00", "data": {"market": "0x63ef4f7941d9b028f605ff2f7191700fe91da5a9f7beafbc85cd35330650305f", "price_changes": [{"asset_id": "8457731176364125093475218630096873314205820780540275407802665137676577711176", "price": "0.002", "size": "2242.14", "side": "BUY", "hash": "ae0795af1bb77ed59eba0d9cdf358563d0cfa6a9", "best_bid": "0.021", "best_ask": "0.036"}, {"asset_id": "10932124404994466982996249556083211491157987121978879863655771690078801888659", "price": "0.998", "size": "2242.14", "side": "SELL", "hash": "bfc72d23eea173ed7e9a95bdbf4c85c2b4b9cf95", "best_bid": "0.964", "best_ask": "0.979"}], "timestamp": "1769384056787", "event_type": "price_change"}}
{"_local_timestamp": "2026-01-25T23:34:17.137887+00:00", "data": {"market": "0x63ef4f7941d9b028f605ff2f7191700fe91da5a9f7beafbc85cd35330650305f", "price_changes": [{"asset_id": "8457731176364125093475218630096873314205820780540275407802665137676577711176", "price": "0.002", "size": "2142.14", "side": "BUY", "hash": "b9d2dfb04be2b9dfd4d724f597cc581d2ce02a23", "best_bid": "0.021", "best_ask": "0.036"}, {"asset_id": "10932124404994466982996249556083211491157987121978879863655771690078801888659", "price": "0.998", "size": "2142.14", "side": "SELL", "hash": "228d57fd6983306cfb1eb380d16d28f491a222ef", "best_bid": "0.964", "best_ask": "0.979"}], "timestamp": "1769384057049", "event_type": "price_change"}}
{"_local_timestamp": "2026-01-25T23:34:17.470546+00:00", "data": {"market": "0x63ef4f7941d9b028f605ff2f7191700fe91da5a9f7beafbc85cd35330650305f", "price_changes": [{"asset_id": "8457731176364125093475218630096873314205820780540275407802665137676577711176", "price": "0.002", "size": "2042.14", "side": "BUY", "hash": "f41af52fa8fe3f9608726fb920440a2e041898d9", "best_bid": "0.021", "best_ask": "0.036"}, {"asset_id": "10932124404994466982996249556083211491157987121978879863655771690078801888659", "price": "0.998", "size": "2042.14", "side": "SELL", "hash": "2495f7de3b56b7978f4befd71f022285551ec65a", "best_bid": "0.964", "best_ask": "0.979"}], "timestamp": "1769384057398", "event_type": "price_change"}}
{"_local_timestamp": "2026-01-25T23:34:17.788359+00:00", "data": {"market": "0x63ef4f7941d9b028f605ff2f7191700fe91da5a9f7beafbc85cd35330650305f", "price_changes": [{"asset_id": "8457731176364125093475218630096873314205820780540275407802665137676577711176", "price": "0.002", "size": "2142.14", "side": "BUY", "hash": "d289e32f8bc27263dd5cfb469c1223589c639fd7", "best_bid": "0.021", "best_ask": "0.036"}, {"asset_id": "10932124404994466982996249556083211491157987121978879863655771690078801888659", "price": "0.998", "size": "2142.14", "side": "SELL", "hash": "9a2b6c77ef124fc168f42787a02fc6a63c5d73b7", "best_bid": "0.964", "best_ask": "0.979"}], "timestamp": "1769384057567", "event_type": "price_change"}}
{"_local_timestamp": "2026-01-25T23:34:17.789258+00:00", "data": {"market": "0x63ef4f7941d9b028f605ff2f7191700fe91da5a9f7beafbc85cd35330650305f", "price_changes": [{"asset_id": "8457731176364125093475218630096873314205820780540275407802665137676577711176", "price": "0.002", "size": "2242.14", "side": "BUY", "hash": "ef3a438e1ae33e9312a0c2605c8332368c3fab0d", "best_bid": "0.021", "best_ask": "0.036"}, {"asset_id": "10932124404994466982996249556083211491157987121978879863655771690078801888659", "price": "0.998", "size": "2242.14", "side": "SELL", "hash": "369618a6533d26a0354717a435633702a82f1908", "best_bid": "0.964", "best_ask": "0.979"}], "timestamp": "1769384057691", "event_type": "price_change"}}
{"_local_timestamp": "2026-01-25T23:34:18.200324+00:00", "data": {"market": "0x63ef4f7941d9b028f605ff2f7191700fe91da5a9f7beafbc85cd35330650305f", "price_changes": [{"asset_id": "8457731176364125093475218630096873314205820780540275407802665137676577711176", "price": "0.002", "size": "2142.14", "side": "BUY", "hash": "3064c85663cf9b046e65fba855649e1227efa0fb", "best_bid": "0.021", "best_ask": "0.036"}, {"asset_id": "10932124404994466982996249556083211491157987121978879863655771690078801888659", "price": "0.998", "size": "2142.14", "side": "SELL", "hash": "1b80ffdfdf206c039fe61647290267e40bacda9b", "best_bid": "0.964", "best_ask": "0.979"}], "timestamp": "1769384058110", "event_type": "price_change"}}
{"_local_timestamp": "2026-01-25T23:34:18.332339+00:00", "data": {"market": "0x63ef4f7941d9b028f605ff2f7191700fe91da5a9f7beafbc85cd35330650305f", "price_changes": [{"asset_id": "8457731176364125093475218630096873314205820780540275407802665137676577711176", "price": "0.002", "size": "2042.14", "side": "BUY", "hash": "d6f552a3dc139e3e2dd7f33aded3125df13ba7ac", "best_bid": "0.021", "best_ask": "0.036"}, {"asset_id": "10932124404994466982996249556083211491157987121978879863655771690078801888659", "price": "0.998", "size": "2042.14", "side": "SELL", "hash": "c5b3e3d8ac614ba1379d683158b2e3b2e5df6fe2", "best_bid": "0.964", "best_ask": "0.979"}], "timestamp": "1769384058258", "event_type": "price_change"}}
{"_local_timestamp": "2026-01-25T23:34:18.643686+00:00", "data": {"market": "0x63ef4f7941d9b028f605ff2f7191700fe91da5a9f7beafbc85cd35330650305f", "price_changes": [{"asset_id": "8457731176364125093475218630096873314205820780540275407802665137676577711176", "price": "0.002", "size": "2142.14", "side": "BUY", "hash": "984729f8545b0c3a56566cd762d48e36aed3a613", "best_bid": "0.021", "best_ask": "0.036"}, {"asset_id": "10932124404994466982996249556083211491157987121978879863655771690078801888659", "price": "0.998", "size": "2142.14", "side": "SELL", "hash": "edd50c3eebc60405d0956c4d1513e57cd54393a4", "best_bid": "0.964", "best_ask": "0.979"}], "timestamp": "1769384058564", "event_type": "price_change"}}
{"_local_timestamp": "2026-01-25T23:34:18.683755+00:00", "data": {"market": "0x63ef4f7941d9b028f605ff2f7191700fe91da5a9f7beafbc85cd35330650305f", "price_changes": [{"asset_id": "8457731176364125093475218630096873314205820780540275407802665137676577711176", "price": "0.002", "size": "2242.14", "side": "BUY", "hash": "abacb57360284f52a788d2e245ce25b4fd06faf5", "best_bid": "0.021", "best_ask": "0.036"}, {"asset_id": "10932124404994466982996249556083211491157987121978879863655771690078801888659", "price": "0.998", "size": "2242.14", "side": "SELL", "hash": "e53372c2b888d26cb6edfc069b9893198e43123b", "best_bid": "0.964", "best_ask": "0.979"}], "timestamp": "1769384058615", "event_type": "price_change"}}
{"_local_timestamp": "2026-01-25T23:34:19.206070+00:00", "data": {"market": "0x63ef4f7941d9b028f605ff2f7191700fe91da5a9f7beafbc85cd35330650305f", "price_changes": [{"asset_id": "8457731176364125093475218630096873314205820780540275407802665137676577711176", "price": "0.002", "size": "2142.14", "side": "BUY", "hash": "8265f05ccbca065ba44d743cb1627cb947ad1fb4", "best_bid": "0.021", "best_ask": "0.036"}, {"asset_id": "10932124404994466982996249556083211491157987121978879863655771690078801888659", "price": "0.998", "size": "2142.14", "side": "SELL", "hash": "2bea4f47613e19471b917104bca5bcb692fe473e", "best_bid": "0.964", "best_ask": "0.979"}], "timestamp": "1769384059141", "event_type": "price_change"}}
{"_local_timestamp": "2026-01-25T23:34:19.289520+00:00", "data": {"market": "0x63ef4f7941d9b028f605ff2f7191700fe91da5a9f7beafbc85cd35330650305f", "price_changes": [{"asset_id": "8457731176364125093475218630096873314205820780540275407802665137676577711176", "price": "0.002", "size": "2042.14", "side": "BUY", "hash": "65d01609f84d5f1afe399a7f1e780faf8d10f05c", "best_bid": "0.021", "best_ask": "0.036"}, {"asset_id": "10932124404994466982996249556083211491157987121978879863655771690078801888659", "price": "0.998", "size": "2042.14", "side": "SELL", "hash": "b0daa4ddd4c8bbb7b57211191ad78c1fc3a40a6c", "best_bid": "0.964", "best_ask": "0.979"}], "timestamp": "1769384059219", "event_type": "price_change"}}
{"_local_timestamp": "2026-01-25T23:34:19.510658+00:00", "data": {"market": "0x63ef4f7941d9b028f605ff2f7191700fe91da5a9f7beafbc85cd35330650305f", "price_changes": [{"asset_id": "8457731176364125093475218630096873314205820780540275407802665137676577711176", "price": "0.002", "size": "2142.14", "side": "BUY", "hash": "cb8dd21d9acf98caf4f4f959f0500d2526079bde", "best_bid": "0.021", "best_ask": "0.036"}, {"asset_id": "10932124404994466982996249556083211491157987121978879863655771690078801888659", "price": "0.998", "size": "2142.14", "side": "SELL", "hash": "ba84381970c168be6478ba1952098149c66ac8a2", "best_bid": "0.964", "best_ask": "0.979"}], "timestamp": "1769384059436", "event_type": "price_change"}}
{"_local_timestamp": "2026-01-25T23:34:19.739397+00:00", "data": {"market": "0x63ef4f7941d9b028f605ff2f7191700fe91da5a9f7beafbc85cd35330650305f", "price_changes": [{"asset_id": "8457731176364125093475218630096873314205820780540275407802665137676577711176", "price": "0.002", "size": "2242.14", "side": "BUY", "hash": "0f61f89b5c11782459ff7855f76202ae4b73768b", "best_bid": "0.021", "best_ask": "0.036"}, {"asset_id": "10932124404994466982996249556083211491157987121978879863655771690078801888659", "price": "0.998", "size": "2242.14", "side": "SELL", "hash": "82b839e8b2f03d4cfb3b3d33ba10a106bbd3d55b", "best_bid": "0.964", "best_ask": "0.979"}], "timestamp": "1769384059671", "event_type": "price_change"}}
{"_local_timestamp": "2026-01-25T23:34:19.987732+00:00", "data": {"market": "0x63ef4f7941d9b028f605ff2f7191700fe91da5a9f7beafbc85cd35330650305f", "price_changes": [{"asset_id": "8457731176364125093475218630096873314205820780540275407802665137676577711176", "price": "0.002", "size": "2142.14", "side": "BUY", "hash": "b07fb26c5116f5d1a90911ad3b92f485d17cbb73", "best_bid": "0.021", "best_ask": "0.036"}, {"asset_id": "10932124404994466982996249556083211491157987121978879863655771690078801888659", "price": "0.998", "size": "2142.14", "side": "SELL", "hash": "61d736b039f6ea154cca2c246727bd8798b4558c", "best_bid": "0.964", "best_ask": "0.979"}], "timestamp": "1769384059916", "event_type": "price_change"}}
{"_local_timestamp": "2026-01-25T23:34:20.386546+00:00", "data": {"market": "0x63ef4f7941d9b028f605ff2f7191700fe91da5a9f7beafbc85cd35330650305f", "price_changes": [{"asset_id": "8457731176364125093475218630096873314205820780540275407802665137676577711176", "price": "0.002", "size": "2242.14", "side": "BUY", "hash": "1f391201f673ade58e306512ca57589adc041287", "best_bid": "0.021", "best_ask": "0.036"}, {"asset_id": "10932124404994466982996249556083211491157987121978879863655771690078801888659", "price": "0.998", "size": "2242.14", "side": "SELL", "hash": "35ae42d9658c12c115680fa26496244eb34c9da6", "best_bid": "0.964", "best_ask": "0.979"}], "timestamp": "1769384060309", "event_type": "price_change"}}
{"_local_timestamp": "2026-01-25T23:34:20.457989+00:00", "data": {"market": "0x63ef4f7941d9b028f605ff2f7191700fe91da5a9f7beafbc85cd35330650305f", "price_changes": [{"asset_id": "8457731176364125093475218630096873314205820780540275407802665137676577711176", "price": "0.002", "size": "2142.14", "side": "BUY", "hash": "eded5cff155eebcf3f31573ee9f4b835f13c6ba9", "best_bid": "0.021", "best_ask": "0.036"}, {"asset_id": "10932124404994466982996249556083211491157987121978879863655771690078801888659", "price": "0.998", "size": "2142.14", "side": "SELL", "hash": "6e9461bfea7cf46f6f814594c25c545de7376500", "best_bid": "0.964", "best_ask": "0.979"}], "timestamp": "1769384060392", "event_type": "price_change"}}
{"_local_timestamp": "2026-01-25T23:34:20.905383+00:00", "data": {"market": "0x63ef4f7941d9b028f605ff2f7191700fe91da5a9f7beafbc85cd35330650305f", "price_changes": [{"asset_id": "8457731176364125093475218630096873314205820780540275407802665137676577711176", "price": "0.002", "size": "2042.14", "side": "BUY", "hash": "0780cf0919a01ed77469aab22ead9c365e8093be", "best_bid": "0.021", "best_ask": "0.036"}, {"asset_id": "10932124404994466982996249556083211491157987121978879863655771690078801888659", "price": "0.998", "size": "2042.14", "side": "SELL", "hash": "a4d88a8b1ad7b3ec334c2d02f1c7fbc9bbd0c4b0", "best_bid": "0.964", "best_ask": "0.979"}], "timestamp": "1769384060839", "event_type": "price_change"}}
{"_local_timestamp": "2026-01-25T23:34:20.938449+00:00", "data": {"market": "0x63ef4f7941d9b028f605ff2f7191700fe91da5a9f7beafbc85cd35330650305f", "price_changes": [{"asset_id": "8457731176364125093475218630096873314205820780540275407802665137676577711176", "price": "0.002", "size": "2142.14", "side": "BUY", "hash": "bda2d32b8171a7c7b3f8d6839b01e60b933e48b4", "best_bid": "0.021", "best_ask": "0.036"}, {"asset_id": "10932124404994466982996249556083211491157987121978879863655771690078801888659", "price": "0.998", "size": "2142.14", "side": "SELL", "hash": "aa626ad74f06a7ae8a88c5cb3e3145ee68f02c4e", "best_bid": "0.964", "best_ask": "0.979"}], "timestamp": "1769384060861", "event_type": "price_change"}}
{"_local_timestamp": "2026-01-25T23:34:21.189305+00:00", "data": {"market": "0x63ef4f7941d9b028f605ff2f7191700fe91da5a9f7beafbc85cd35330650305f", "price_changes": [{"asset_id": "8457731176364125093475218630096873314205820780540275407802665137676577711176", "price": "0.002", "size": "2242.14", "side": "BUY", "hash": "53d7616b24bb1c212c23c542ac1097cf6cdeefd6", "best_bid": "0.021", "best_ask": "0.036"}, {"asset_id": "10932124404994466982996249556083211491157987121978879863655771690078801888659", "price": "0.998", "size": "2242.14", "side": "SELL", "hash": "e5914664400d01fb511b445ab9afc48c5bd34e72", "best_bid": "0.964", "best_ask": "0.979"}], "timestamp": "1769384061124", "event_type": "price_change"}}
{"_local_timestamp": "2026-01-25T23:34:21.564362+00:00", "data": {"market": "0x63ef4f7941d9b028f605ff2f7191700fe91da5a9f7beafbc85cd35330650305f", "price_changes": [{"asset_id": "8457731176364125093475218630096873314205820780540275407802665137676577711176", "price": "0.002", "size": "2142.14", "side": "BUY", "hash": "90309c56e924a93128158e758ad04725246ed3fe", "best_bid": "0.021", "best_ask": "0.036"}, {"asset_id": "10932124404994466982996249556083211491157987121978879863655771690078801888659", "price": "0.998", "size": "2142.14", "side": "SELL", "hash": "fb845bca3007607f205a5370ef60cf351b9e3009", "best_bid": "0.964", "best_ask": "0.979"}], "timestamp": "1769384061491", "event_type": "price_change"}}
{"_local_timestamp": "2026-01-25T23:34:21.757087+00:00", "data": {"market": "0x63ef4f7941d9b028f605ff2f7191700fe91da5a9f7beafbc85cd35330650305f", "price_changes": [{"asset_id": "8457731176364125093475218630096873314205820780540275407802665137676577711176", "price": "0.002", "size": "2042.14", "side": "BUY", "hash": "8317befd57fcf1deea6a0c1bd655e63b0eddeddd", "best_bid": "0.021", "best_ask": "0.036"}, {"asset_id": "10932124404994466982996249556083211491157987121978879863655771690078801888659", "price": "0.998", "size": "2042.14", "side": "SELL", "hash": "9d65935300071d9e1771ac590d1a8af6cb76ddec", "best_bid": "0.964", "best_ask": "0.979"}], "timestamp": "1769384061690", "event_type": "price_change"}}
{"_local_timestamp": "2026-01-25T23:34:22.022848+00:00", "data": {"market": "0x63ef4f7941d9b028f605ff2f7191700fe91da5a9f7beafbc85cd35330650305f", "price_changes": [{"asset_id": "8457731176364125093475218630096873314205820780540275407802665137676577711176", "price": "0.002", "size": "2142.14", "side": "BUY", "hash": "f462ba98ff070ee0b2d06a9fdde86c7c81c8af74", "best_bid": "0.021", "best_ask": "0.036"}, {"asset_id": "10932124404994466982996249556083211491157987121978879863655771690078801888659", "price": "0.998", "size": "2142.14", "side": "SELL", "hash": "d28db761f20b300588787bc2568afc9c4f41ed19", "best_bid": "0.964", "best_ask": "0.979"}], "timestamp": "1769384061951", "event_type": "price_change"}}
{"_local_timestamp": "2026-01-25T23:34:22.053225+00:00", "data": {"market": "0x63ef4f7941d9b028f605ff2f7191700fe91da5a9f7beafbc85cd35330650305f", "price_changes": [{"asset_id": "8457731176364125093475218630096873314205820780540275407802665137676577711176", "price": "0.002", "size": "2242.14", "side": "BUY", "hash": "77f03325dcb3b8d57df5a40bc69d5b1ab64fe271", "best_bid": "0.021", "best_ask": "0.036"}, {"asset_id": "10932124404994466982996249556083211491157987121978879863655771690078801888659", "price": "0.998", "size": "2242.14", "side": "SELL", "hash": "8a95894e9118c931c96cc8dd4f1d2d9839f52f61", "best_bid": "0.964", "best_ask": "0.979"}], "timestamp": "1769384061987", "event_type": "price_change"}}
{"_local_timestamp": "2026-01-25T23:34:22.577055+00:00", "data": {"market": "0x63ef4f7941d9b028f605ff2f7191700fe91da5a9f7beafbc85cd35330650305f", "price_changes": [{"asset_id": "8457731176364125093475218630096873314205820780540275407802665137676577711176", "price": "0.002", "size": "2142.14", "side": "BUY", "hash": "5c23d88660d3218653c7426f7845b1b364bc858b", "best_bid": "0.021", "best_ask": "0.036"}, {"asset_id": "10932124404994466982996249556083211491157987121978879863655771690078801888659", "price": "0.998", "size": "2142.14", "side": "SELL", "hash": "e268e3f10780e6f13709707edf02673f510ff306", "best_bid": "0.964", "best_ask": "0.979"}], "timestamp": "1769384062507", "event_type": "price_change"}}
{"_local_timestamp": "2026-01-25T23:34:22.584525+00:00", "data": {"market": "0x63ef4f7941d9b028f605ff2f7191700fe91da5a9f7beafbc85cd35330650305f", "price_changes": [{"asset_id": "8457731176364125093475218630096873314205820780540275407802665137676577711176", "price": "0.002", "size": "2042.14", "side": "BUY", "hash": "7bbe999170a49803f7ae632f03beba4ca2c32faf", "best_bid": "0.021", "best_ask": "0.036"}, {"asset_id": "10932124404994466982996249556083211491157987121978879863655771690078801888659", "price": "0.998", "size": "2042.14", "side": "SELL", "hash": "76c874debef58ab3a3e493127a7e7131cd289233", "best_bid": "0.964", "best_ask": "0.979"}], "timestamp": "1769384062522", "event_type": "price_change"}}
{"_local_timestamp": "2026-01-25T23:34:22.928858+00:00", "data": {"market": "0x63ef4f7941d9b028f605ff2f7191700fe91da5a9f7beafbc85cd35330650305f", "price_changes": [{"asset_id": "8457731176364125093475218630096873314205820780540275407802665137676577711176", "price": "0.002", "size": "2142.14", "side": "BUY", "hash": "fe769e8f15d5b7f928160e4a67c9d19f9643ccdf", "best_bid": "0.021", "best_ask": "0.036"}, {"asset_id": "10932124404994466982996249556083211491157987121978879863655771690078801888659", "price": "0.998", "size": "2142.14", "side": "SELL", "hash": "83d7f60a8212a11904a590249da485fc78b554fd", "best_bid": "0.964", "best_ask": "0.979"}], "timestamp": "1769384062837", "event_type": "price_change"}}
{"_local_timestamp": "2026-01-25T23:34:23.013705+00:00", "data": {"market": "0x63ef4f7941d9b028f605ff2f7191700fe91da5a9f7beafbc85cd35330650305f", "price_changes": [{"asset_id": "8457731176364125093475218630096873314205820780540275407802665137676577711176", "price": "0.002", "size": "2242.14", "side": "BUY", "hash": "5218a0a8edb6b9730f5fd080b4dd9e8a08f19d7b", "best_bid": "0.021", "best_ask": "0.036"}, {"asset_id": "10932124404994466982996249556083211491157987121978879863655771690078801888659", "price": "0.998", "size": "2242.14", "side": "SELL", "hash": "949b78ca118416d5c8b3025cdac7166af9abfa49", "best_bid": "0.964", "best_ask": "0.979"}], "timestamp": "1769384062945", "event_type": "price_change"}}
{"_local_timestamp": "2026-01-25T23:34:23.497720+00:00", "data": {"market": "0x63ef4f7941d9b028f605ff2f7191700fe91da5a9f7beafbc85cd35330650305f", "price_changes": [{"asset_id": "8457731176364125093475218630096873314205820780540275407802665137676577711176", "price": "0.002", "size": "2142.14", "side": "BUY", "hash": "6dcb21f74dc4694fdfdfffc7476f488a1a2be1dd", "best_bid": "0.021", "best_ask": "0.036"}, {"asset_id": "10932124404994466982996249556083211491157987121978879863655771690078801888659", "price": "0.998", "size": "2142.14", "side": "SELL", "hash": "40fdc9135c17d2feb080807008ccce2d19de631c", "best_bid": "0.964", "best_ask": "0.979"}], "timestamp": "1769384063428", "event_type": "price_change"}}
{"_local_timestamp": "2026-01-25T23:34:23.616056+00:00", "data": {"market": "0x63ef4f7941d9b028f605ff2f7191700fe91da5a9f7beafbc85cd35330650305f", "price_changes": [{"asset_id": "8457731176364125093475218630096873314205820780540275407802665137676577711176", "price": "0.002", "size": "2042.14", "side": "BUY", "hash": "b273a73b0d014db95e196d09ef48fa28ddfa9180", "best_bid": "0.021", "best_ask": "0.036"}, {"asset_id": "10932124404994466982996249556083211491157987121978879863655771690078801888659", "price": "0.998", "size": "2042.14", "side": "SELL", "hash": "089912d0abbf59d6aeaad991e04dbdb2fe16f2e2", "best_bid": "0.964", "best_ask": "0.979"}], "timestamp": "1769384063551", "event_type": "price_change"}}
{"_local_timestamp": "2026-01-25T23:34:23.793914+00:00", "data": {"market": "0x63ef4f7941d9b028f605ff2f7191700fe91da5a9f7beafbc85cd35330650305f", "price_changes": [{"asset_id": "8457731176364125093475218630096873314205820780540275407802665137676577711176", "price": "0.002", "size": "2142.14", "side": "BUY", "hash": "2752d38e82e738e5499a9ad937964e522de272a0", "best_bid": "0.021", "best_ask": "0.036"}, {"asset_id": "10932124404994466982996249556083211491157987121978879863655771690078801888659", "price": "0.998", "size": "2142.14", "side": "SELL", "hash": "8ee2cfad29fa88da633bc202115fdb935723da20", "best_bid": "0.964", "best_ask": "0.979"}], "timestamp": "1769384063717", "event_type": "price_change"}}
{"_local_timestamp": "2026-01-25T23:34:24.054152+00:00", "data": {"market": "0x63ef4f7941d9b028f605ff2f7191700fe91da5a9f7beafbc85cd35330650305f", "price_changes": [{"asset_id": "8457731176364125093475218630096873314205820780540275407802665137676577711176", "price": "0.002", "size": "2242.14", "side": "BUY", "hash": "7c51df3287c0f1d0327456b77cece7a6d25990f9", "best_bid": "0.021", "best_ask": "0.036"}, {"asset_id": "10932124404994466982996249556083211491157987121978879863655771690078801888659", "price": "0.998", "size": "2242.14", "side": "SELL", "hash": "23473e2fb992a671d412e732098860c883c7b2c8", "best_bid": "0.964", "best_ask": "0.979"}], "timestamp": "1769384063982", "event_type": "price_change"}}
{"_local_timestamp": "2026-01-25T23:34:24.282071+00:00", "data": {"market": "0x63ef4f7941d9b028f605ff2f7191700fe91da5a9f7beafbc85cd35330650305f", "price_changes": [{"asset_id": "8457731176364125093475218630096873314205820780540275407802665137676577711176", "price": "0.002", "size": "2142.14", "side": "BUY", "hash": "9e4b9c945407dbdccabb3abfd6b2a010d5fbdd38", "best_bid": "0.021", "best_ask": "0.036"}, {"asset_id": "10932124404994466982996249556083211491157987121978879863655771690078801888659", "price": "0.998", "size": "2142.14", "side": "SELL", "hash": "ecfa38f4179f8d643b8801122ccd62b27cde9d71", "best_bid": "0.964", "best_ask": "0.979"}], "timestamp": "1769384064216", "event_type": "price_change"}}
{"_local_timestamp": "2026-01-25T23:34:24.625173+00:00", "data": {"market": "0x63ef4f7941d9b028f605ff2f7191700fe91da5a9f7beafbc85cd35330650305f", "price_changes": [{"asset_id": "8457731176364125093475218630096873314205820780540275407802665137676577711176", "price": "0.002", "size": "2242.14", "side": "BUY", "hash": "6c91726807a3df9de8b954f5d6edd0b04ce9d2da", "best_bid": "0.021", "best_ask": "0.036"}, {"asset_id": "10932124404994466982996249556083211491157987121978879863655771690078801888659", "price": "0.998", "size": "2242.14", "side": "SELL", "hash": "0ef4ade0390a7794d0ae5a2d7ce9584427fb4dcf", "best_bid": "0.964", "best_ask": "0.979"}], "timestamp": "1769384064551", "event_type": "price_change"}}
{"_local_timestamp": "2026-01-25T23:34:24.635863+00:00", "data": {"market": "0x63ef4f7941d9b028f605ff2f7191700fe91da5a9f7beafbc85cd35330650305f", "price_changes": [{"asset_id": "8457731176364125093475218630096873314205820780540275407802665137676577711176", "price": "0.002", "size": "2142.14", "side": "BUY", "hash": "d7223e29e4e76fc37b018315a71095cf2260da87", "best_bid": "0.021", "best_ask": "0.036"}, {"asset_id": "10932124404994466982996249556083211491157987121978879863655771690078801888659", "price": "0.998", "size": "2142.14", "side": "SELL", "hash": "ac494ef1e72476cc1fdab7ec8e869dd74db48a69", "best_bid": "0.964", "best_ask": "0.979"}], "timestamp": "1769384064564", "event_type": "price_change"}}
{"_local_timestamp": "2026-01-25T23:34:25.102219+00:00", "data": {"market": "0x63ef4f7941d9b028f605ff2f7191700fe91da5a9f7beafbc85cd35330650305f", "price_changes": [{"asset_id": "8457731176364125093475218630096873314205820780540275407802665137676577711176", "price": "0.002", "size": "2242.14", "side": "BUY", "hash": "66647b6ad316a15120dd93bfdf993d4bdc0c3678", "best_bid": "0.021", "best_ask": "0.036"}, {"asset_id": "10932124404994466982996249556083211491157987121978879863655771690078801888659", "price": "0.998", "size": "2242.14", "side": "SELL", "hash": "a99004222524e7a72732afa9510d3ff998a5b633", "best_bid": "0.964", "best_ask": "0.979"}], "timestamp": "1769384065032", "event_type": "price_change"}}
{"_local_timestamp": "2026-01-25T23:34:25.153643+00:00", "data": {"market": "0x63ef4f7941d9b028f605ff2f7191700fe91da5a9f7beafbc85cd35330650305f", "price_changes": [{"asset_id": "8457731176364125093475218630096873314205820780540275407802665137676577711176", "price": "0.002", "size": "2142.14", "side": "BUY", "hash": "9d1ad5876c8caf8494c1f1b1ee5eeeaebc4085ed", "best_bid": "0.021", "best_ask": "0.036"}, {"asset_id": "10932124404994466982996249556083211491157987121978879863655771690078801888659", "price": "0.998", "size": "2142.14", "side": "SELL", "hash": "97c889bcc408e5f75a491b7bfdf85e4ed3c6e22f", "best_bid": "0.964", "best_ask": "0.979"}], "timestamp": "1769384065073", "event_type": "price_change"}}
{"_local_timestamp": "2026-01-25T23:34:25.534766+00:00", "data": {"market": "0x63ef4f7941d9b028f605ff2f7191700fe91da5a9f7beafbc85cd35330650305f", "price_changes": [{"asset_id": "8457731176364125093475218630096873314205820780540275407802665137676577711176", "price": "0.002", "size": "2242.14", "side": "BUY", "hash": "5075947ebca41a0b06ca79f5b9cc35a42cb50811", "best_bid": "0.021", "best_ask": "0.036"}, {"asset_id": "10932124404994466982996249556083211491157987121978879863655771690078801888659", "price": "0.998", "size": "2242.14", "side": "SELL", "hash": "5f1e9cc70e41aebea4e8f86269222c08df038d53", "best_bid": "0.964", "best_ask": "0.979"}], "timestamp": "1769384065416", "event_type": "price_change"}}
{"_local_timestamp": "2026-01-25T23:34:25.648923+00:00", "data": {"market": "0x63ef4f7941d9b028f605ff2f7191700fe91da5a9f7beafbc85cd35330650305f", "price_changes": [{"asset_id": "8457731176364125093475218630096873314205820780540275407802665137676577711176", "price": "0.002", "size": "2142.14", "side": "BUY", "hash": "700d0599969a626007dd01609c4724a103c42d69", "best_bid": "0.021", "best_ask": "0.036"}, {"asset_id": "10932124404994466982996249556083211491157987121978879863655771690078801888659", "price": "0.998", "size": "2142.14", "side": "SELL", "hash": "f36b378bb045d2f0adb116e98fe0fb9194242884", "best_bid": "0.964", "best_ask": "0.979"}], "timestamp": "1769384065575", "event_type": "price_change"}}
{"_local_timestamp": "2026-01-25T23:34:26.019110+00:00", "data": {"market": "0x63ef4f7941d9b028f605ff2f7191700fe91da5a9f7beafbc85cd35330650305f", "price_changes": [{"asset_id": "8457731176364125093475218630096873314205820780540275407802665137676577711176", "price": "0.002", "size": "2042.14", "side": "BUY", "hash": "9ad70a73bbbfd75da5ea6ef77f1730f2a410203a", "best_bid": "0.021", "best_ask": "0.036"}, {"asset_id": "10932124404994466982996249556083211491157987121978879863655771690078801888659", "price": "0.998", "size": "2042.14", "side": "SELL", "hash": "84da4acfcc71b61ef3562a326fa054fabb03675e", "best_bid": "0.964", "best_ask": "0.979"}], "timestamp": "1769384065946", "event_type": "price_change"}}
{"_local_timestamp": "2026-01-25T23:34:26.173940+00:00", "data": {"market": "0x63ef4f7941d9b028f605ff2f7191700fe91da5a9f7beafbc85cd35330650305f", "price_changes": [{"asset_id": "8457731176364125093475218630096873314205820780540275407802665137676577711176", "price": "0.002", "size": "2142.14", "side": "BUY", "hash": "3846c6e3c6213b8af884fee3aa8d006c23acbe09", "best_bid": "0.021", "best_ask": "0.036"}, {"asset_id": "10932124404994466982996249556083211491157987121978879863655771690078801888659", "price": "0.998", "size": "2142.14", "side": "SELL", "hash": "9573edfa18d983358a54e14da7403f9db415b937", "best_bid": "0.964", "best_ask": "0.979"}], "timestamp": "1769384066107", "event_type": "price_change"}}
{"_local_timestamp": "2026-01-25T23:34:26.333554+00:00", "data": {"market": "0x63ef4f7941d9b028f605ff2f7191700fe91da5a9f7beafbc85cd35330650305f", "price_changes": [{"asset_id": "8457731176364125093475218630096873314205820780540275407802665137676577711176", "price": "0.002", "size": "2242.14", "side": "BUY", "hash": "452f9cfd863a0ae80bc5ac9cc8c52f9320d095e2", "best_bid": "0.021", "best_ask": "0.036"}, {"asset_id": "10932124404994466982996249556083211491157987121978879863655771690078801888659", "price": "0.998", "size": "2242.14", "side": "SELL", "hash": "b047aa6c6e576343818ba00387891737815aad73", "best_bid": "0.964", "best_ask": "0.979"}], "timestamp": "1769384066228", "event_type": "price_change"}}
{"_local_timestamp": "2026-01-25T23:34:26.721160+00:00", "data": {"market": "0x63ef4f7941d9b028f605ff2f7191700fe91da5a9f7beafbc85cd35330650305f", "price_changes": [{"asset_id": "8457731176364125093475218630096873314205820780540275407802665137676577711176", "price": "0.002", "size": "2142.14", "side": "BUY", "hash": "72880c02fc93b4a636dc6ec73a65f673c13a5ab7", "best_bid": "0.021", "best_ask": "0.036"}, {"asset_id": "10932124404994466982996249556083211491157987121978879863655771690078801888659", "price": "0.998", "size": "2142.14", "side": "SELL", "hash": "0ad7191a698cb68514743295b8e2d509267558e9", "best_bid": "0.964", "best_ask": "0.979"}], "timestamp": "1769384066634", "event_type": "price_change"}}
{"_local_timestamp": "2026-01-25T23:34:26.791770+00:00", "data": {"market": "0x63ef4f7941d9b028f605ff2f7191700fe91da5a9f7beafbc85cd35330650305f", "price_changes": [{"asset_id": "8457731176364125093475218630096873314205820780540275407802665137676577711176", "price": "0.002", "size": "2042.14", "side": "BUY", "hash": "ad0a56133553ffb06bf6f8c41ca633dcb5eefde6", "best_bid": "0.021", "best_ask": "0.036"}, {"asset_id": "10932124404994466982996249556083211491157987121978879863655771690078801888659", "price": "0.998", "size": "2042.14", "side": "SELL", "hash": "36252be089ecc2cbc5f01f4cf2230501c4fd4d0f", "best_bid": "0.964", "best_ask": "0.979"}], "timestamp": "1769384066727", "event_type": "price_change"}}
{"_local_timestamp": "2026-01-25T23:34:27.149222+00:00", "data": {"market": "0x63ef4f7941d9b028f605ff2f7191700fe91da5a9f7beafbc85cd35330650305f", "price_changes": [{"asset_id": "8457731176364125093475218630096873314205820780540275407802665137676577711176", "price": "0.002", "size": "2142.14", "side": "BUY", "hash": "db568a4107cf5edcd01026526da3fed72b51447f", "best_bid": "0.021", "best_ask": "0.036"}, {"asset_id": "10932124404994466982996249556083211491157987121978879863655771690078801888659", "price": "0.998", "size": "2142.14", "side": "SELL", "hash": "a42d5493d1ec0257c7f09d576987ac996d299cbd", "best_bid": "0.964", "best_ask": "0.979"}], "timestamp": "1769384067065", "event_type": "price_change"}}
{"_local_timestamp": "2026-01-25T23:34:27.154620+00:00", "data": {"market": "0x63ef4f7941d9b028f605ff2f7191700fe91da5a9f7beafbc85cd35330650305f", "price_changes": [{"asset_id": "8457731176364125093475218630096873314205820780540275407802665137676577711176", "price": "0.002", "size": "2242.14", "side": "BUY", "hash": "3cb2275813fdf3d0281a4ed9a49a588253ec6905", "best_bid": "0.021", "best_ask": "0.036"}, {"asset_id": "10932124404994466982996249556083211491157987121978879863655771690078801888659", "price": "0.998", "size": "2242.14", "side": "SELL", "hash": "d3c05e7fbb0b27c858cb616663ad801b68a8b1c1", "best_bid": "0.964", "best_ask": "0.979"}], "timestamp": "1769384067073", "event_type": "price_change"}}
{"_local_timestamp": "2026-01-25T23:34:27.897377+00:00", "data": {"market": "0x63ef4f7941d9b028f605ff2f7191700fe91da5a9f7beafbc85cd35330650305f", "price_changes": [{"asset_id": "8457731176364125093475218630096873314205820780540275407802665137676577711176", "price": "0.002", "size": "2142.14", "side": "BUY", "hash": "c240c3a22f2d8ee5ad66973c6936cda819217d77", "best_bid": "0.021", "best_ask": "0.036"}, {"asset_id": "10932124404994466982996249556083211491157987121978879863655771690078801888659", "price": "0.998", "size": "2142.14", "side": "SELL", "hash": "b2d496930f33033bb8de118ec3787f045edc857c", "best_bid": "0.964", "best_ask": "0.979"}], "timestamp": "1769384067645", "event_type": "price_change"}}
{"_local_timestamp": "2026-01-25T23:34:27.913497+00:00", "data": {"market": "0x63ef4f7941d9b028f605ff2f7191700fe91da5a9f7beafbc85cd35330650305f", "price_changes": [{"asset_id": "8457731176364125093475218630096873314205820780540275407802665137676577711176", "price": "0.002", "size": "2042.14", "side": "BUY", "hash": "35d15128617bdbc39da3150dbe510030e127a6c8", "best_bid": "0.021", "best_ask": "0.036"}, {"asset_id": "10932124404994466982996249556083211491157987121978879863655771690078801888659", "price": "0.998", "size": "2042.14", "side": "SELL", "hash": "82a35e3d252752402a079b814898480c2bef72ae", "best_bid": "0.964", "best_ask": "0.979"}], "timestamp": "1769384067685", "event_type": "price_change"}}
{"_local_timestamp": "2026-01-25T23:34:28.035016+00:00", "data": {"market": "0x63ef4f7941d9b028f605ff2f7191700fe91da5a9f7beafbc85cd35330650305f", "price_changes": [{"asset_id": "8457731176364125093475218630096873314205820780540275407802665137676577711176", "price": "0.002", "size": "2142.14", "side": "BUY", "hash": "4b671a74f24d42e884d02c0d5e72051367834fc4", "best_bid": "0.021", "best_ask": "0.036"}, {"asset_id": "10932124404994466982996249556083211491157987121978879863655771690078801888659", "price": "0.998", "size": "2142.14", "side": "SELL", "hash": "b6b9c0029adb2e4a65146d8405f20d146bc83153", "best_bid": "0.964", "best_ask": "0.979"}], "timestamp": "1769384067964", "event_type": "price_change"}}
{"_local_timestamp": "2026-01-25T23:34:28.327707+00:00", "data": {"market": "0x63ef4f7941d9b028f605ff2f7191700fe91da5a9f7beafbc85cd35330650305f", "price_changes": [{"asset_id": "8457731176364125093475218630096873314205820780540275407802665137676577711176", "price": "0.002", "size": "2242.14", "side": "BUY", "hash": "115c45ceeba76e8843504696067b645dd2037c35", "best_bid": "0.021", "best_ask": "0.036"}, {"asset_id": "10932124404994466982996249556083211491157987121978879863655771690078801888659", "price": "0.998", "size": "2242.14", "side": "SELL", "hash": "719be77730c0efed0328693b0f9a02dcdb6e824d", "best_bid": "0.964", "best_ask": "0.979"}], "timestamp": "1769384068187", "event_type": "price_change"}}
{"_local_timestamp": "2026-01-25T23:34:28.972522+00:00", "data": {"market": "0x63ef4f7941d9b028f605ff2f7191700fe91da5a9f7beafbc85cd35330650305f", "price_changes": [{"asset_id": "8457731176364125093475218630096873314205820780540275407802665137676577711176", "price": "0.002", "size": "2142.14", "side": "BUY", "hash": "1d6fc6f68084e98509424db174472d2537ef38e4", "best_bid": "0.021", "best_ask": "0.036"}, {"asset_id": "10932124404994466982996249556083211491157987121978879863655771690078801888659", "price": "0.998", "size": "2142.14", "side": "SELL", "hash": "568a84a58131316eda743319c68998fa4ed16d5d", "best_bid": "0.964", "best_ask": "0.979"}], "timestamp": "1769384068584", "event_type": "price_change"}}
{"_local_timestamp": "2026-01-25T23:34:29.122603+00:00", "data": {"market": "0x63ef4f7941d9b028f605ff2f7191700fe91da5a9f7beafbc85cd35330650305f", "price_changes": [{"asset_id": "8457731176364125093475218630096873314205820780540275407802665137676577711176", "price": "0.002", "size": "2042.14", "side": "BUY", "hash": "245a29874c5707524916bdf10a7351384bf43391", "best_bid": "0.021", "best_ask": "0.036"}, {"asset_id": "10932124404994466982996249556083211491157987121978879863655771690078801888659", "price": "0.998", "size": "2042.14", "side": "SELL", "hash": "9775b8abf7d56829ff17ab2c91410fa2f2026dfe", "best_bid": "0.964", "best_ask": "0.979"}], "timestamp": "1769384068869", "event_type": "price_change"}}
{"_local_timestamp": "2026-01-25T23:34:29.187127+00:00", "data": {"market": "0x63ef4f7941d9b028f605ff2f7191700fe91da5a9f7beafbc85cd35330650305f", "price_changes": [{"asset_id": "8457731176364125093475218630096873314205820780540275407802665137676577711176", "price": "0.002", "size": "2142.14", "side": "BUY", "hash": "29905f2e785fe59cb473fb2cf996495f56584e24", "best_bid": "0.021", "best_ask": "0.036"}, {"asset_id": "10932124404994466982996249556083211491157987121978879863655771690078801888659", "price": "0.998", "size": "2142.14", "side": "SELL", "hash": "e0da02225db65abe487e79ceb2d386a1aab87a0b", "best_bid": "0.964", "best_ask": "0.979"}], "timestamp": "1769384068935", "event_type": "price_change"}}
{"_local_timestamp": "2026-01-25T23:34:29.437467+00:00", "data": {"market": "0x63ef4f7941d9b028f605ff2f7191700fe91da5a9f7beafbc85cd35330650305f", "price_changes": [{"asset_id": "8457731176364125093475218630096873314205820780540275407802665137676577711176", "price": "0.002", "size": "2242.14", "side": "BUY", "hash": "34cd04c38673fac36a4a8657bdd39ce20ae5c474", "best_bid": "0.021", "best_ask": "0.036"}, {"asset_id": "10932124404994466982996249556083211491157987121978879863655771690078801888659", "price": "0.998", "size": "2242.14", "side": "SELL", "hash": "9d864404c48af71a071d40987e63bf3cfd0cc610", "best_bid": "0.964", "best_ask": "0.979"}], "timestamp": "1769384069373", "event_type": "price_change"}}
{"_local_timestamp": "2026-01-25T23:34:29.647317+00:00", "data": {"market": "0x63ef4f7941d9b028f605ff2f7191700fe91da5a9f7beafbc85cd35330650305f", "price_changes": [{"asset_id": "8457731176364125093475218630096873314205820780540275407802665137676577711176", "price": "0.002", "size": "2142.14", "side": "BUY", "hash": "e8afd268e50c4eaa18fd6c88fa4c14efb08ca74d", "best_bid": "0.021", "best_ask": "0.036"}, {"asset_id": "10932124404994466982996249556083211491157987121978879863655771690078801888659", "price": "0.998", "size": "2142.14", "side": "SELL", "hash": "9a2d0cafe8854cbb622b529838be942bd2520474", "best_bid": "0.964", "best_ask": "0.979"}], "timestamp": "1769384069567", "event_type": "price_change"}}
{"_local_timestamp": "2026-01-25T23:34:30.054934+00:00", "data": {"market": "0x63ef4f7941d9b028f605ff2f7191700fe91da5a9f7beafbc85cd35330650305f", "price_changes": [{"asset_id": "8457731176364125093475218630096873314205820780540275407802665137676577711176", "price": "0.002", "size": "2242.14", "side": "BUY", "hash": "d13033cc3d620caea73378a6f32e70666fe60d4e", "best_bid": "0.021", "best_ask": "0.036"}, {"asset_id": "10932124404994466982996249556083211491157987121978879863655771690078801888659", "price": "0.998", "size": "2242.14", "side": "SELL", "hash": "4c6c519397b41d72b214913c685b6d56d97da24e", "best_bid": "0.964", "best_ask": "0.979"}], "timestamp": "1769384069878", "event_type": "price_change"}}
{"_local_timestamp": "2026-01-25T23:34:30.112886+00:00", "data": {"market": "0x63ef4f7941d9b028f605ff2f7191700fe91da5a9f7beafbc85cd35330650305f", "price_changes": [{"asset_id": "8457731176364125093475218630096873314205820780540275407802665137676577711176", "price": "0.002", "size": "2142.14", "side": "BUY", "hash": "cf96dc7840de2c5a09d7d8fd12a9d777faf9163d", "best_bid": "0.021", "best_ask": "0.036"}, {"asset_id": "10932124404994466982996249556083211491157987121978879863655771690078801888659", "price": "0.998", "size": "2142.14", "side": "SELL", "hash": "80bb34f52759ccbbb4fc4dcc90c0c5aff1b16042", "best_bid": "0.964", "best_ask": "0.979"}], "timestamp": "1769384069943", "event_type": "price_change"}}
{"_local_timestamp": "2026-01-25T23:34:30.550700+00:00", "data": {"market": "0x63ef4f7941d9b028f605ff2f7191700fe91da5a9f7beafbc85cd35330650305f", "price_changes": [{"asset_id": "8457731176364125093475218630096873314205820780540275407802665137676577711176", "price": "0.002", "size": "2242.14", "side": "BUY", "hash": "9018c037221fad6430f23686e5ff5dcde575eafb", "best_bid": "0.021", "best_ask": "0.036"}, {"asset_id": "10932124404994466982996249556083211491157987121978879863655771690078801888659", "price": "0.998", "size": "2242.14", "side": "SELL", "hash": "0d28faeaca3983e6b8de83ece8212efcf0a05fb3", "best_bid": "0.964", "best_ask": "0.979"}], "timestamp": "1769384070377", "event_type": "price_change"}}
{"_local_timestamp": "2026-01-25T23:34:30.577832+00:00", "data": {"market": "0x63ef4f7941d9b028f605ff2f7191700fe91da5a9f7beafbc85cd35330650305f", "price_changes": [{"asset_id": "8457731176364125093475218630096873314205820780540275407802665137676577711176", "price": "0.002", "size": "2142.14", "side": "BUY", "hash": "56f351182db098accf3d4d459639548bfb099904", "best_bid": "0.021", "best_ask": "0.036"}, {"asset_id": "10932124404994466982996249556083211491157987121978879863655771690078801888659", "price": "0.998", "size": "2142.14", "side": "SELL", "hash": "8e75c6ef85296e3a640a89ce2eeed61f34ddf79f", "best_bid": "0.964", "best_ask": "0.979"}], "timestamp": "1769384070388", "event_type": "price_change"}}
{"_local_timestamp": "2026-01-25T23:34:30.767246+00:00", "data": {"market": "0x63ef4f7941d9b028f605ff2f7191700fe91da5a9f7beafbc85cd35330650305f", "price_changes": [{"asset_id": "8457731176364125093475218630096873314205820780540275407802665137676577711176", "price": "0.002", "size": "2242.14", "side": "BUY", "hash": "3f9505db03730860afb76520a84198d6e6ec37b0", "best_bid": "0.021", "best_ask": "0.036"}, {"asset_id": "10932124404994466982996249556083211491157987121978879863655771690078801888659", "price": "0.998", "size": "2242.14", "side": "SELL", "hash": "4a104f74594592b84974189c387512227861f22f", "best_bid": "0.964", "best_ask": "0.979"}], "timestamp": "1769384070701", "event_type": "price_change"}}
{"_local_timestamp": "2026-01-25T23:34:31.086488+00:00", "data": {"market": "0x63ef4f7941d9b028f605ff2f7191700fe91da5a9f7beafbc85cd35330650305f", "price_changes": [{"asset_id": "8457731176364125093475218630096873314205820780540275407802665137676577711176", "price": "0.002", "size": "2142.14", "side": "BUY", "hash": "08f82dc08abdc90bed0b8769c9cb406ef8b1bf48", "best_bid": "0.021", "best_ask": "0.036"}, {"asset_id": "10932124404994466982996249556083211491157987121978879863655771690078801888659", "price": "0.998", "size": "2142.14", "side": "SELL", "hash": "b70f4e9a27578725a99f16665abf970365303cce", "best_bid": "0.964", "best_ask": "0.979"}], "timestamp": "1769384071011", "event_type": "price_change"}}
{"_local_timestamp": "2026-01-25T23:34:31.304451+00:00", "data": {"market": "0x63ef4f7941d9b028f605ff2f7191700fe91da5a9f7beafbc85cd35330650305f", "price_changes": [{"asset_id": "8457731176364125093475218630096873314205820780540275407802665137676577711176", "price": "0.002", "size": "2042.14", "side": "BUY", "hash": "347f988b59fb5112126312abcd51e0e36de34406", "best_bid": "0.021", "best_ask": "0.036"}, {"asset_id": "10932124404994466982996249556083211491157987121978879863655771690078801888659", "price": "0.998", "size": "2042.14", "side": "SELL", "hash": "e3689c9998ba2f6b73586caf30cce45c9f97bdb8", "best_bid": "0.964", "best_ask": "0.979"}], "timestamp": "1769384071227", "event_type": "price_change"}}
{"_local_timestamp": "2026-01-25T23:34:31.577607+00:00", "data": {"market": "0x63ef4f7941d9b028f605ff2f7191700fe91da5a9f7beafbc85cd35330650305f", "price_changes": [{"asset_id": "8457731176364125093475218630096873314205820780540275407802665137676577711176", "price": "0.002", "size": "2142.14", "side": "BUY", "hash": "9c53151a385882542438e6ccd1c00d3b4248d581", "best_bid": "0.021", "best_ask": "0.036"}, {"asset_id": "10932124404994466982996249556083211491157987121978879863655771690078801888659", "price": "0.998", "size": "2142.14", "side": "SELL", "hash": "35239ecd0f57f90d86bc5551015135a3238b65e2", "best_bid": "0.964", "best_ask": "0.979"}], "timestamp": "1769384071509", "event_type": "price_change"}}
{"_local_timestamp": "2026-01-25T23:34:31.578455+00:00", "data": {"market": "0x63ef4f7941d9b028f605ff2f7191700fe91da5a9f7beafbc85cd35330650305f", "price_changes": [{"asset_id": "8457731176364125093475218630096873314205820780540275407802665137676577711176", "price": "0.002", "size": "2242.14", "side": "BUY", "hash": "477ddeaa23f65491bde66f200e987e9a26df3033", "best_bid": "0.021", "best_ask": "0.036"}, {"asset_id": "10932124404994466982996249556083211491157987121978879863655771690078801888659", "price": "0.998", "size": "2242.14", "side": "SELL", "hash": "e332c00129eea076c718709f02fd6f316b5e48ae", "best_bid": "0.964", "best_ask": "0.979"}], "timestamp": "1769384071510", "event_type": "price_change"}}
{"_local_timestamp": "2026-01-25T23:34:32.344272+00:00", "data": {"market": "0x63ef4f7941d9b028f605ff2f7191700fe91da5a9f7beafbc85cd35330650305f", "price_changes": [{"asset_id": "8457731176364125093475218630096873314205820780540275407802665137676577711176", "price": "0.002", "size": "2142.14", "side": "BUY", "hash": "3158efdc0fc9d05c9321c71dd4b021c3455ac2d4", "best_bid": "0.021", "best_ask": "0.036"}, {"asset_id": "10932124404994466982996249556083211491157987121978879863655771690078801888659", "price": "0.998", "size": "2142.14", "side": "SELL", "hash": "6f95233d39e2cd1feff92574d5be516a89d3cb66", "best_bid": "0.964", "best_ask": "0.979"}], "timestamp": "1769384072224", "event_type": "price_change"}}
{"_local_timestamp": "2026-01-25T23:34:32.421547+00:00", "data": {"market": "0x63ef4f7941d9b028f605ff2f7191700fe91da5a9f7beafbc85cd35330650305f", "price_changes": [{"asset_id": "8457731176364125093475218630096873314205820780540275407802665137676577711176", "price": "0.002", "size": "2042.14", "side": "BUY", "hash": "3eeba621d4f75217561f96d4060d1468376e2b6e", "best_bid": "0.021", "best_ask": "0.036"}, {"asset_id": "10932124404994466982996249556083211491157987121978879863655771690078801888659", "price": "0.998", "size": "2042.14", "side": "SELL", "hash": "d72ee2f07683e7c19b6f8f37e5c662bebdb08898", "best_bid": "0.964", "best_ask": "0.979"}], "timestamp": "1769384072308", "event_type": "price_change"}}
{"_local_timestamp": "2026-01-25T23:34:32.655162+00:00", "data": {"market": "0x63ef4f7941d9b028f605ff2f7191700fe91da5a9f7beafbc85cd35330650305f", "price_changes": [{"asset_id": "8457731176364125093475218630096873314205820780540275407802665137676577711176", "price": "0.002", "size": "2142.14", "side": "BUY", "hash": "d62047a37f2f3a35610aad27a05bc304c4261a45", "best_bid": "0.021", "best_ask": "0.036"}, {"asset_id": "10932124404994466982996249556083211491157987121978879863655771690078801888659", "price": "0.998", "size": "2142.14", "side": "SELL", "hash": "639c38d806dab7a0090a6425e8902523cc1f8719", "best_bid": "0.964", "best_ask": "0.979"}], "timestamp": "1769384072587", "event_type": "price_change"}}
{"_local_timestamp": "2026-01-25T23:34:32.940635+00:00", "data": {"market": "0x63ef4f7941d9b028f605ff2f7191700fe91da5a9f7beafbc85cd35330650305f", "price_changes": [{"asset_id": "8457731176364125093475218630096873314205820780540275407802665137676577711176", "price": "0.002", "size": "2242.14", "side": "BUY", "hash": "e0e5bc257d27f627937642acb83298d5cd71e181", "best_bid": "0.021", "best_ask": "0.036"}, {"asset_id": "10932124404994466982996249556083211491157987121978879863655771690078801888659", "price": "0.998", "size": "2242.14", "side": "SELL", "hash": "611efb3a3ba2d4793493e08d9fa73d38ef1b8597", "best_bid": "0.964", "best_ask": "0.979"}], "timestamp": "1769384072867", "event_type": "price_change"}}
{"_local_timestamp": "2026-01-25T23:34:33.303141+00:00", "data": {"market": "0x63ef4f7941d9b028f605ff2f7191700fe91da5a9f7beafbc85cd35330650305f", "price_changes": [{"asset_id": "8457731176364125093475218630096873314205820780540275407802665137676577711176", "price": "0.002", "size": "2142.14", "side": "BUY", "hash": "e4e28d75e55300ee302b25f8c86917c1fa989178", "best_bid": "0.021", "best_ask": "0.036"}, {"asset_id": "10932124404994466982996249556083211491157987121978879863655771690078801888659", "price": "0.998", "size": "2142.14", "side": "SELL", "hash": "20a224fba06dab1b75800ac33a6a53c5bc04cada", "best_bid": "0.964", "best_ask": "0.979"}], "timestamp": "1769384073238", "event_type": "price_change"}}
{"_local_timestamp": "2026-01-25T23:34:33.650901+00:00", "data": {"market": "0x63ef4f7941d9b028f605ff2f7191700fe91da5a9f7beafbc85cd35330650305f", "price_changes": [{"asset_id": "8457731176364125093475218630096873314205820780540275407802665137676577711176", "price": "0.002", "size": "2242.14", "side": "BUY", "hash": "facdfdd7caa1732f0199b8d5e138282084323c7b", "best_bid": "0.021", "best_ask": "0.036"}, {"asset_id": "10932124404994466982996249556083211491157987121978879863655771690078801888659", "price": "0.998", "size": "2242.14", "side": "SELL", "hash": "60f5623c5bc153fb9647acb5bd5a5cf341eda955", "best_bid": "0.964", "best_ask": "0.979"}], "timestamp": "1769384073577", "event_type": "price_change"}}
