{"_local_timestamp": "2026-01-25T23:34:01.571477+00:00", "data": [{"market": "0x63ef4f7941d9b028f605ff2f7191700fe91da5a9f7beafbc85cd35330650305f", "asset_id": "10932124404994466982996249556083211491157987121978879863655771690078801888659", "timestamp": "1769384041039", "hash": "165007c5cfbc4daca6dd259cdfce32881acb030f", "bids": [{"price": "0.001", "size": "114.99"}, {"price": "0.02", "size": "30"}, {"price": "0.04", "size": "99.87"}, {"price": "0.05", "size": "360"}, {"price": "0.1", "size": "360"}, {"price": "0.15", "size": "226.66"}, {"price": "0.16", "size": "100"}, {"price": "0.19", "size": "168.42"}, {"price": "0.191", "size": "836"}, {"price": "0.2", "size": "45"}, {"price": "0.24", "size": "116.66"}, {"price": "0.25", "size": "5"}, {"price": "0.29", "size": "89.65"}, {"price": "0.3", "size": "250"}, {"price": "0.301", "size": "1394"}, {"price": "0.34", "size": "70.58"}, {"price": "0.379", "size": "1582"}, {"price": "0.38", "size": "300"}, {"price": "0.39", "size": "51.28"}, {"price": "0.391", "size": "5"}, {"price": "0.43", "size": "20"}, {"price": "0.5", "size": "5"}, {"price": "0.6", "size": "228.21"}, {"price": "0.78", "size": "368.11"}, {"price": "0.86", "size": "1.26"}, {"price": "0.922", "size": "200"}, {"price": "0.924", "size": "27.42"}, {"price": "0.941", "size": "117.73"}, {"price": "0.953", "size": "219"}, {"price": "0.96", "size": "150"}, {"price": "0.963", "size": "500"}, {"price": "0.964", "size": "24.2"}], "asks": [{"price": "0.999", "size": "66216.96"}, {"price": "0.998", "size": "2142.14"}, {"price": "0.99", "size": "3224.46"}, {"price": "0.989", "size": "500"}, {"price": "0.988", "size": "83"}, {"price": "0.983", "size": "202.33"}, {"price": "0.982", "size": "111"}, {"price": "0.98", "size": "101.66"}, {"price": "0.979", "size": "29.5"}], "event_type": "book", "last_trade_price": "0.964"}, {"market": "0x0ab4e6d15f8cbdac36fd092941e0bfca1316c22896c8d9663df1ddd7e72168a0", "asset_id": "99319129904025192390561707785521615374404675509095468896784304174663237757833", "timestamp": "1769383758695", "hash": "43653af9ef6d74758fc1f2d5a150110163171f4d", "bids": [{"price": "0.01", "size": "4500"}, {"price": "0.02", "size": "1750"}, {"price": "0.03", "size": "2000"}, {"price": "0.04", "size": "5250"}, {"price": "0.14", "size": "2000"}, {"price": "0.15", "size": "672.33"}, {"price": "0.16", "size": "500"}, {"price": "0.17", "size": "250"}, {"price": "0.18", "size": "100"}, {"price": "0.19", "size": "10"}, {"price": "0.21", "size": "254"}, {"price": "0.35", "size": "228.55"}], "asks": [{"price": "0.95", "size": "101.5"}, {"price": "0.9", "size": "1600"}, {"price": "0.88", "size": "300"}, {"price": "0.87", "size": "3230"}, {"price": "0.85", "size": "19.98"}, {"price": "0.8", "size": "500"}, {"price": "0.78", "size": "9"}, {"price": "0.77", "size": "20"}, {"price": "0.75", "size": "26.93"}, {"price": "0.74", "size": "5"}, {"price": "0.7", "size": "100"}, {"price": "0.69", "size": "50"}, {"price": "0.67", "size": "163.92"}, {"price": "0.57", "size": "16.63"}, {"price": "0.56", "size": "100"}, {"price": "0.54", "size": "16.68"}, {"price": "0.52", "size": "6"}, {"price": "0.49", "size": "200"}, {"price": "0.47", "size": "100"}, {"price": "0.46", "size": "136"}, {"price": "0.45", "size": "20"}, {"price": "0.44", "size": "10"}, {"price": "0.43", "size": "89.98"}, {"price": "0.39", "size": "5"}], "event_type": "book", "last_trade_price": "0.350"}, {"market": "0x63ef4f7941d9b028f605ff2f7191700fe91da5a9f7beafbc85cd35330650305f", "asset_id": "8457731176364125093475218630096873314205820780540275407802665137676577711176", "timestamp": "1769384041039", "hash": "359d908bcfa425896c42c85fcab2064495d693e7", "bids": [{"price": "0.001", "size": "66216.96"}, {"price": "0.002", "size": "2142.14"}, {"price": "0.01", "size": "3224.46"}, {"price": "0.011", "size": "500"}, {"price": "0.012", "size": "83"}, {"price": "0.017", "size": "202.33"}, {"price": "0.018", "size": "111"}, {"price": "0.02", "size": "101.66"}, {"price": "0.021", "size": "29.5"}], "asks": [{"price": "0.999", "size": "114.99"}, {"price": "0.98", "size": "30"}, {"price": "0.96", "size": "99.87"}, {"price": "0.95", "size": "360"}, {"price": "0.9", "size": "360"}, {"price": "0.85", "size": "226.66"}, {"price": "0.84", "size": "100"}, {"price": "0.81", "size": "168.42"}, {"price": "0.809", "size": "836"}, {"price": "0.8", "size": "45"}, {"price": "0.76", "size": "116.66"}, {"price": "0.75", "size": "5"}, {"price": "0.71", "size": "89.65"}, {"price": "0.7", "size": "250"}, {"price": "0.699", "size": "1394"}, {"price": "0.66", "size": "70.58"}, {"price": "0.621", "size": "1582"}, {"price": "0.62", "size": "300"}, {"price": "0.61", "size": "51.28"}, {"price": "0.609", "size": "5"}, {"price": "0.57", "size": "20"}, {"price": "0.5", "size": "5"}, {"price": "0.4", "size": "228.21"}, {"price": "0.22", "size": "368.11"}, {"price": "0.14", "size": "1.26"}, {"price": "0.078", "size": "200"}, {"price": "0.076", "size": "27.42"}, {"price": "0.059", "size": "117.73"}, {"price": "0.047", "size": "219"}, {"price": "0.04", "size": "150"}, {"price": "0.037", "size": "500"}, {"price": "0.036", "size": "24.2"}], "event_type": "book", "last_trade_price": "0.964"}, {"market": "0x0ab4e6d15f8cbdac36fd092941e0bfca1316c22896c8d9663df1ddd7e72168a0", "asset_id": "52133538122227162264642198165887385170660108607990610509448486346770324504427", "timestamp": "1769383758695", "hash": "a824d7438fc47f526d79af43c2d8426f57602d44", "bids": [{"price": "0.05", "size": "101.5"}, {"price": "0.1", "size": "1600"}, {"price": "0.12", "size": "300"}, {"price": "0.13", "size": "3230"}, {"price": "0.15", "size": "19.98"}, {"price": "0.2", "size": "500"}, {"price": "0.22", "size": "9"}, {"price": "0.23", "size": "20"}, {"price": "0.25", "size": "26.93"}, {"price": "0.26", "size": "5"}, {"price": "0.3", "size": "100"}, {"price": "0.31", "size": "50"}, {"price": "0.33", "size": "163.92"}, {"price": "0.43", "size": "16.63"}, {"price": "0.44", "size": "100"}, {"price": "0.46", "size": "16.68"}, {"price": "0.48", "size": "6"}, {"price": "0.51", "size": "200"}, {"price": "0.53", "size": "100"}, {"price": "0.54", "size": "136"}, {"price": "0.55", "size": "20"}, {"price": "0.56", "size": "10"}, {"price": "0.57", "size": "89.98"}, {"price": "0.61", "size": "5"}], "asks": [{"price": "0.99", "size": "4500"}, {"price": "0.98", "size": "1750"}, {"price": "0.97", "size": "2000"}, {"price": "0.96", "size": "5250"}, {"price": "0.86", "size": "2000"}, {"price": "0.85", "size": "672.33"}, {"price": "0.84", "size": "500"}, {"price": "0.83", "size": "250"}, {"price": "0.82", "size": "100"}, {"price": "0.81", "size": "10"}, {"price": "0.79", "size": "254"}, {"price": "0.65", "size": "228.55"}], "event_type": "book", "last_trade_price": "0.350"}]}
{"_local_timestamp": "2026-01-25T23:34:01.592617+00:00", "data": {"market": "0x63ef4f7941d9b028f605ff2f7191700fe91da5a9f7beafbc85cd35330650305f", "price_changes": [{"asset_id": "8457731176364125093475218630096873314205820780540275407802665137676577711176", "price": "0.002", "size": "2242.14", "side": "BUY", "hash": "302fbb0d6a6867f57aeace6a9da41f9c3c770dce", "best_bid": "0.021", "best_ask": "0.036"}, {"asset_id": "10932124404994466982996249556083211491157987121978879863655771690078801888659", "price": "0.998", "size": "2242.14", "side": "SELL", "hash": "a429c9cb421b19cf7bb05c76ad584a9168709563", "best_bid": "0.964", "best_ask": "0.979"}], "timestamp": "1769384041522", "event_type": "price_change"}}
{"_local_timestamp": "2026-01-25T23:34:01.610527+00:00", "data": {"market": "0x63ef4f7941d9b028f605ff2f7191700fe91da5a9f7beafbc85cd35330650305f", "price_changes": [{"asset_id": "8457731176364125093475218630096873314205820780540275407802665137676577711176", "price": "0.002", "size": "2142.14", "side": "BUY", "hash": "43f1b8ca2ed2556302a1d9645f3aca46ac4ce72f", "best_bid": "0.021", "best_ask": "0.036"}, {"asset_id": "10932124404994466982996249556083211491157987121978879863655771690078801888659", "price": "0.998", "size": "2142.14", "side": "SELL", "hash": "34a2e941219552f8afde4446e10013287488738d", "best_bid": "0.964", "best_ask": "0.979"}], "timestamp": "1769384041531", "event_type": "price_change"}}
{"_local_timestamp": "2026-01-25T23:34:02.349075+00:00", "data": {"market": "0x63ef4f7941d9b028f605ff2f7191700fe91da5a9f7beafbc85cd35330650305f", "price_changes": [{"asset_id": "8457731176364125093475218630096873314205820780540275407802665137676577711176", "price": "0.002", "size": "2242.14", "side": "BUY", "hash": "02fd35422e48ba53653da40ae29c6bd99dbb8401", "best_bid": "0.021", "best_ask": "0.036"}, {"asset_id": "10932124404994466982996249556083211491157987121978879863655771690078801888659", "price": "0.998", "size": "2242.14", "side": "SELL", "hash": "c7e54aba86a1145cb1083df9df511eddf8667dbd", "best_bid": "0.964", "best_ask": "0.979"}], "timestamp": "1769384042281", "event_type": "price_change"}}
{"_local_timestamp": "2026-01-25T23:34:02.501680+00:00", "data": {"market": "0x63ef4f7941d9b028f605ff2f7191700fe91da5a9f7beafbc85cd35330650305f", "price_changes": [{"asset_id": "8457731176364125093475218630096873314205820780540275407802665137676577711176", "price": "0.002", "size": "2142.14", "side": "BUY", "hash": "3fb6c076500080c75ddce15a9a712a55ea4c33a3", "best_bid": "0.021", "best_ask": "0.036"}, {"asset_id": "10932124404994466982996249556083211491157987121978879863655771690078801888659", "price": "0.998", "size": "2142.14", "side": "SELL", "hash": "2911105ea7a1f91d85409c69a372eb66ecf17f86", "best_bid": "0.964", "best_ask": "0.979"}], "timestamp": "1769384042422", "event_type": "price_change"}}
{"_local_timestamp": "2026-01-25T23:34:02.949816+00:00", "data": {"market": "0x63ef4f7941d9b028f605ff2f7191700fe91da5a9f7beafbc85cd35330650305f", "price_changes": [{"asset_id": "8457731176364125093475218630096873314205820780540275407802665137676577711176", "price": "0.002", "size": "2242.14", "side": "BUY", "hash": "239ccd3df085a9ecf5a012a8ce68f904b645cc84", "best_bid": "0.021", "best_ask": "0.036"}, {"asset_id": "10932124404994466982996249556083211491157987121978879863655771690078801888659", "price": "0.998", "size": "2242.14", "side": "SELL", "hash": "23ce3270c68545d7d17958d97bd226227b08e4b1", "best_bid": "0.964", "best_ask": "0.979"}], "timestamp": "1769384042885", "event_type": "price_change"}}
{"_local_timestamp": "2026-01-25T23:34:03.226586+00:00", "data": {"market": "0x63ef4f7941d9b028f605ff2f7191700fe91da5a9f7beafbc85cd35330650305f", "price_changes": [{"asset_id": "8457731176364125093475218630096873314205820780540275407802665137676577711176", "price": "0.002", "size": "2142.14", "side": "BUY", "hash": "b70e50c3db7fda33e77eb02e5aa3f78f7fb1c555", "best_bid": "0.021", "best_ask": "0.036"}, {"asset_id": "10932124404994466982996249556083211491157987121978879863655771690078801888659", "price": "0.998", "size": "2142.14", "side": "SELL", "hash": "e72d5c79e294fd906b5c590649b556bf51a0f1a9", "best_bid": "0.964", "best_ask": "0.979"}], "timestamp": "1769384043163", "event_type": "price_change"}}
{"_local_timestamp": "2026-01-25T23:34:03.678697+00:00", "data": {"market": "0x63ef4f7941d9b028f605ff2f7191700fe91da5a9f7beafbc85cd35330650305f", "price_changes": [{"asset_id": "8457731176364125093475218630096873314205820780540275407802665137676577711176", "price": "0.002", "size": "2042.14", "side": "BUY", "hash": "06df99c8cf1a1ebace69206e935fdb56175f9a61", "best_bid": "0.021", "best_ask": "0.036"}, {"asset_id": "10932124404994466982996249556083211491157987121978879863655771690078801888659", "price": "0.998", "size": "2042.14", "side": "SELL", "hash": "3e49aae31bdfd41300de161f2d0697c54897a080", "best_bid": "0.964", "best_ask": "0.979"}], "timestamp": "1769384043609", "event_type": "price_change"}}
{"_local_timestamp": "2026-01-25T23:34:03.817336+00:00", "data": {"market": "0x63ef4f7941d9b028f605ff2f7191700fe91da5a9f7beafbc85cd35330650305f", "price_changes": [{"asset_id": "8457731176364125093475218630096873314205820780540275407802665137676577711176", "price": "0.002", "size": "2142.14", "side": "BUY", "hash": "35c12965467b0b3d0da6da342afaad81b550e6c7", "best_bid": "0.021", "best_ask": "0.036"}, {"asset_id": "10932124404994466982996249556083211491157987121978879863655771690078801888659", "price": "0.998", "size": "2142.14", "side": "SELL", "hash": "d91fe9d56c97f3635635a640ce4df1d77b3dda8b", "best_bid": "0.964", "best_ask": "0.979"}], "timestamp": "1769384043754", "event_type": "price_change"}}
{"_local_timestamp": "2026-01-25T23:34:04.041631+00:00", "data": {"market": "0x63ef4f7941d9b028f605ff2f7191700fe91da5a9f7beafbc85cd35330650305f", "price_changes": [{"asset_id": "8457731176364125093475218630096873314205820780540275407802665137676577711176", "price": "0.002", "size": "2242.14", "side": "BUY", "hash": "dd18b279c5d7f58569f88b3fe9428811f9f1e248", "best_bid": "0.021", "best_ask": "0.036"}, {"asset_id": "10932124404994466982996249556083211491157987121978879863655771690078801888659", "price": "0.998", "size": "2242.14", "side": "SELL", "hash": "0403b62c328179a7b206a8e646288ad9fd2036c4", "best_bid": "0.964", "best_ask": "0.979"}], "timestamp": "1769384043974", "event_type": "price_change"}}
{"_local_timestamp": "2026-01-25T23:34:04.408879+00:00", "data": {"market": "0x63ef4f7941d9b028f605ff2f7191700fe91da5a9f7beafbc85cd35330650305f", "price_changes": [{"asset_id": "8457731176364125093475218630096873314205820780540275407802665137676577711176", "price": "0.002", "size": "2142.14", "side": "BUY", "hash": "31efbac79759821c7909b473bd9d1f2c408f55d1", "best_bid": "0.021", "best_ask": "0.036"}, {"asset_id": "10932124404994466982996249556083211491157987121978879863655771690078801888659", "price": "0.998", "size": "2142.14", "side": "SELL", "hash": "67413c9d72748fc9594b5dff1665dd89b37eeda3", "best_bid": "0.964", "best_ask": "0.979"}], "timestamp": "1769384044340", "event_type": "price_change"}}
{"_local_timestamp": "2026-01-25T23:34:04.661724+00:00", "data": {"market": "0x63ef4f7941d9b028f605ff2f7191700fe91da5a9f7beafbc85cd35330650305f", "price_changes": [{"asset_id": "8457731176364125093475218630096873314205820780540275407802665137676577711176", "price": "0.002", "size": "2042.14", "side": "BUY", "hash": "d2d694ede34d01e24637b3a987f298617951a569", "best_bid": "0.021", "best_ask": "0.036"}, {"asset_id": "10932124404994466982996249556083211491157987121978879863655771690078801888659", "price": "0.998", "size": "2042.14", "side": "SELL", "hash": "502c1e3b52ce061526b3e32f1dbed30ea88d3489", "best_bid": "0.964", "best_ask": "0.979"}], "timestamp": "1769384044572", "event_type": "price_change"}}
{"_local_timestamp": "2026-01-25T23:34:04.979891+00:00", "data": {"market": "0x63ef4f7941d9b028f605ff2f7191700fe91da5a9f7beafbc85cd35330650305f", "price_changes": [{"asset_id": "8457731176364125093475218630096873314205820780540275407802665137676577711176", "price": "0.002", "size": "2142.14", "side": "BUY", "hash": "6d2fcf3be1906f6ce689e6e8a7deda2f0ba02352", "best_bid": "0.021", "best_ask": "0.036"}, {"asset_id": "10932124404994466982996249556083211491157987121978879863655771690078801888659", "price": "0.998", "size": "2142.14", "side": "SELL", "hash": "af85b6d78adc7af7e7df3c4f902b16dc5f9fb296", "best_bid": "0.964", "best_ask": "0.979"}], "timestamp": "1769384044897", "event_type": "price_change"}}
{"_local_timestamp": "2026-01-25T23:34:05.180604+00:00", "data": {"market": "0x63ef4f7941d9b028f605ff2f7191700fe91da5a9f7beafbc85cd35330650305f", "price_changes": [{"asset_id": "8457731176364125093475218630096873314205820780540275407802665137676577711176", "price": "0.002", "size": "2242.14", "side": "BUY", "hash": "b7dfa24e64cad9a37aac40c3cb4154fb1a7408a1", "best_bid": "0.021", "best_ask": "0.036"}, {"asset_id": "10932124404994466982996249556083211491157987121978879863655771690078801888659", "price": "0.998", "size": "2242.14", "side": "SELL", "hash": "07ff0613f871adad6f153d7a6966c381990a90b3", "best_bid": "0.964", "best_ask": "0.979"}], "timestamp": "1769384045024", "event_type": "price_change"}}
{"_local_timestamp": "2026-01-25T23:34:05.632446+00:00", "data": {"market": "0x63ef4f7941d9b028f605ff2f7191700fe91da5a9f7beafbc85cd35330650305f", "price_changes": [{"asset_id": "8457731176364125093475218630096873314205820780540275407802665137676577711176", "price": "0.002", "size": "2142.14", "side": "BUY", "hash": "ec400df241e6c62c1c251c848804cfd3ccba9799", "best_bid": "0.021", "best_ask": "0.036"}, {"asset_id": "10932124404994466982996249556083211491157987121978879863655771690078801888659", "price": "0.998", "size": "2142.14", "side": "SELL", "hash": "d29e2274c429f59e996d77d1d4e70f2c655055f7", "best_bid": "0.964", "best_ask": "0.979"}], "timestamp": "1769384045560", "event_type": "price_change"}}
{"_local_timestamp": "2026-01-25T23:34:05.636261+00:00", "data": {"market": "0x63ef4f7941d9b028f605ff2f7191700fe91da5a9f7beafbc85cd35330650305f", "price_changes": [{"asset_id": "8457731176364125093475218630096873314205820780540275407802665137676577711176", "price": "0.002", "size": "2042.14", "side": "BUY", "hash": "4c66f0839639c4d1f084f3067673aa409a6cfad8", "best_bid": "0.021", "best_ask": "0.036"}, {"asset_id": "10932124404994466982996249556083211491157987121978879863655771690078801888659", "price": "0.998", "size": "2042.14", "side": "SELL", "hash": "f026d40eec4ce651c1dee05b66200b0e6ccb3158", "best_bid": "0.964", "best_ask": "0.979"}], "timestamp": "1769384045561", "event_type": "price_change"}}
{"_local_timestamp": "2026-01-25T23:34:06.018824+00:00", "data": {"market": "0x63ef4f7941d9b028f605ff2f7191700fe91da5a9f7beafbc85cd35330650305f", "price_changes": [{"asset_id": "8457731176364125093475218630096873314205820780540275407802665137676577711176", "price": "0.002", "size": "2142.14", "side": "BUY", "hash": "6ff14bfd406b54de8220c4d2281a1a2652d96fd8", "best_bid": "0.021", "best_ask": "0.036"}, {"asset_id": "10932124404994466982996249556083211491157987121978879863655771690078801888659", "price": "0.998", "size": "2142.14", "side": "SELL", "hash": "1661e4a5fe22ce6f159693520e662c7e8b6b0436", "best_bid": "0.964", "best_ask": "0.979"}], "timestamp": "1769384045947", "event_type": "price_change"}}
{"_local_timestamp": "2026-01-25T23:34:06.180512+00:00", "data": {"market": "0x63ef4f7941d9b028f605ff2f7191700fe91da5a9f7beafbc85cd35330650305f", "price_changes": [{"asset_id": "8457731176364125093475218630096873314205820780540275407802665137676577711176", "price": "0.002", "size": "2242.14", "side": "BUY", "hash": "f65eed6a95c55f48494298f4ddcd4c301f4ace50", "best_bid": "0.021", "best_ask": "0.036"}, {"asset_id": "10932124404994466982996249556083211491157987121978879863655771690078801888659", "price": "0.998", "size": "2242.14", "side": "SELL", "hash": "e9b9be49b2df72e26d0f5884b65a3c1577faf210", "best_bid": "0.964", "best_ask": "0.979"}], "timestamp": "1769384046080", "event_type": "price_change"}}
{"_local_timestamp": "2026-01-25T23:34:06.557216+00:00", "data": {"market": "0x63ef4f7941d9b028f605ff2f7191700fe91da5a9f7beafbc85cd35330650305f", "price_changes": [{"asset_id": "8457731176364125093475218630096873314205820780540275407802665137676577711176", "price": "0.002", "size": "2142.14", "side": "BUY", "hash": "598d6b02b2b6b4084901228315f01672b8e862d4", "best_bid": "0.021", "best_ask": "0.036"}, {"asset_id": "10932124404994466982996249556083211491157987121978879863655771690078801888659", "price": "0.998", "size": "2142.14", "side": "SELL", "hash": "21fa9c72863ff4b4516ae57772d528a7bfc98961", "best_bid": "0.964", "best_ask": "0.979"}], "timestamp": "1769384046484", "event_type": "price_change"}}
{"_local_timestamp": "2026-01-25T23:34:06.720497+00:00", "data": {"market": "0x63ef4f7941d9b028f605ff2f7191700fe91da5a9f7beafbc85cd35330650305f", "price_changes": [{"asset_id": "8457731176364125093475218630096873314205820780540275407802665137676577711176", "price": "0.002", "size": "2042.14", "side": "BUY", "hash": "0b5d56d66f54fe40f997c203672a06bb2d7da74a", "best_bid": "0.021", "best_ask": "0.036"}, {"asset_id": "10932124404994466982996249556083211491157987121978879863655771690078801888659", "price": "0.998", "size": "2042.14", "side": "SELL", "hash": "837adbce794ac66dbcedc3acd736cecde3d72c58", "best_bid": "0.964", "best_ask": "0.979"}], "timestamp": "1769384046658", "event_type": "price_change"}}
{"_local_timestamp": "2026-01-25T23:34:06.898939+00:00", "data": {"market": "0x63ef4f7941d9b028f605ff2f7191700fe91da5a9f7beafbc85cd35330650305f", "price_changes": [{"asset_id": "8457731176364125093475218630096873314205820780540275407802665137676577711176", "price": "0.002", "size": "2142.14", "side": "BUY", "hash": "8e76d711949a6ab451a9cf2bcc9e379a6a2a83cd", "best_bid": "0.021", "best_ask": "0.036"}, {"asset_id": "10932124404994466982996249556083211491157987121978879863655771690078801888659", "price": "0.998", "size": "2142.14", "side": "SELL", "hash": "a73552309df6d185789aa36f7083b2acaaead981", "best_bid": "0.964", "best_ask": "0.979"}], "timestamp": "1769384046833", "event_type": "price_change"}}
{"_local_timestamp": "2026-01-25T23:34:07.202847+00:00", "data": {"market": "0x63ef4f7941d9b028f605ff2f7191700fe91da5a9f7beafbc85cd35330650305f", "price_changes": [{"asset_id": "8457731176364125093475218630096873314205820780540275407802665137676577711176", "price": "0.002", "size": "2242.14", "side": "BUY", "hash": "2c2716487904ed2f193e6225de13d3129f11e98c", "best_bid": "0.021", "best_ask": "0.036"}, {"asset_id": "10932124404994466982996249556083211491157987121978879863655771690078801888659", "price": "0.998", "size": "2242.14", "side": "SELL", "hash": "ec5365ac0473f90ab73b60cef63df6dc02ae12ca", "best_bid": "0.964", "best_ask": "0.979"}], "timestamp": "1769384047120", "event_type": "price_change"}}
{"_local_timestamp": "2026-01-25T23:34:07.381699+00:00", "data": {"market": "0x63ef4f7941d9b028f605ff2f7191700fe91da5a9f7beafbc85cd35330650305f", "price_changes": [{"asset_id": "8457731176364125093475218630096873314205820780540275407802665137676577711176", "price": "0.002", "size": "2142.14", "side": "BUY", "hash": "a0216876fc7479fdd0c306b38e9ed54097f073e2", "best_bid": "0.021", "best_ask": "0.036"}, {"asset_id": "10932124404994466982996249556083211491157987121978879863655771690078801888659", "price": "0.998", "size": "2142.14", "side": "SELL", "hash": "b8b04d7b8c5114c5b176a9c3fe4bd27192feb9bd", "best_bid": "0.964", "best_ask": "0.979"}], "timestamp": "1769384047316", "event_type": "price_change"}}
{"_local_timestamp": "2026-01-25T23:34:07.687739+00:00", "data": {"market": "0x63ef4f7941d9b028f605ff2f7191700fe91da5a9f7beafbc85cd35330650305f", "price_changes": [{"asset_id": "8457731176364125093475218630096873314205820780540275407802665137676577711176", "price": "0.002", "size": "2242.14", "side": "BUY", "hash": "34246a66a5c199c6aae2aecbd83e4a3f48539156", "best_bid": "0.021", "best_ask": "0.036"}, {"asset_id": "10932124404994466982996249556083211491157987121978879863655771690078801888659", "price": "0.998", "size": "2242.14", "side": "SELL", "hash": "c7becec567bdc1cc8f6c7a78252ffa1fec17f9d9", "best_bid": "0.964", "best_ask": "0.979"}], "timestamp": "1769384047600", "event_type": "price_change"}}
{"_local_timestamp": "2026-01-25T23:34:07.743451+00:00", "data": {"market": "0x63ef4f7941d9b028f605ff2f7191700fe91da5a9f7beafbc85cd35330650305f", "price_changes": [{"asset_id": "8457731176364125093475218630096873314205820780540275407802665137676577711176", "price": "0.002", "size": "2142.14", "side": "BUY", "hash": "4a09fb09f1a37fe9ca184331071a30a6f79b9688", "best_bid": "0.021", "best_ask": "0.036"}, {"asset_id": "10932124404994466982996249556083211491157987121978879863655771690078801888659", "price": "0.998", "size": "2142.14", "side": "SELL", "hash": "452c1efcb883ab8d26cd3682cbe7ec98538390bf", "best_bid": "0.964", "best_ask": "0.979"}], "timestamp": "1769384047660", "event_type": "price_change"}}
{"_local_timestamp": "2026-01-25T23:34:08.144774+00:00", "data": {"market": "0x63ef4f7941d9b028f605ff2f7191700fe91da5a9f7beafbc85cd35330650305f", "price_changes": [{"asset_id": "8457731176364125093475218630096873314205820780540275407802665137676577711176", "price": "0.002", "size": "2242.14", "side": "BUY", "hash": "ba5de86dfd43b87159276645ee6aa233f2f1ec48", "best_bid": "0.021", "best_ask": "0.036"}, {"asset_id": "10932124404994466982996249556083211491157987121978879863655771690078801888659", "price": "0.998", "size": "2242.14", "side": "SELL", "hash": "156465ce58ea1a759ae8bc3b8ce0aaefc8739fba", "best_bid": "0.964", "best_ask": "0.979"}], "timestamp": "1769384048082", "event_type": "price_change"}}
{"_local_timestamp": "2026-01-25T23:34:08.241078+00:00", "data": {"market": "0x63ef4f7941d9b028f605ff2f7191700fe91da5a9f7beafbc85cd35330650305f", "price_changes": [{"asset_id": "8457731176364125093475218630096873314205820780540275407802665137676577711176", "price": "0.002", "size": "2142.14", "side": "BUY", "hash": "3ad2d1c54d148f6342ae41f50a753d8d40dff617", "best_bid": "0.021", "best_ask": "0.036"}, {"asset_id": "10932124404994466982996249556083211491157987121978879863655771690078801888659", "price": "0.998", "size": "2142.14", "side": "SELL", "hash": "466877ea7adbd259d3bde96cc24365643f1cde5b", "best_bid": "0.964", "best_ask": "0.979"}], "timestamp": "1769384048179", "event_type": "price_change"}}
{"_local_timestamp": "2026-01-25T23:34:08.523673+00:00", "data": {"market": "0x63ef4f7941d9b028f605ff2f7191700fe91da5a9f7beafbc85cd35330650305f", "price_changes": [{"asset_id": "8457731176364125093475218630096873314205820780540275407802665137676577711176", "price": "0.002", "size": "2242.14", "side": "BUY", "hash": "2fb041de38c429d210b34784f2f99bd13e3eb7a9", "best_bid": "0.021", "best_ask": "0.036"}, {"asset_id": "10932124404994466982996249556083211491157987121978879863655771690078801888659", "price": "0.998", "size": "2242.14", "side": "SELL", "hash": "30c556009b9ecd632138b47b74041d1d4b387ff7", "best_bid": "0.964", "best_ask": "0.979"}], "timestamp": "1769384048458", "event_type": "price_change"}}
{"_local_timestamp": "2026-01-25T23:34:08.805489+00:00", "data": {"market": "0x63ef4f7941d9b028f605ff2f7191700fe91da5a9f7beafbc85cd35330650305f", "price_changes": [{"asset_id": "8457731176364125093475218630096873314205820780540275407802665137676577711176", "price": "0.002", "size": "2142.14", "side": "BUY", "hash": "de222ce13b62826b5ab32ec71313b1f8af9dd06b", "best_bid": "0.021", "best_ask": "0.036"}, {"asset_id": "10932124404994466982996249556083211491157987121978879863655771690078801888659", "price": "0.998", "size": "2142.14", "side": "SELL", "hash": "4850f132fd35e210752b617dfd1d14b5fefc0f17", "best_bid": "0.964", "best_ask": "0.979"}], "timestamp": "1769384048738", "event_type": "price_change"}}
{"_local_timestamp": "2026-01-25T23:34:09.121710+00:00", "data": {"market": "0x63ef4f7941d9b028f605ff2f7191700fe91da5a9f7beafbc85cd35330650305f", "price_changes": [{"asset_id": "8457731176364125093475218630096873314205820780540275407802665137676577711176", "price": "0.002", "size": "2042.14", "side": "BUY", "hash": "784ad99b74cd6ef97af5b179d26657750efa56bf", "best_bid": "0.021", "best_ask": "0.036"}, {"asset_id": "10932124404994466982996249556083211491157987121978879863655771690078801888659", "price": "0.998", "size": "2042.14", "side": "SELL", "hash": "e5edbd2d6a905448cc0de3d1a9302c8d4bdb794b", "best_bid": "0.964", "best_ask": "0.979"}], "timestamp": "1769384049020", "event_type": "price_change"}}
{"_local_timestamp": "2026-01-25T23:34:09.275735+00:00", "data": {"market": "0x63ef4f7941d9b028f605ff2f7191700fe91da5a9f7beafbc85cd35330650305f", "price_changes": [{"asset_id": "8457731176364125093475218630096873314205820780540275407802665137676577711176", "price": "0.002", "size": "2142.14", "side": "BUY", "hash": "c37bbdc8e3f55f8687e6a67f74a6064ba0483395", "best_bid": "0.021", "best_ask": "0.036"}, {"asset_id": "10932124404994466982996249556083211491157987121978879863655771690078801888659", "price": "0.998", "size": "2142.14", "side": "SELL", "hash": "a932a6de265c85c0f2de5eab904b20adca603c38", "best_bid": "0.964", "best_ask": "0.979"}], "timestamp": "1769384049207", "event_type": "price_change"}}
{"_local_timestamp": "2026-01-25T23:34:09.373608+00:00", "data": {"market": "0x63ef4f7941d9b028f605ff2f7191700fe91da5a9f7beafbc85cd35330650305f", "price_changes": [{"asset_id": "8457731176364125093475218630096873314205820780540275407802665137676577711176", "price": "0.002", "size": "2242.14", "side": "BUY", "hash": "2f57fe820685055a835e0ed7b9ce2b91cfa965fb", "best_bid": "0.021", "best_ask": "0.036"}, {"asset_id": "10932124404994466982996249556083211491157987121978879863655771690078801888659", "price": "0.998", "size": "2242.14", "side": "SELL", "hash": "3bfa8d3e528cc5ee062b95d56ac9e6ebb883a1b0", "best_bid": "0.964", "best_ask": "0.979"}], "timestamp": "1769384049301", "event_type": "price_change"}}
{"_local_timestamp": "2026-01-25T23:34:09.838937+00:00", "data": {"market": "0x63ef4f7941d9b028f605ff2f7191700fe91da5a9f7beafbc85cd35330650305f", "price_changes": [{"asset_id": "8457731176364125093475218630096873314205820780540275407802665137676577711176", "price": "0.002", "size": "2142.14", "side": "BUY", "hash": "8d26d77be7397732582012bd61d40b9197f79ba8", "best_bid": "0.021", "best_ask": "0.036"}, {"asset_id": "10932124404994466982996249556083211491157987121978879863655771690078801888659", "price": "0.998", "size": "2142.14", "side": "SELL", "hash": "f205fcfc9ec2834df0c99feafe914f9fcebdd9bf", "best_bid": "0.964", "best_ask": "0.979"}], "timestamp": "1769384049763", "event_type": "price_change"}}
{"_local_timestamp": "2026-01-25T23:34:09.856025+00:00", "data": {"market": "0x63ef4f7941d9b028f605ff2f7191700fe91da5a9f7beafbc85cd35330650305f", "price_changes": [{"asset_id": "8457731176364125093475218630096873314205820780540275407802665137676577711176", "price": "0.002", "size": "2042.14", "side": "BUY", "hash": "add8fcfc17e69eb98333b47d16a3ed2a0dfb614a", "best_bid": "0.021", "best_ask": "0.036"}, {"asset_id": "10932124404994466982996249556083211491157987121978879863655771690078801888659", "price": "0.998", "size": "2042.14", "side": "SELL", "hash": "aec6f503b01ae311a769fdc03ef6b68c3f7d33e9", "best_bid": "0.964", "best_ask": "0.979"}], "timestamp": "1769384049789", "event_type": "price_change"}}
{"_local_timestamp": "2026-01-25T23:34:10.146067+00:00", "data": {"market": "0x63ef4f7941d9b028f605ff2f7191700fe91da5a9f7beafbc85cd35330650305f", "price_changes": [{"asset_id": "8457731176364125093475218630096873314205820780540275407802665137676577711176", "price": "0.002", "size": "2142.14", "side": "BUY", "hash": "1de61929920386d480eb3b7fcf99d0b1bbb36df4", "best_bid": "0.021", "best_ask": "0.036"}, {"asset_id": "10932124404994466982996249556083211491157987121978879863655771690078801888659", "price": "0.998", "size": "2142.14", "side": "SELL", "hash": "1f0a20efe0383ea40cb75d070ab143faa68caf1a", "best_bid": "0.964", "best_ask": "0.979"}], "timestamp": "1769384050076", "event_type": "price_change"}}
{"_local_timestamp": "2026-01-25T23:34:10.271598+00:00", "data": {"market": "0x63ef4f7941d9b028f605ff2f7191700fe91da5a9f7beafbc85cd35330650305f", "price_changes": [{"asset_id": "8457731176364125093475218630096873314205820780540275407802665137676577711176", "price": "0.002", "size": "2242.14", "side": "BUY", "hash": "6664ffc2a94ebdd92bad17496ce115f5ecfd6586", "best_bid": "0.021", "best_ask": "0.036"}, {"asset_id": "10932124404994466982996249556083211491157987121978879863655771690078801888659", "price": "0.998", "size": "2242.14", "side": "SELL", "hash": "b455b97827385a637a8ed111b82abf52cbecbc50", "best_bid": "0.964", "best_ask": "0.979"}], "timestamp": "1769384050205", "event_type": "price_change"}}
{"_local_timestamp": "2026-01-25T23:34:10.642951+00:00", "data": {"market": "0x63ef4f7941d9b028f605ff2f7191700fe91da5a9f7beafbc85cd35330650305f", "price_changes": [{"asset_id": "8457731176364125093475218630096873314205820780540275407802665137676577711176", "price": "0.002", "size": "2142.14", "side": "BUY", "hash": "2869f1193c291f00683d8dc27158b467c9a5f6de", "best_bid": "0.021", "best_ask": "0.036"}, {"asset_id": "10932124404994466982996249556083211491157987121978879863655771690078801888659", "price": "0.998", "size": "2142.14", "side": "SELL", "hash": "383e4d91dbd9ddb3fbe6ed10a5cd303aad1a2095", "best_bid": "0.964", "best_ask": "0.979"}], "timestamp": "1769384050576", "event_type": "price_change"}}
{"_local_timestamp": "2026-01-25T23:34:10.802268+00:00", "data": {"market": "0x63ef4f7941d9b028f605ff2f7191700fe91da5a9f7beafbc85cd35330650305f", "price_changes": [{"asset_id": "8457731176364125093475218630096873314205820780540275407802665137676577711176", "price": "0.002", "size": "2042.14", "side": "BUY", "hash": "06fe8e8f64367cf3b15df648d40b1503ac7f197c", "best_bid": "0.021", "best_ask": "0.036"}, {"asset_id": "10932124404994466982996249556083211491157987121978879863655771690078801888659", "price": "0.998", "size": "2042.14", "side": "SELL", "hash": "4f701a932483830dbb178ef88275a888a9c11f9f", "best_bid": "0.964", "best_ask": "0.979"}], "timestamp": "1769384050737", "event_type": "price_change"}}
