{"_local_timestamp": "2026-01-25T23:33:17.429630+00:00", "data": [{"market": "0xef771dfb0c0d08fe8814cf38109285e0defdd15590b8fdba8e4bb4fcf7053bc9", "asset_id": "42963132592124933938063964259956957599220775220246711499277090802905213399885", "timestamp": "1769383809930", "hash": "8013b6b8b82ade6fe19ae4fbfd46c74ecfa6d95f", "bids": [{"price": "0.001", "size": "5120.63"}, {"price": "0.002", "size": "5.35"}, {"price": "0.003", "size": "1000"}, {"price": "0.004", "size": "8.4"}, {"price": "0.01", "size": "73"}, {"price": "0.011", "size": "16.22"}, {"price": "0.03", "size": "300"}, {"price": "0.031", "size": "64"}, {"price": "0.04", "size": "12"}, {"price": "0.05", "size": "20"}, {"price": "0.051", "size": "15.13"}, {"price": "0.82", "size": "310"}, {"price": "0.85", "size": "5000"}, {"price": "0.851", "size": "30"}, {"price": "0.852", "size": "45"}], "asks": [{"price": "0.999", "size": "444.45"}, {"price": "0.998", "size": "218.24"}, {"price": "0.99", "size": "843"}, {"price": "0.989", "size": "48.55"}, {"price": "0.98", "size": "23.97"}], "event_type": "book", "last_trade_price": "0.020"}, {"market": "0xef771dfb0c0d08fe8814cf38109285e0defdd15590b8fdba8e4bb4fcf7053bc9", "asset_id": "341368897042243807960322918100244225053422833178442902614873204289972114377", "timestamp": "1769383809930", "hash": "7c1c6a808d77483d1fb6a095bf32336a31adc1a3", "bids": [{"price": "0.001", "size": "444.45"}, {"price": "0.002", "size": "218.24"}, {"price": "0.01", "size": "843"}, {"price": "0.011", "size": "48.55"}, {"price": "0.02", "size": "23.97"}], "asks": [{"price": "0.999", "size": "5120.63"}, {"price": "0.998", "size": "5.35"}, {"price": "0.997", "size": "1000"}, {"price": "0.996", "size": "8.4"}, {"price": "0.99", "size": "73"}, {"price": "0.989", "size": "16.22"}, {"price": "0.97", "size": "300"}, {"price": "0.969", "size": "64"}, {"price": "0.96", "size": "12"}, {"price": "0.95", "size": "20"}, {"price": "0.949", "size": "15.13"}, {"price": "0.18", "size": "310"}, {"price": "0.15", "size": "5000"}, {"price": "0.149", "size": "30"}, {"price": "0.148", "size": "45"}], "event_type": "book", "last_trade_price": "0.020"}]}
{"_local_timestamp": "2026-01-25T23:33:22.982429+00:00", "data": {"market": "0xef771dfb0c0d08fe8814cf38109285e0defdd15590b8fdba8e4bb4fcf7053bc9", "price_changes": [{"asset_id": "341368897042243807960322918100244225053422833178442902614873204289972114377", "price": "0.001", "size": "426.63", "side": "BUY", "hash": "af55c3732e73a6a5091bab2092d5eb9a5db6f003", "best_bid": "0.02", "best_ask": "0.148"}, {"asset_id": "42963132592124933938063964259956957599220775220246711499277090802905213399885", "price": "0.999", "size": "426.63", "side": "SELL", "hash": "536cb01c863e4eda5169bfea9de417796dadf883", "best_bid": "0.852", "best_ask": "0.98"}], "timestamp": "1769384002910", "event_type": "price_change"}}
{"_local_timestamp": "2026-01-25T23:33:22.983638+00:00", "data": {"market": "0xef771dfb0c0d08fe8814cf38109285e0defdd15590b8fdba8e4bb4fcf7053bc9", "price_changes": [{"asset_id": "341368897042243807960322918100244225053422833178442902614873204289972114377", "price": "0.002", "size": "85.21", "side": "BUY", "hash": "af55c3732e73a6a5091bab2092d5eb9a5db6f003", "best_bid": "0.02", "best_ask": "0.148"}, {"asset_id": "42963132592124933938063964259956957599220775220246711499277090802905213399885", "price": "0.998", "size": "85.21", "side": "SELL", "hash": "536cb01c863e4eda5169bfea9de417796dadf883", "best_bid": "0.852", "best_ask": "0.98"}], "timestamp": "1769384002910", "event_type": "price_change"}}
{"_local_timestamp": "2026-01-25T23:33:23.314531+00:00", "data": {"market": "0xef771dfb0c0d08fe8814cf38109285e0defdd15590b8fdba8e4bb4fcf7053bc9", "price_changes": [{"asset_id": "341368897042243807960322918100244225053422833178442902614873204289972114377", "price": "0.002", "size": "221.36", "side": "BUY", "hash": "d132a7b55afcf815535d772fcc93e5950d7e6b83", "best_bid": "0.02", "best_ask": "0.148"}, {"asset_id": "42963132592124933938063964259956957599220775220246711499277090802905213399885", "price": "0.998", "size": "221.36", "side": "SELL", "hash": "424768f84f77a34e34999f3142cc1aa1e44e7ce6", "best_bid": "0.852", "best_ask": "0.98"}], "timestamp": "1769384003250", "event_type": "price_change"}}
{"_local_timestamp": "2026-01-25T23:33:23.317341+00:00", "data": {"market": "0xef771dfb0c0d08fe8814cf38109285e0defdd15590b8fdba8e4bb4fcf7053bc9", "price_changes": [{"asset_id": "341368897042243807960322918100244225053422833178442902614873204289972114377", "price": "0.001", "size": "438.21", "side": "BUY", "hash": "bb446ee01287c30f49ee0f7d36ffd7d1543e0b5c", "best_bid": "0.02", "best_ask": "0.148"}, {"asset_id": "42963132592124933938063964259956957599220775220246711499277090802905213399885", "price": "0.999", "size": "438.21", "side": "SELL", "hash": "27230fb3844f2dc3a55b662da75e1c5fff616295", "best_bid": "0.852", "best_ask": "0.98"}], "timestamp": "1769384003254", "event_type": "price_change"}}
{"_local_timestamp": "2026-01-25T23:34:26.241886+00:00", "data": {"market": "0xef771dfb0c0d08fe8814cf38109285e0defdd15590b8fdba8e4bb4fcf7053bc9", "price_changes": [{"asset_id": "341368897042243807960322918100244225053422833178442902614873204289972114377", "price": "0.002", "size": "85.21", "side": "BUY", "hash": "c98b6f7857d5a0c5a1b9a9cf0ac302555a200926", "best_bid": "0.02", "best_ask": "0.148"}, {"asset_id": "42963132592124933938063964259956957599220775220246711499277090802905213399885", "price": "0.998", "size": "85.21", "side": "SELL", "hash": "c59132f7b319f6a4de4d8cda9f6e25b0ed4d3800", "best_bid": "0.852", "best_ask": "0.98"}], "timestamp": "1769384066167", "event_type": "price_change"}}
{"_local_timestamp": "2026-01-25T23:34:28.878542+00:00", "data": {"market": "0xef771dfb0c0d08fe8814cf38109285e0defdd15590b8fdba8e4bb4fcf7053bc9", "price_changes": [{"asset_id": "341368897042243807960322918100244225053422833178442902614873204289972114377", "price": "0.002", "size": "221.36", "side": "BUY", "hash": "5c5ddf9c6161c969501606c931f868cf405f7760", "best_bid": "0.02", "best_ask": "0.148"}, {"asset_id": "42963132592124933938063964259956957599220775220246711499277090802905213399885", "price": "0.998", "size": "221.36", "side": "SELL", "hash": "76ccb44a8e0dc6a2d68acdc3ac9c553c99776a72", "best_bid": "0.852", "best_ask": "0.98"}], "timestamp": "1769384068465", "event_type": "price_change"}}
{"_local_timestamp": "2026-01-25T23:34:41.502668+00:00", "data": {"market": "0xef771dfb0c0d08fe8814cf38109285e0defdd15590b8fdba8e4bb4fcf7053bc9", "price_changes": [{"asset_id": "42963132592124933938063964259956957599220775220246711499277090802905213399885", "price": "0.852", "size": "0", "side": "BUY", "hash": "40c7445e75996e664613db3491a91793dda56da3", "best_bid": "0.851", "best_ask": "0.98"}, {"asset_id": "341368897042243807960322918100244225053422833178442902614873204289972114377", "price": "0.148", "size": "0", "side": "SELL", "hash": "bbc1cf2870322f0d214069f6a87d5c3a79a36f27", "best_bid": "0.02", "best_ask": "0.149"}], "timestamp": "1769384081418", "event_type": "price_change"}}
