{"_local_timestamp": "2026-01-25T23:40:59.723545+00:00", "data": [{"market": "0xed872dd84439df3c8a53925e6ef8c681ba8c0ba87e7001f73fa1d6dc794a135f", "asset_id": "87200813379777945326594531155318320143753925887334390069301160291085663888908", "timestamp": "1769384440634", "hash": "de8503c89d1262b918c696253e7f47f6efa617f5", "bids": [{"price": "0.01", "size": "6.87"}, {"price": "0.03", "size": "1999.33"}, {"price": "0.04", "size": "361"}, {"price": "0.07", "size": "671"}, {"price": "0.08", "size": "7.89"}, {"price": "0.1", "size": "88.95"}, {"price": "0.11", "size": "1493.66"}, {"price": "0.13", "size": "66.66"}, {"price": "0.14", "size": "46.93"}, {"price": "0.16", "size": "66.66"}], "asks": [{"price": "0.99", "size": "5009.71"}, {"price": "0.98", "size": "2200"}, {"price": "0.97", "size": "9.08"}, {"price": "0.92", "size": "1150"}, {"price": "0.91", "size": "7"}, {"price": "0.87", "size": "261.53"}, {"price": "0.85", "size": "550"}, {"price": "0.83", "size": "188.23"}, {"price": "0.82", "size": "1188"}, {"price": "0.81", "size": "150"}, {"price": "0.79", "size": "133.33"}, {"price": "0.78", "size": "2108"}, {"price": "0.74", "size": "100"}, {"price": "0.71", "size": "450"}, {"price": "0.7", "size": "80"}, {"price": "0.66", "size": "108.82"}, {"price": "0.57", "size": "100"}, {"price": "0.54", "size": "490.12"}, {"price": "0.53", "size": "100"}, {"price": "0.52", "size": "30"}, {"price": "0.51", "size": "5"}, {"price": "0.36", "size": "90.12"}, {"price": "0.3", "size": "50"}, {"price": "0.27", "size": "5"}, {"price": "0.24", "size": "5"}, {"price": "0.22", "size": "16.66"}, {"price": "0.21", "size": "13.92"}, {"price": "0.18", "size": "300"}], "event_type": "book", "last_trade_price": "0.140"}, {"market": "0xed872dd84439df3c8a53925e6ef8c681ba8c0ba87e7001f73fa1d6dc794a135f", "asset_id": "112661276556417906828870815309543694013071769344781677369935215749452960548752", "timestamp": "1769384440634", "hash": "cc0d4e5b09909cd5f2144c298275881280ca3963", "bids": [{"price": "0.01", "size": "5009.71"}, {"price": "0.02", "size": "2200"}, {"price": "0.03", "size": "9.08"}, {"price": "0.08", "size": "1150"}, {"price": "0.09", "size": "7"}, {"price": "0.13", "size": "261.53"}, {"price": "0.15", "size": "550"}, {"price": "0.17", "size": "188.23"}, {"price": "0.18", "size": "1188"}, {"price": "0.19", "size": "150"}, {"price": "0.21", "size": "133.33"}, {"price": "0.22", "size": "2108"}, {"price": "0.26", "size": "100"}, {"price": "0.29", "size": "450"}, {"price": "0.3", "size": "80"}, {"price": "0.34", "size": "108.82"}, {"price": "0.43", "size": "100"}, {"price": "0.46", "size": "490.12"}, {"price": "0.47", "size": "100"}, {"price": "0.48", "size": "30"}, {"price": "0.49", "size": "5"}, {"price": "0.64", "size": "90.12"}, {"price": "0.7", "size": "50"}, {"price": "0.73", "size": "5"}, {"price": "0.76", "size": "5"}, {"price": "0.78", "size": "16.66"}, {"price": "0.79", "size": "13.92"}, {"price": "0.82", "size": "300"}], "asks": [{"price": "0.99", "size": "6.87"}, {"price": "0.97", "size": "1999.33"}, {"price": "0.96", "size": "361"}, {"price": "0.93", "size": "671"}, {"price": "0.92", "size": "7.89"}, {"price": "0.9", "size": "88.95"}, {"price": "0.89", "size": "1493.66"}, {"price": "0.87", "size": "66.66"}, {"price": "0.86", "size": "46.93"}, {"price": "0.84", "size": "66.66"}], "event_type": "book", "last_trade_price": "0.140"}]}
{"_local_timestamp": "2026-01-25T23:41:14.711566+00:00", "data": {"market": "0xed872dd84439df3c8a53925e6ef8c681ba8c0ba87e7001f73fa1d6dc794a135f", "price_changes": [{"asset_id": "112661276556417906828870815309543694013071769344781677369935215749452960548752", "price": "0.22", "size": "200", "side": "BUY", "hash": "8e2b05ba062aa7fa12fcee5e5c0c4250112ae155", "best_bid": "0.82", "best_ask": "0.84"}, {"asset_id": "87200813379777945326594531155318320143753925887334390069301160291085663888908", "price": "0.78", "size": "200", "side": "SELL", "hash": "08e894d5f6ad9246c91701b16e2f6441aed93e33", "best_bid": "0.16", "best_ask": "0.18"}], "timestamp": "1769384474539", "event_type": "price_change"}}
{"_local_timestamp": "2026-01-25T23:41:49.488026+00:00", "data": {"market": "0xed872dd84439df3c8a53925e6ef8c681ba8c0ba87e7001f73fa1d6dc794a135f", "price_changes": [{"asset_id": "112661276556417906828870815309543694013071769344781677369935215749452960548752", "price": "0.22", "size": "100", "side": "BUY", "hash": "189b456e8b2a0622fa65fc74cf89073416f7c812", "best_bid": "0.82", "best_ask": "0.84"}, {"asset_id": "87200813379777945326594531155318320143753925887334390069301160291085663888908", "price": "0.78", "size": "100", "side": "SELL", "hash": "8b8e89d14f68339691c6874549ac3ad9ad23b074", "best_bid": "0.16", "best_ask": "0.18"}], "timestamp": "1769384509398", "event_type": "price_change"}}
{"_local_timestamp": "2026-01-25T23:41:49.735001+00:00", "data": {"market": "0xed872dd84439df3c8a53925e6ef8c681ba8c0ba87e7001f73fa1d6dc794a135f", "price_changes": [{"asset_id": "112661276556417906828870815309543694013071769344781677369935215749452960548752", "price": "0.21", "size": "233.33", "side": "BUY", "hash": "a93490ffde193fab248b70128160c4c6d4e78794", "best_bid": "0.82", "best_ask": "0.84"}, {"asset_id": "87200813379777945326594531155318320143753925887334390069301160291085663888908", "price": "0.79", "size": "233.33", "side": "SELL", "hash": "d4ae3e0d802f8b55236f3b47836088b4c9d6ea16", "best_bid": "0.16", "best_ask": "0.18"}], "timestamp": "1769384509656", "event_type": "price_change"}}
{"_local_timestamp": "2026-01-25T23:41:50.867394+00:00", "data": {"market": "0xed872dd84439df3c8a53925e6ef8c681ba8c0ba87e7001f73fa1d6dc794a135f", "price_changes": [{"asset_id": "112661276556417906828870815309543694013071769344781677369935215749452960548752", "price": "0.29", "size": "350", "side": "BUY", "hash": "40d7f020faacab28e75fe21d745c4e6291c45857", "best_bid": "0.82", "best_ask": "0.84"}, {"asset_id": "87200813379777945326594531155318320143753925887334390069301160291085663888908", "price": "0.71", "size": "350", "side": "SELL", "hash": "94237239b846f003e52f887ac23ae7516c1d6ca6", "best_bid": "0.16", "best_ask": "0.18"}], "timestamp": "1769384510737", "event_type": "price_change"}}
{"_local_timestamp": "2026-01-25T23:41:50.868008+00:00", "data": {"market": "0xed872dd84439df3c8a53925e6ef8c681ba8c0ba87e7001f73fa1d6dc794a135f", "price_changes": [{"asset_id": "112661276556417906828870815309543694013071769344781677369935215749452960548752", "price": "0.19", "size": "0", "side": "BUY", "hash": "40d7f020faacab28e75fe21d745c4e6291c45857", "best_bid": "0.82", "best_ask": "0.84"}, {"asset_id": "87200813379777945326594531155318320143753925887334390069301160291085663888908", "price": "0.81", "size": "0", "side": "SELL", "hash": "94237239b846f003e52f887ac23ae7516c1d6ca6", "best_bid": "0.16", "best_ask": "0.18"}], "timestamp": "1769384510737", "event_type": "price_change"}}
{"_local_timestamp": "2026-01-25T23:41:52.023518+00:00", "data": {"market": "0xed872dd84439df3c8a53925e6ef8c681ba8c0ba87e7001f73fa1d6dc794a135f", "price_changes": [{"asset_id": "112661276556417906828870815309543694013071769344781677369935215749452960548752", "price": "0.18", "size": "1338", "side": "BUY", "hash": "d6af952cbeb20993cfb529b8b66dfddeab7e9c60", "best_bid": "0.82", "best_ask": "0.84"}, {"asset_id": "87200813379777945326594531155318320143753925887334390069301160291085663888908", "price": "0.82", "size": "1338", "side": "SELL", "hash": "3a204a1c275549a431ed3a4722b4fd0abcbcef20", "best_bid": "0.16", "best_ask": "0.18"}], "timestamp": "1769384511700", "event_type": "price_change"}}
{"_local_timestamp": "2026-01-25T23:41:52.918674+00:00", "data": {"market": "0xed872dd84439df3c8a53925e6ef8c681ba8c0ba87e7001f73fa1d6dc794a135f", "price_changes": [{"asset_id": "112661276556417906828870815309543694013071769344781677369935215749452960548752", "price": "0.22", "size": "200", "side": "BUY", "hash": "f2f76e7d63c0d799e809eb9f19a2470ba7adf102", "best_bid": "0.82", "best_ask": "0.84"}, {"asset_id": "87200813379777945326594531155318320143753925887334390069301160291085663888908", "price": "0.78", "size": "200", "side": "SELL", "hash": "25531e64845b134eee4597029bffb357345d8a1c", "best_bid": "0.16", "best_ask": "0.18"}], "timestamp": "1769384511956", "event_type": "price_change"}}
{"_local_timestamp": "2026-01-25T23:42:06.444607+00:00", "data": {"market": "0xed872dd84439df3c8a53925e6ef8c681ba8c0ba87e7001f73fa1d6dc794a135f", "price_changes": [{"asset_id": "112661276556417906828870815309543694013071769344781677369935215749452960548752", "price": "0.2", "size": "2100", "side": "BUY", "hash": "76a649f7e44d4519797c6ac809e1481b571d4bf9", "best_bid": "0.82", "best_ask": "0.84"}, {"asset_id": "87200813379777945326594531155318320143753925887334390069301160291085663888908", "price": "0.8", "size": "2100", "side": "SELL", "hash": "72f91d7b1538a86dc229f01972552ed2fa2931b7", "best_bid": "0.16", "best_ask": "0.18"}], "timestamp": "1769384526379", "event_type": "price_change"}}
{"_local_timestamp": "2026-01-25T23:42:24.981073+00:00", "data": {"market": "0xed872dd84439df3c8a53925e6ef8c681ba8c0ba87e7001f73fa1d6dc794a135f", "price_changes": [{"asset_id": "112661276556417906828870815309543694013071769344781677369935215749452960548752", "price": "0.21", "size": "133.33", "side": "BUY", "hash": "1d1c21f522dcbc8d992cb8e1a7dd1b1ec2e7930c", "best_bid": "0.82", "best_ask": "0.84"}, {"asset_id": "87200813379777945326594531155318320143753925887334390069301160291085663888908", "price": "0.79", "size": "133.33", "side": "SELL", "hash": "5dcb649a0c42624408e854e0f04cbd302e7670ac", "best_bid": "0.16", "best_ask": "0.18"}], "timestamp": "1769384544876", "event_type": "price_change"}}
{"_local_timestamp": "2026-01-25T23:42:25.307817+00:00", "data": {"market": "0xed872dd84439df3c8a53925e6ef8c681ba8c0ba87e7001f73fa1d6dc794a135f", "price_changes": [{"asset_id": "112661276556417906828870815309543694013071769344781677369935215749452960548752", "price": "0.22", "size": "300", "side": "BUY", "hash": "ae7ee93e1e74c8a60315b784ef148238efcb0d5c", "best_bid": "0.82", "best_ask": "0.84"}, {"asset_id": "87200813379777945326594531155318320143753925887334390069301160291085663888908", "price": "0.78", "size": "300", "side": "SELL", "hash": "e7eab1c5431b76c0beb5bc57894078db4e2d7dd7", "best_bid": "0.16", "best_ask": "0.18"}], "timestamp": "1769384545161", "event_type": "price_change"}}
{"_local_timestamp": "2026-01-25T23:42:26.421005+00:00", "data": {"market": "0xed872dd84439df3c8a53925e6ef8c681ba8c0ba87e7001f73fa1d6dc794a135f", "price_changes": [{"asset_id": "112661276556417906828870815309543694013071769344781677369935215749452960548752", "price": "0.18", "size": "1288", "side": "BUY", "hash": "4ecdff5d5d17caaee4a4f8431f09af8d5cefcb54", "best_bid": "0.82", "best_ask": "0.84"}, {"asset_id": "87200813379777945326594531155318320143753925887334390069301160291085663888908", "price": "0.82", "size": "1288", "side": "SELL", "hash": "f94d353237cbd00667f5b553a7ba19818a35bb1d", "best_bid": "0.16", "best_ask": "0.18"}], "timestamp": "1769384546302", "event_type": "price_change"}}
{"_local_timestamp": "2026-01-25T23:42:26.912248+00:00", "data": {"market": "0xed872dd84439df3c8a53925e6ef8c681ba8c0ba87e7001f73fa1d6dc794a135f", "price_changes": [{"asset_id": "112661276556417906828870815309543694013071769344781677369935215749452960548752", "price": "0.2", "size": "2150", "side": "BUY", "hash": "c16ca42d566d4ee81275c3724d1d912ce1b7eb9f", "best_bid": "0.82", "best_ask": "0.84"}, {"asset_id": "87200813379777945326594531155318320143753925887334390069301160291085663888908", "price": "0.8", "size": "2150", "side": "SELL", "hash": "97182ffee7db3ee01920391a968e722eb1aa0739", "best_bid": "0.16", "best_ask": "0.18"}], "timestamp": "1769384546800", "event_type": "price_change"}}
{"_local_timestamp": "2026-01-25T23:42:47.115884+00:00", "data": {"market": "0xed872dd84439df3c8a53925e6ef8c681ba8c0ba87e7001f73fa1d6dc794a135f", "price_changes": [{"asset_id": "112661276556417906828870815309543694013071769344781677369935215749452960548752", "price": "0.2", "size": "50", "side": "BUY", "hash": "2981161811aaa94b8c22e89c4c1a720d182b1153", "best_bid": "0.82", "best_ask": "0.84"}, {"asset_id": "87200813379777945326594531155318320143753925887334390069301160291085663888908", "price": "0.8", "size": "50", "side": "SELL", "hash": "62b8f8e06850e1e0a9ed2a2fa7b0bd3ce8493122", "best_bid": "0.16", "best_ask": "0.18"}], "timestamp": "1769384566987", "event_type": "price_change"}}
{"_local_timestamp": "2026-01-25T23:42:58.834369+00:00", "data": {"market": "0xed872dd84439df3c8a53925e6ef8c681ba8c0ba87e7001f73fa1d6dc794a135f", "price_changes": [{"asset_id": "112661276556417906828870815309543694013071769344781677369935215749452960548752", "price": "0.18", "size": "1138", "side": "BUY", "hash": "43314bb1c3657b0350304c7cabe72633759c26a7", "best_bid": "0.82", "best_ask": "0.84"}, {"asset_id": "87200813379777945326594531155318320143753925887334390069301160291085663888908", "price": "0.82", "size": "1138", "side": "SELL", "hash": "00cb8fb1c6a274a4c90bc46925b9716690a345ab", "best_bid": "0.16", "best_ask": "0.18"}], "timestamp": "1769384578723", "event_type": "price_change"}}
{"_local_timestamp": "2026-01-25T23:42:59.087837+00:00", "data": {"market": "0xed872dd84439df3c8a53925e6ef8c681ba8c0ba87e7001f73fa1d6dc794a135f", "price_changes": [{"asset_id": "112661276556417906828870815309543694013071769344781677369935215749452960548752", "price": "0.2", "size": "200", "side": "BUY", "hash": "af59332903d4ae8c0a924e799a48df4b1392a3f8", "best_bid": "0.82", "best_ask": "0.84"}, {"asset_id": "87200813379777945326594531155318320143753925887334390069301160291085663888908", "price": "0.8", "size": "200", "side": "SELL", "hash": "5e8ff30d115b80984249b69de6c95cedc8b02768", "best_bid": "0.16", "best_ask": "0.18"}], "timestamp": "1769384578976", "event_type": "price_change"}}
{"_local_timestamp": "2026-01-25T23:43:10.678417+00:00", "data": {"market": "0xed872dd84439df3c8a53925e6ef8c681ba8c0ba87e7001f73fa1d6dc794a135f", "price_changes": [{"asset_id": "112661276556417906828870815309543694013071769344781677369935215749452960548752", "price": "0.23", "size": "1826", "side": "BUY", "hash": "25cb268d021c30773c0a9c85293a657fe5ac8254", "best_bid": "0.82", "best_ask": "0.84"}, {"asset_id": "87200813379777945326594531155318320143753925887334390069301160291085663888908", "price": "0.77", "size": "1826", "side": "SELL", "hash": "3c4948b61120ebbdca2e7f7553465d8916015865", "best_bid": "0.16", "best_ask": "0.18"}], "timestamp": "1769384590564", "event_type": "price_change"}}
{"_local_timestamp": "2026-01-25T23:43:11.805527+00:00", "data": {"market": "0xed872dd84439df3c8a53925e6ef8c681ba8c0ba87e7001f73fa1d6dc794a135f", "price_changes": [{"asset_id": "112661276556417906828870815309543694013071769344781677369935215749452960548752", "price": "0.2", "size": "150", "side": "BUY", "hash": "68664801ef0f04fb819db1752eb1b1e5b7646e58", "best_bid": "0.82", "best_ask": "0.84"}, {"asset_id": "87200813379777945326594531155318320143753925887334390069301160291085663888908", "price": "0.8", "size": "150", "side": "SELL", "hash": "b0588615216f4b35da978661d1a2338729d72726", "best_bid": "0.16", "best_ask": "0.18"}], "timestamp": "1769384591696", "event_type": "price_change"}}
{"_local_timestamp": "2026-01-25T23:43:12.080572+00:00", "data": {"market": "0xed872dd84439df3c8a53925e6ef8c681ba8c0ba87e7001f73fa1d6dc794a135f", "price_changes": [{"asset_id": "112661276556417906828870815309543694013071769344781677369935215749452960548752", "price": "0.18", "size": "1188", "side": "BUY", "hash": "98ebbf776651d7b9382d99712dd89aa49cf60d0b", "best_bid": "0.82", "best_ask": "0.84"}, {"asset_id": "87200813379777945326594531155318320143753925887334390069301160291085663888908", "price": "0.82", "size": "1188", "side": "SELL", "hash": "3190d097bd0ec99461da4097d9eabe305eb73565", "best_bid": "0.16", "best_ask": "0.18"}], "timestamp": "1769384591959", "event_type": "price_change"}}
{"_local_timestamp": "2026-01-25T23:43:23.087186+00:00", "data": {"market": "0xed872dd84439df3c8a53925e6ef8c681ba8c0ba87e7001f73fa1d6dc794a135f", "price_changes": [{"asset_id": "87200813379777945326594531155318320143753925887334390069301160291085663888908", "price": "0.08", "size": "0", "side": "BUY", "hash": "9cd48e6afaf40645d20b4b43eacbdd8d31739c3c", "best_bid": "0.16", "best_ask": "0.18"}, {"asset_id": "112661276556417906828870815309543694013071769344781677369935215749452960548752", "price": "0.92", "size": "0", "side": "SELL", "hash": "58c6607a12613220bc1a22ffb1e9e60f805af307", "best_bid": "0.82", "best_ask": "0.84"}], "timestamp": "1769384602961", "event_type": "price_change"}}
{"_local_timestamp": "2026-01-25T23:43:23.489130+00:00", "data": {"market": "0xed872dd84439df3c8a53925e6ef8c681ba8c0ba87e7001f73fa1d6dc794a135f", "price_changes": [{"asset_id": "87200813379777945326594531155318320143753925887334390069301160291085663888908", "price": "0.08", "size": "7.89", "side": "BUY", "hash": "47284eb8a4e7c476881eb16efc7d99eddf74c72a", "best_bid": "0.16", "best_ask": "0.18"}, {"asset_id": "112661276556417906828870815309543694013071769344781677369935215749452960548752", "price": "0.92", "size": "7.89", "side": "SELL", "hash": "166ee4814cbe9c382e18ebaad237a9f57d9ad86c", "best_bid": "0.82", "best_ask": "0.84"}], "timestamp": "1769384603357", "event_type": "price_change"}}
