{"_local_timestamp": "2026-01-25T23:40:59.723545+00:00", "data": [{"market": "0xed872dd84439df3c8a53925e6ef8c681ba8c0ba87e7001f73fa1d6dc794a135f", "asset_id": "87200813379777945326594531155318320143753925887334390069301160291085663888908", "timestamp": "1769384440634", "hash": "de8503c89d1262b918c696253e7f47f6efa617f5", "bids": [{"price": "0.01", "size": "6.87"}, {"price": "0.03", "size": "1999.33"}, {"price": "0.04", "size": "361"}, {"price": "0.07", "size": "671"}, {"price": "0.08", "size": "7.89"}, {"price": "0.1", "size": "88.95"}, {"price": "0.11", "size": "1493.66"}, {"price": "0.13", "size": "66.66"}, {"price": "0.14", "size": "46.93"}, {"price": "0.16", "size": "66.66"}], "asks": [{"price": "0.99", "size": "5009.71"}, {"price": "0.98", "size": "2200"}, {"price": "0.97", "size": "9.08"}, {"price": "0.92", "size": "1150"}, {"price": "0.91", "size": "7"}, {"price": "0.87", "size": "261.53"}, {"price": "0.85", "size": "550"}, {"price": "0.83", "size": "188.23"}, {"price": "0.82", "size": "1188"}, {"price": "0.81", "size": "150"}, {"price": "0.79", "size": "133.33"}, {"price": "0.78", "size": "2108"}, {"price": "0.74", "size": "100"}, {"price": "0.71", "size": "450"}, {"price": "0.7", "size": "80"}, {"price": "0.66", "size": "108.82"}, {"price": "0.57", "size": "100"}, {"price": "0.54", "size": "490.12"}, {"price": "0.53", "size": "100"}, {"price": "0.52", "size": "30"}, {"price": "0.51", "size": "5"}, {"price": "0.36", "size": "90.12"}, {"price": "0.3", "size": "50"}, {"price": "0.27", "size": "5"}, {"price": "0.24", "size": "5"}, {"price": "0.22", "size": "16.66"}, {"price": "0.21", "size": "13.92"}, {"price": "0.18", "size": "300"}], "event_type": "book", "last_trade_price": "0.140"}, {"market": "0xed872dd84439df3c8a53925e6ef8c681ba8c0ba87e7001f73fa1d6dc794a135f", "asset_id": "112661276556417906828870815309543694013071769344781677369935215749452960548752", "timestamp": "1769384440634", "hash": "cc0d4e5b09909cd5f2144c298275881280ca3963", "bids": [{"price": "0.01", "size": "5009.71"}, {"price": "0.02", "size": "2200"}, {"price": "0.03", "size": "9.08"}, {"price": "0.08", "size": "1150"}, {"price": "0.09", "size": "7"}, {"price": "0.13", "size": "261.53"}, {"price": "0.15", "size": "550"}, {"price": "0.17", "size": "188.23"}, {"price": "0.18", "size": "1188"}, {"price": "0.19", "size": "150"}, {"price": "0.21", "size": "133.33"}, {"price": "0.22", "size": "2108"}, {"price": "0.26", "size": "100"}, {"price": "0.29", "size": "450"}, {"price": "0.3", "size": "80"}, {"price": "0.34", "size": "108.82"}, {"price": "0.43", "size": "100"}, {"price": "0.46", "size": "490.12"}, {"price": "0.47", "size": "100"}, {"price": "0.48", "size": "30"}, {"price": "0.49", "size": "5"}, {"price": "0.64", "size": "90.12"}, {"price": "0.7", "size": "50"}, {"price": "0.73", "size": "5"}, {"price": "0.76", "size": "5"}, {"price": "0.78", "size": "16.66"}, {"price": "0.79", "size": "13.92"}, {"price": "0.82", "size": "300"}], "asks": [{"price": "0.99", "size": "6.87"}, {"price": "0.97", "size": "1999.33"}, {"price": "0.96", "size": "361"}, {"price": "0.93", "size": "671"}, {"price": "0.92", "size": "7.89"}, {"price": "0.9", "size": "88.95"}, {"price": "0.89", "size": "1493.66"}, {"price": "0.87", "size": "66.66"}, {"price": "0.86", "size": "46.93"}, {"price": "0.84", "size": "66.66"}], "event_type": "book", "last_trade_price": "0.140"}]}
{"_local_timestamp": "2026-01-25T23:41:14.711566+00:00", "data": {"market": "0xed872dd84439df3c8a53925e6ef8c681ba8c0ba87e7001f73fa1d6dc794a135f", "price_changes": [{"asset_id": "112661276556417906828870815309543694013071769344781677369935215749452960548752", "price": "0.22", "size": "200", "side": "BUY", "hash": "8e2b05ba062aa7fa12fcee5e5c0c4250112ae155", "best_bid": "0.82", "best_ask": "0.84"}, {"asset_id": "87200813379777945326594531155318320143753925887334390069301160291085663888908", "price": "0.78", "size": "200", "side": "SELL", "hash": "08e894d5f6ad9246c91701b16e2f6441aed93e33", "best_bid": "0.16", "best_ask": "0.18"}], "timestamp": "1769384474539", "event_type": "price_change"}}
{"_local_timestamp": "2026-01-25T23:41:49.488026+00:00", "data": {"market": "0xed872dd84439df3c8a53925e6ef8c681ba8c0ba87e7001f73fa1d6dc794a135f", "price_changes": [{"asset_id": "112661276556417906828870815309543694013071769344781677369935215749452960548752", "price": "0.22", "size": "100", "side": "BUY", "hash": "189b456e8b2a0622fa65fc74cf89073416f7c812", "best_bid": "0.82", "best_ask": "0.84"}, {"asset_id": "87200813379777945326594531155318320143753925887334390069301160291085663888908", "price": "0.78", "size": "100", "side": "SELL", "hash": "8b8e89d14f68339691c6874549ac3ad9ad23b074", "best_bid": "0.16", "best_ask": "0.18"}], "timestamp": "1769384509398", "event_type": "price_change"}}
{"_local_timestamp": "2026-01-25T23:41:49.735001+00:00", "data": {"market": "0xed872dd84439df3c8a53925e6ef8c681ba8c0ba87e7001f73fa1d6dc794a135f", "price_changes": [{"asset_id": "112661276556417906828870815309543694013071769344781677369935215749452960548752", "price": "0.21", "size": "233.33", "side": "BUY", "hash": "a93490ffde193fab248b70128160c4c6d4e78794", "best_bid": "0.82", "best_ask": "0.84"}, {"asset_id": "87200813379777945326594531155318320143753925887334390069301160291085663888908", "price": "0.79", "size": "233.33", "side": "SELL", "hash": "d4ae3e0d802f8b55236f3b47836088b4c9d6ea16", "best_bid": "0.16", "best_ask": "0.18"}], "timestamp": "1769384509656", "event_type": "price_change"}}
{"_local_timestamp": "2026-01-25T23:41:50.867394+00:00", "data": {"market": "0xed872dd84439df3c8a53925e6ef8c681ba8c0ba87e7001f73fa1d6dc794a135f", "price_changes": [{"asset_id": "112661276556417906828870815309543694013071769344781677369935215749452960548752", "price": "0.29", "size": "350", "side": "BUY", "hash": "40d7f020faacab28e75fe21d745c4e6291c45857", "best_bid": "0.82", "best_ask": "0.84"}, {"asset_id": "87200813379777945326594531155318320143753925887334390069301160291085663888908", "price": "0.71", "size": "350", "side": "SELL", "hash": "94237239b846f003e52f887ac23ae7516c1d6ca6", "best_bid": "0.16", "best_ask": "0.18"}], "timestamp": "1769384510737", "event_type": "price_change"}}
{"_local_timestamp": "2026-01-25T23:41:50.868008+00:00", "data": {"market": "0xed872dd84439df3c8a53925e6ef8c681ba8c0ba87e7001f73fa1d6dc794a135f", "price_changes": [{"asset_id": "112661276556417906828870815309543694013071769344781677369935215749452960548752", "price": "0.19", "size": "0", "side": "BUY", "hash": "40d7f020faacab28e75fe21d745c4e6291c45857", "best_bid": "0.82", "best_ask": "0.84"}, {"asset_id": "87200813379777945326594531155318320143753925887334390069301160291085663888908", "price": "0.81", "size": "0", "side": "SELL", "hash": "94237239b846f003e52f887ac23ae7516c1d6ca6", "best_bid": "0.16", "best_ask": "0.18"}], "timestamp": "1769384510737", "event_type": "price_change"}}
{"_local_timestamp": "2026-01-25T23:41:52.023518+00:00", "data": {"market": "0xed872dd84439df3c8a53925e6ef8c681ba8c0ba87e7001f73fa1d6dc794a135f", "price_changes": [{"asset_id": "112661276556417906828870815309543694013071769344781677369935215749452960548752", "price": "0.18", "size": "1338", "side": "BUY", "hash": "d6af952cbeb20993cfb529b8b66dfddeab7e9c60", "best_bid": "0.82", "best_ask": "0.84"}, {"asset_id": "87200813379777945326594531155318320143753925887334390069301160291085663888908", "price": "0.82", "size": "1338", "side": "SELL", "hash": "3a204a1c275549a431ed3a4722b4fd0abcbcef20", "best_bid": "0.16", "best_ask": "0.18"}], "timestamp": "1769384511700", "event_type": "price_change"}}
{"_local_timestamp": "2026-01-25T23:41:52.918674+00:00", "data": {"market": "0xed872dd84439df3c8a53925e6ef8c681ba8c0ba87e7001f73fa1d6dc794a135f", "price_changes": [{"asset_id": "112661276556417906828870815309543694013071769344781677369935215749452960548752", "price": "0.22", "size": "200", "side": "BUY", "hash": "f2f76e7d63c0d799e809eb9f19a2470ba7adf102", "best_bid": "0.82", "best_ask": "0.84"}, {"asset_id": "87200813379777945326594531155318320143753925887334390069301160291085663888908", "price": "0.78", "size": "200", "side": "SELL", "hash": "25531e64845b134eee4597029bffb357345d8a1c", "best_bid": "0.16", "best_ask": "0.18"}], "timestamp": "1769384511956", "event_type": "price_change"}}
{"_local_timestamp": "2026-01-25T23:42:06.444607+00:00", "data": {"market": "0xed872dd84439df3c8a53925e6ef8c681ba8c0ba87e7001f73fa1d6dc794a135f", "price_changes": [{"asset_id": "112661276556417906828870815309543694013071769344781677369935215749452960548752", "price": "0.2", "size": "2100", "side": "BUY", "hash": "76a649f7e44d4519797c6ac809e1481b571d4bf9", "best_bid": "0.82", "best_ask": "0.84"}, {"asset_id": "87200813379777945326594531155318320143753925887334390069301160291085663888908", "price": "0.8", "size": "2100", "side": "SELL", "hash": "72f91d7b1538a86dc229f01972552ed2fa2931b7", "best_bid": "0.16", "best_ask": "0.18"}], "timestamp": "1769384526379", "event_type": "price_change"}}
{"_local_timestamp": "2026-01-25T23:42:24.981073+00:00", "data": {"market": "0xed872dd84439df3c8a53925e6ef8c681ba8c0ba87e7001f73fa1d6dc794a135f", "price_changes": [{"asset_id": "112661276556417906828870815309543694013071769344781677369935215749452960548752", "price": "0.21", "size": "133.33", "side": "BUY", "hash": "1d1c21f522dcbc8d992cb8e1a7dd1b1ec2e7930c", "best_bid": "0.82", "best_ask": "0.84"}, {"asset_id": "87200813379777945326594531155318320143753925887334390069301160291085663888908", "price": "0.79", "size": "133.33", "side": "SELL", "hash": "5dcb649a0c42624408e854e0f04cbd302e7670ac", "best_bid": "0.16", "best_ask": "0.18"}], "timestamp": "1769384544876", "event_type": "price_change"}}
{"_local_timestamp": "2026-01-25T23:42:25.307817+00:00", "data": {"market": "0xed872dd84439df3c8a53925e6ef8c681ba8c0ba87e7001f73fa1d6dc794a135f", "price_changes": [{"asset_id": "112661276556417906828870815309543694013071769344781677369935215749452960548752", "price": "0.22", "size": "300", "side": "BUY", "hash": "ae7ee93e1e74c8a60315b784ef148238efcb0d5c", "best_bid": "0.82", "best_ask": "0.84"}, {"asset_id": "87200813379777945326594531155318320143753925887334390069301160291085663888908", "price": "0.78", "size": "300", "side": "SELL", "hash": "e7eab1c5431b76c0beb5bc57894078db4e2d7dd7", "best_bid": "0.16", "best_ask": "0.18"}], "timestamp": "1769384545161", "event_type": "price_change"}}
{"_local_timestamp": "2026-01-25T23:42:26.421005+00:00", "data": {"market": "0xed872dd84439df3c8a53925e6ef8c681ba8c0ba87e7001f73fa1d6dc794a135f", "price_changes": [{"asset_id": "112661276556417906828870815309543694013071769344781677369935215749452960548752", "price": "0.18", "size": "1288", "side": "BUY", "hash": "4ecdff5d5d17caaee4a4f8431f09af8d5cefcb54", "best_bid": "0.82", "best_ask": "0.84"}, {"asset_id": "87200813379777945326594531155318320143753925887334390069301160291085663888908", "price": "0.82", "size": "1288", "side": "SELL", "hash": "f94d353237cbd00667f5b553a7ba19818a35bb1d", "best_bid": "0.16", "best_ask": "0.18"}], "timestamp": "1769384546302", "event_type": "price_change"}}
{"_local_timestamp": "2026-01-25T23:42:26.912248+00:00", "data": {"market": "0xed872dd84439df3c8a53925e6ef8c681ba8c0ba87e7001f73fa1d6dc794a135f", "price_changes": [{"asset_id": "112661276556417906828870815309543694013071769344781677369935215749452960548752", "price": "0.2", "size": "2150", "side": "BUY", "hash": "c16ca42d566d4ee81275c3724d1d912ce1b7eb9f", "best_bid": "0.82", "best_ask": "0.84"}, {"asset_id": "87200813379777945326594531155318320143753925887334390069301160291085663888908", "price": "0.8", "size": "2150", "side": "SELL", "hash": "97182ffee7db3ee01920391a968e722eb1aa0739", "best_bid": "0.16", "best_ask": "0.18"}], "timestamp": "1769384546800", "event_type": "price_change"}}
{"_local_timestamp": "2026-01-25T23:42:47.115884+00:00", "data": {"market": "0xed872dd84439df3c8a53925e6ef8c681ba8c0ba87e7001f73fa1d6dc794a135f", "price_changes": [{"asset_id": "112661276556417906828870815309543694013071769344781677369935215749452960548752", "price": "0.2", "size": "50", "side": "BUY", "hash": "2981161811aaa94b8c22e89c4c1a720d182b1153", "best_bid": "0.82", "best_ask": "0.84"}, {"asset_id": "87200813379777945326594531155318320143753925887334390069301160291085663888908", "price": "0.8", "size": "50", "side": "SELL", "hash": "62b8f8e06850e1e0a9ed2a2fa7b0bd3ce8493122", "best_bid": "0.16", "best_ask": "0.18"}], "timestamp": "1769384566987", "event_type": "price_change"}}
{"_local_timestamp": "2026-01-25T23:42:58.834369+00:00", "data": {"market": "0xed872dd84439df3c8a53925e6ef8c681ba8c0ba87e7001f73fa1d6dc794a135f", "price_changes": [{"asset_id": "112661276556417906828870815309543694013071769344781677369935215749452960548752", "price": "0.18", "size": "1138", "side": "BUY", "hash": "43314bb1c3657b0350304c7cabe72633759c26a7", "best_bid": "0.82", "best_ask": "0.84"}, {"asset_id": "87200813379777945326594531155318320143753925887334390069301160291085663888908", "price": "0.82", "size": "1138", "side": "SELL", "hash": "00cb8fb1c6a274a4c90bc46925b9716690a345ab", "best_bid": "0.16", "best_ask": "0.18"}], "timestamp": "1769384578723", "event_type": "price_change"}}
{"_local_timestamp": "2026-01-25T23:42:59.087837+00:00", "data": {"market": "0xed872dd84439df3c8a53925e6ef8c681ba8c0ba87e7001f73fa1d6dc794a135f", "price_changes": [{"asset_id": "112661276556417906828870815309543694013071769344781677369935215749452960548752", "price": "0.2", "size": "200", "side": "BUY", "hash": "af59332903d4ae8c0a924e799a48df4b1392a3f8", "best_bid": "0.82", "best_ask": "0.84"}, {"asset_id": "87200813379777945326594531155318320143753925887334390069301160291085663888908", "price": "0.8", "size": "200", "side": "SELL", "hash": "5e8ff30d115b80984249b69de6c95cedc8b02768", "best_bid": "0.16", "best_ask": "0.18"}], "timestamp": "1769384578976", "event_type": "price_change"}}
{"_local_timestamp": "2026-01-25T23:43:10.678417+00:00", "data": {"market": "0xed872dd84439df3c8a53925e6ef8c681ba8c0ba87e7001f73fa1d6dc794a135f", "price_changes": [{"asset_id": "112661276556417906828870815309543694013071769344781677369935215749452960548752", "price": "0.23", "size": "1826", "side": "BUY", "hash": "25cb268d021c30773c0a9c85293a657fe5ac8254", "best_bid": "0.82", "best_ask": "0.84"}, {"asset_id": "87200813379777945326594531155318320143753925887334390069301160291085663888908", "price": "0.77", "size": "1826", "side": "SELL", "hash": "3c4948b61120ebbdca2e7f7553465d8916015865", "best_bid": "0.16", "best_ask": "0.18"}], "timestamp": "1769384590564", "event_type": "price_change"}}
{"_local_timestamp": "2026-01-25T23:43:11.805527+00:00", "data": {"market": "0xed872dd84439df3c8a53925e6ef8c681ba8c0ba87e7001f73fa1d6dc794a135f", "price_changes": [{"asset_id": "112661276556417906828870815309543694013071769344781677369935215749452960548752", "price": "0.2", "size": "150", "side": "BUY", "hash": "68664801ef0f04fb819db1752eb1b1e5b7646e58", "best_bid": "0.82", "best_ask": "0.84"}, {"asset_id": "87200813379777945326594531155318320143753925887334390069301160291085663888908", "price": "0.8", "size": "150", "side": "SELL", "hash": "b0588615216f4b35da978661d1a2338729d72726", "best_bid": "0.16", "best_ask": "0.18"}], "timestamp": "1769384591696", "event_type": "price_change"}}
{"_local_timestamp": "2026-01-25T23:43:12.080572+00:00", "data": {"market": "0xed872dd84439df3c8a53925e6ef8c681ba8c0ba87e7001f73fa1d6dc794a135f", "price_changes": [{"asset_id": "112661276556417906828870815309543694013071769344781677369935215749452960548752", "price": "0.18", "size": "1188", "side": "BUY", "hash": "98ebbf776651d7b9382d99712dd89aa49cf60d0b", "best_bid": "0.82", "best_ask": "0.84"}, {"asset_id": "87200813379777945326594531155318320143753925887334390069301160291085663888908", "price": "0.82", "size": "1188", "side": "SELL", "hash": "3190d097bd0ec99461da4097d9eabe305eb73565", "best_bid": "0.16", "best_ask": "0.18"}], "timestamp": "1769384591959", "event_type": "price_change"}}
{"_local_timestamp": "2026-01-25T23:43:23.087186+00:00", "data": {"market": "0xed872dd84439df3c8a53925e6ef8c681ba8c0ba87e7001f73fa1d6dc794a135f", "price_changes": [{"asset_id": "87200813379777945326594531155318320143753925887334390069301160291085663888908", "price": "0.08", "size": "0", "side": "BUY", "hash": "9cd48e6afaf40645d20b4b43eacbdd8d31739c3c", "best_bid": "0.16", "best_ask": "0.18"}, {"asset_id": "112661276556417906828870815309543694013071769344781677369935215749452960548752", "price": "0.92", "size": "0", "side": "SELL", "hash": "58c6607a12613220bc1a22ffb1e9e60f805af307", "best_bid": "0.82", "best_ask": "0.84"}], "timestamp": "1769384602961", "event_type": "price_change"}}
{"_local_timestamp": "2026-01-25T23:43:23.489130+00:00", "data": {"market": "0xed872dd84439df3c8a53925e6ef8c681ba8c0ba87e7001f73fa1d6dc794a135f", "price_changes": [{"asset_id": "87200813379777945326594531155318320143753925887334390069301160291085663888908", "price": "0.08", "size": "7.89", "side": "BUY", "hash": "47284eb8a4e7c476881eb16efc7d99eddf74c72a", "best_bid": "0.16", "best_ask": "0.18"}, {"asset_id": "112661276556417906828870815309543694013071769344781677369935215749452960548752", "price": "0.92", "size": "7.89", "side": "SELL", "hash": "166ee4814cbe9c382e18ebaad237a9f57d9ad86c", "best_bid": "0.82", "best_ask": "0.84"}], "timestamp": "1769384603357", "event_type": "price_change"}}
{"_local_timestamp": "2026-01-25T23:43:38.568452+00:00", "data": {"market": "0xed872dd84439df3c8a53925e6ef8c681ba8c0ba87e7001f73fa1d6dc794a135f", "price_changes": [{"asset_id": "112661276556417906828870815309543694013071769344781677369935215749452960548752", "price": "0.2", "size": "0", "side": "BUY", "hash": "420f69ec95c9c2c0ca687cb452998897a6d90132", "best_bid": "0.82", "best_ask": "0.84"}, {"asset_id": "87200813379777945326594531155318320143753925887334390069301160291085663888908", "price": "0.8", "size": "0", "side": "SELL", "hash": "40d47d2c83edefa961829a9db3d0e5c59986b81e", "best_bid": "0.16", "best_ask": "0.18"}], "timestamp": "1769384618445", "event_type": "price_change"}}
{"_local_timestamp": "2026-01-25T23:43:38.881632+00:00", "data": {"market": "0xed872dd84439df3c8a53925e6ef8c681ba8c0ba87e7001f73fa1d6dc794a135f", "price_changes": [{"asset_id": "112661276556417906828870815309543694013071769344781677369935215749452960548752", "price": "0.18", "size": "1338", "side": "BUY", "hash": "07c88d309c7e2543760c42d81a2a452ce7c62c4f", "best_bid": "0.82", "best_ask": "0.84"}, {"asset_id": "87200813379777945326594531155318320143753925887334390069301160291085663888908", "price": "0.82", "size": "1338", "side": "SELL", "hash": "e6a187d538002451c3136fae5feddf531c610f4c", "best_bid": "0.16", "best_ask": "0.18"}], "timestamp": "1769384618724", "event_type": "price_change"}}
{"_local_timestamp": "2026-01-25T23:44:08.600992+00:00", "data": {"market": "0xed872dd84439df3c8a53925e6ef8c681ba8c0ba87e7001f73fa1d6dc794a135f", "price_changes": [{"asset_id": "112661276556417906828870815309543694013071769344781677369935215749452960548752", "price": "0.22", "size": "250", "side": "BUY", "hash": "1cd3a53b1080f5e58c0074f369b58c3cfa967bc3", "best_bid": "0.82", "best_ask": "0.84"}, {"asset_id": "87200813379777945326594531155318320143753925887334390069301160291085663888908", "price": "0.78", "size": "250", "side": "SELL", "hash": "0c00ce8d66a1180937f03fa9186139607c59c682", "best_bid": "0.16", "best_ask": "0.18"}], "timestamp": "1769384648362", "event_type": "price_change"}}
{"_local_timestamp": "2026-01-25T23:44:08.601521+00:00", "data": {"market": "0xed872dd84439df3c8a53925e6ef8c681ba8c0ba87e7001f73fa1d6dc794a135f", "price_changes": [{"asset_id": "112661276556417906828870815309543694013071769344781677369935215749452960548752", "price": "0.18", "size": "1238", "side": "BUY", "hash": "1cd3a53b1080f5e58c0074f369b58c3cfa967bc3", "best_bid": "0.82", "best_ask": "0.84"}, {"asset_id": "87200813379777945326594531155318320143753925887334390069301160291085663888908", "price": "0.82", "size": "1238", "side": "SELL", "hash": "0c00ce8d66a1180937f03fa9186139607c59c682", "best_bid": "0.16", "best_ask": "0.18"}], "timestamp": "1769384648362", "event_type": "price_change"}}
{"_local_timestamp": "2026-01-25T23:44:09.083666+00:00", "data": {"market": "0xed872dd84439df3c8a53925e6ef8c681ba8c0ba87e7001f73fa1d6dc794a135f", "price_changes": [{"asset_id": "112661276556417906828870815309543694013071769344781677369935215749452960548752", "price": "0.2", "size": "100", "side": "BUY", "hash": "2d26bdba808f3947b0fb025c7984878d52d851a6", "best_bid": "0.82", "best_ask": "0.84"}, {"asset_id": "87200813379777945326594531155318320143753925887334390069301160291085663888908", "price": "0.8", "size": "100", "side": "SELL", "hash": "756b445aee6ffa2feb5f88b72546299acf5a9c9f", "best_bid": "0.16", "best_ask": "0.18"}], "timestamp": "1769384648755", "event_type": "price_change"}}
{"_local_timestamp": "2026-01-25T23:44:09.153797+00:00", "data": {"market": "0xed872dd84439df3c8a53925e6ef8c681ba8c0ba87e7001f73fa1d6dc794a135f", "price_changes": [{"asset_id": "112661276556417906828870815309543694013071769344781677369935215749452960548752", "price": "0.29", "size": "400", "side": "BUY", "hash": "a6007a53ed2a6f2f9a7f3fb73a51cc68d2d77f00", "best_bid": "0.82", "best_ask": "0.84"}, {"asset_id": "87200813379777945326594531155318320143753925887334390069301160291085663888908", "price": "0.71", "size": "400", "side": "SELL", "hash": "a3b06071438c0387d0bc854bb8202da7cbd4bf51", "best_bid": "0.16", "best_ask": "0.18"}], "timestamp": "1769384648830", "event_type": "price_change"}}
{"_local_timestamp": "2026-01-25T23:44:18.192220+00:00", "data": {"market": "0xed872dd84439df3c8a53925e6ef8c681ba8c0ba87e7001f73fa1d6dc794a135f", "price_changes": [{"asset_id": "112661276556417906828870815309543694013071769344781677369935215749452960548752", "price": "0.22", "size": "150", "side": "BUY", "hash": "834a39dc3042c6f36a2c6afe40d3f6df37f9747d", "best_bid": "0.82", "best_ask": "0.84"}, {"asset_id": "87200813379777945326594531155318320143753925887334390069301160291085663888908", "price": "0.78", "size": "150", "side": "SELL", "hash": "3652cc8e473d51f773cbf76460bbfd459eb26327", "best_bid": "0.16", "best_ask": "0.18"}], "timestamp": "1769384657930", "event_type": "price_change"}}
{"_local_timestamp": "2026-01-25T23:44:18.430521+00:00", "data": {"market": "0xed872dd84439df3c8a53925e6ef8c681ba8c0ba87e7001f73fa1d6dc794a135f", "price_changes": [{"asset_id": "112661276556417906828870815309543694013071769344781677369935215749452960548752", "price": "0.23", "size": "1926", "side": "BUY", "hash": "d4d9ed2921cd6f9ba0ccec6dc747206e1924d451", "best_bid": "0.82", "best_ask": "0.84"}, {"asset_id": "87200813379777945326594531155318320143753925887334390069301160291085663888908", "price": "0.77", "size": "1926", "side": "SELL", "hash": "b61a0184e2d914957d933b7009ce258a3fb55dcd", "best_bid": "0.16", "best_ask": "0.18"}], "timestamp": "1769384658180", "event_type": "price_change"}}
{"_local_timestamp": "2026-01-25T23:44:20.946730+00:00", "data": {"market": "0xed872dd84439df3c8a53925e6ef8c681ba8c0ba87e7001f73fa1d6dc794a135f", "price_changes": [{"asset_id": "112661276556417906828870815309543694013071769344781677369935215749452960548752", "price": "0.22", "size": "50", "side": "BUY", "hash": "dfb92366ae813e99e047fdf6fd0ab72e7435f6f7", "best_bid": "0.82", "best_ask": "0.84"}, {"asset_id": "87200813379777945326594531155318320143753925887334390069301160291085663888908", "price": "0.78", "size": "50", "side": "SELL", "hash": "f542a1ea8ea570b760d4bec2e45fb726d1373c6e", "best_bid": "0.16", "best_ask": "0.18"}], "timestamp": "1769384660464", "event_type": "price_change"}}
{"_local_timestamp": "2026-01-25T23:44:21.495540+00:00", "data": {"market": "0xed872dd84439df3c8a53925e6ef8c681ba8c0ba87e7001f73fa1d6dc794a135f", "price_changes": [{"asset_id": "112661276556417906828870815309543694013071769344781677369935215749452960548752", "price": "0.29", "size": "500", "side": "BUY", "hash": "bb8212570f6e74733bbfa7357fcf685c727ba021", "best_bid": "0.82", "best_ask": "0.84"}, {"asset_id": "87200813379777945326594531155318320143753925887334390069301160291085663888908", "price": "0.71", "size": "500", "side": "SELL", "hash": "9eac95c8a188c17f0260ec56cff6cb54a83c62a4", "best_bid": "0.16", "best_ask": "0.18"}], "timestamp": "1769384660860", "event_type": "price_change"}}
{"_local_timestamp": "2026-01-25T23:45:53.143040+00:00", "data": {"market": "0xed872dd84439df3c8a53925e6ef8c681ba8c0ba87e7001f73fa1d6dc794a135f", "price_changes": [{"asset_id": "112661276556417906828870815309543694013071769344781677369935215749452960548752", "price": "0.2", "size": "0", "side": "BUY", "hash": "e11e798156f3c5ffbb1fa0ed1e2eec431f087715", "best_bid": "0.82", "best_ask": "0.84"}, {"asset_id": "87200813379777945326594531155318320143753925887334390069301160291085663888908", "price": "0.8", "size": "0", "side": "SELL", "hash": "0b236fd1d1553cae89af7c325cab664a930d66c1", "best_bid": "0.16", "best_ask": "0.18"}], "timestamp": "1769384753003", "event_type": "price_change"}}
{"_local_timestamp": "2026-01-25T23:45:53.144330+00:00", "data": {"market": "0xed872dd84439df3c8a53925e6ef8c681ba8c0ba87e7001f73fa1d6dc794a135f", "price_changes": [{"asset_id": "112661276556417906828870815309543694013071769344781677369935215749452960548752", "price": "0.29", "size": "450", "side": "BUY", "hash": "e11e798156f3c5ffbb1fa0ed1e2eec431f087715", "best_bid": "0.82", "best_ask": "0.84"}, {"asset_id": "87200813379777945326594531155318320143753925887334390069301160291085663888908", "price": "0.71", "size": "450", "side": "SELL", "hash": "0b236fd1d1553cae89af7c325cab664a930d66c1", "best_bid": "0.16", "best_ask": "0.18"}], "timestamp": "1769384753003", "event_type": "price_change"}}
{"_local_timestamp": "2026-01-25T23:45:53.630006+00:00", "data": {"market": "0xed872dd84439df3c8a53925e6ef8c681ba8c0ba87e7001f73fa1d6dc794a135f", "price_changes": [{"asset_id": "112661276556417906828870815309543694013071769344781677369935215749452960548752", "price": "0.23", "size": "1976", "side": "BUY", "hash": "d41eec6ac02a505173ab4e43a773e34216560c6c", "best_bid": "0.82", "best_ask": "0.84"}, {"asset_id": "87200813379777945326594531155318320143753925887334390069301160291085663888908", "price": "0.77", "size": "1976", "side": "SELL", "hash": "d362d51a0119e4d8932468f75202a1453b63318d", "best_bid": "0.16", "best_ask": "0.18"}], "timestamp": "1769384753511", "event_type": "price_change"}}
{"_local_timestamp": "2026-01-25T23:45:53.750303+00:00", "data": {"market": "0xed872dd84439df3c8a53925e6ef8c681ba8c0ba87e7001f73fa1d6dc794a135f", "price_changes": [{"asset_id": "112661276556417906828870815309543694013071769344781677369935215749452960548752", "price": "0.18", "size": "1338", "side": "BUY", "hash": "f943f2a0f39fa5c2cde74ee8fde9a177207b8270", "best_bid": "0.82", "best_ask": "0.84"}, {"asset_id": "87200813379777945326594531155318320143753925887334390069301160291085663888908", "price": "0.82", "size": "1338", "side": "SELL", "hash": "9511a23fb5e2d6e5f212dc3b4dc2b22ee7371947", "best_bid": "0.16", "best_ask": "0.18"}], "timestamp": "1769384753543", "event_type": "price_change"}}
{"_local_timestamp": "2026-01-25T23:46:10.608564+00:00", "data": {"market": "0xed872dd84439df3c8a53925e6ef8c681ba8c0ba87e7001f73fa1d6dc794a135f", "price_changes": [{"asset_id": "112661276556417906828870815309543694013071769344781677369935215749452960548752", "price": "0.23", "size": "150", "side": "BUY", "hash": "78f59a748b59bb4bd0da4955b86f792570701a05", "best_bid": "0.82", "best_ask": "0.84"}, {"asset_id": "87200813379777945326594531155318320143753925887334390069301160291085663888908", "price": "0.77", "size": "150", "side": "SELL", "hash": "f4ed1a1f5eea5009c111fa239619f8d4050ff96b", "best_bid": "0.16", "best_ask": "0.18"}], "timestamp": "1769384770462", "event_type": "price_change"}}
{"_local_timestamp": "2026-01-25T23:46:17.212054+00:00", "data": {"market": "0xed872dd84439df3c8a53925e6ef8c681ba8c0ba87e7001f73fa1d6dc794a135f", "price_changes": [{"asset_id": "112661276556417906828870815309543694013071769344781677369935215749452960548752", "price": "0.19", "size": "2210", "side": "BUY", "hash": "1a76e55d2beb68a79de76b14eee873ee06e6fb54", "best_bid": "0.82", "best_ask": "0.84"}, {"asset_id": "87200813379777945326594531155318320143753925887334390069301160291085663888908", "price": "0.81", "size": "2210", "side": "SELL", "hash": "9bbb5adcb24a5d72c48096c3f9c647fd24d2fab1", "best_bid": "0.16", "best_ask": "0.18"}], "timestamp": "1769384777146", "event_type": "price_change"}}
{"_local_timestamp": "2026-01-25T23:46:50.791343+00:00", "data": {"market": "0xed872dd84439df3c8a53925e6ef8c681ba8c0ba87e7001f73fa1d6dc794a135f", "price_changes": [{"asset_id": "112661276556417906828870815309543694013071769344781677369935215749452960548752", "price": "0.29", "size": "350", "side": "BUY", "hash": "1163880aae764b74acad50f3b2de3a3d3d4ff25e", "best_bid": "0.82", "best_ask": "0.84"}, {"asset_id": "87200813379777945326594531155318320143753925887334390069301160291085663888908", "price": "0.71", "size": "350", "side": "SELL", "hash": "ca68f57c3d5b70e02831d5cc8ba4fbd1a6e00fb5", "best_bid": "0.16", "best_ask": "0.18"}], "timestamp": "1769384810648", "event_type": "price_change"}}
{"_local_timestamp": "2026-01-25T23:46:51.615425+00:00", "data": {"market": "0xed872dd84439df3c8a53925e6ef8c681ba8c0ba87e7001f73fa1d6dc794a135f", "price_changes": [{"asset_id": "112661276556417906828870815309543694013071769344781677369935215749452960548752", "price": "0.23", "size": "250", "side": "BUY", "hash": "2eb840a975cef7525536b87b85087d1b8e07723a", "best_bid": "0.82", "best_ask": "0.84"}, {"asset_id": "87200813379777945326594531155318320143753925887334390069301160291085663888908", "price": "0.77", "size": "250", "side": "SELL", "hash": "db2f46b75bf3bd4eac98213ebbb3e724caf2cba5", "best_bid": "0.16", "best_ask": "0.18"}], "timestamp": "1769384811228", "event_type": "price_change"}}
{"_local_timestamp": "2026-01-25T23:46:55.286719+00:00", "data": {"market": "0xed872dd84439df3c8a53925e6ef8c681ba8c0ba87e7001f73fa1d6dc794a135f", "price_changes": [{"asset_id": "112661276556417906828870815309543694013071769344781677369935215749452960548752", "price": "0.18", "size": "1288", "side": "BUY", "hash": "0134e12431f8dd997c679d6eb75342a7cba7e3df", "best_bid": "0.82", "best_ask": "0.84"}, {"asset_id": "87200813379777945326594531155318320143753925887334390069301160291085663888908", "price": "0.82", "size": "1288", "side": "SELL", "hash": "d55331c0a6635161347d7f96d690af9531649546", "best_bid": "0.16", "best_ask": "0.18"}], "timestamp": "1769384815217", "event_type": "price_change"}}
{"_local_timestamp": "2026-01-25T23:46:55.558708+00:00", "data": {"market": "0xed872dd84439df3c8a53925e6ef8c681ba8c0ba87e7001f73fa1d6dc794a135f", "price_changes": [{"asset_id": "112661276556417906828870815309543694013071769344781677369935215749452960548752", "price": "0.19", "size": "2260", "side": "BUY", "hash": "4ee9eb78a69288738dccf6368adcf88c29b06ac6", "best_bid": "0.82", "best_ask": "0.84"}, {"asset_id": "87200813379777945326594531155318320143753925887334390069301160291085663888908", "price": "0.81", "size": "2260", "side": "SELL", "hash": "ef652e483a40b7a6333e2ce6dc9c592862218530", "best_bid": "0.16", "best_ask": "0.18"}], "timestamp": "1769384815487", "event_type": "price_change"}}
{"_local_timestamp": "2026-01-25T23:46:58.965102+00:00", "data": {"market": "0xed872dd84439df3c8a53925e6ef8c681ba8c0ba87e7001f73fa1d6dc794a135f", "price_changes": [{"asset_id": "112661276556417906828870815309543694013071769344781677369935215749452960548752", "price": "0.18", "size": "1138", "side": "BUY", "hash": "28a064b1dcdf0df31beb0437d9d068f27abf0cdf", "best_bid": "0.82", "best_ask": "0.84"}, {"asset_id": "87200813379777945326594531155318320143753925887334390069301160291085663888908", "price": "0.82", "size": "1138", "side": "SELL", "hash": "dbcef5318b95a037d1235dbce238dd56dcdc1a9b", "best_bid": "0.16", "best_ask": "0.18"}], "timestamp": "1769384818860", "event_type": "price_change"}}
{"_local_timestamp": "2026-01-25T23:46:58.966993+00:00", "data": {"market": "0xed872dd84439df3c8a53925e6ef8c681ba8c0ba87e7001f73fa1d6dc794a135f", "price_changes": [{"asset_id": "112661276556417906828870815309543694013071769344781677369935215749452960548752", "price": "0.23", "size": "150", "side": "BUY", "hash": "28a064b1dcdf0df31beb0437d9d068f27abf0cdf", "best_bid": "0.82", "best_ask": "0.84"}, {"asset_id": "87200813379777945326594531155318320143753925887334390069301160291085663888908", "price": "0.77", "size": "150", "side": "SELL", "hash": "dbcef5318b95a037d1235dbce238dd56dcdc1a9b", "best_bid": "0.16", "best_ask": "0.18"}], "timestamp": "1769384818860", "event_type": "price_change"}}
{"_local_timestamp": "2026-01-25T23:46:59.343074+00:00", "data": {"market": "0xed872dd84439df3c8a53925e6ef8c681ba8c0ba87e7001f73fa1d6dc794a135f", "price_changes": [{"asset_id": "112661276556417906828870815309543694013071769344781677369935215749452960548752", "price": "0.21", "size": "233.33", "side": "BUY", "hash": "a0aba39674f4638d7867ef3103205ed41b39338b", "best_bid": "0.82", "best_ask": "0.84"}, {"asset_id": "87200813379777945326594531155318320143753925887334390069301160291085663888908", "price": "0.79", "size": "233.33", "side": "SELL", "hash": "fdc6af5b3f1f75245483743390a480e7f431280f", "best_bid": "0.16", "best_ask": "0.18"}], "timestamp": "1769384819205", "event_type": "price_change"}}
{"_local_timestamp": "2026-01-25T23:46:59.345515+00:00", "data": {"market": "0xed872dd84439df3c8a53925e6ef8c681ba8c0ba87e7001f73fa1d6dc794a135f", "price_changes": [{"asset_id": "112661276556417906828870815309543694013071769344781677369935215749452960548752", "price": "0.19", "size": "2410", "side": "BUY", "hash": "516e6269aae38ff2bc7fde1d0139bf2a4f299822", "best_bid": "0.82", "best_ask": "0.84"}, {"asset_id": "87200813379777945326594531155318320143753925887334390069301160291085663888908", "price": "0.81", "size": "2410", "side": "SELL", "hash": "91b4fa02d873308b2e0c9a5fab309125699608a9", "best_bid": "0.16", "best_ask": "0.18"}], "timestamp": "1769384819243", "event_type": "price_change"}}
{"_local_timestamp": "2026-01-25T23:47:23.549612+00:00", "data": {"market": "0xed872dd84439df3c8a53925e6ef8c681ba8c0ba87e7001f73fa1d6dc794a135f", "price_changes": [{"asset_id": "112661276556417906828870815309543694013071769344781677369935215749452960548752", "price": "0.22", "size": "0", "side": "BUY", "hash": "8e0f4fe754cd13afd7806d1cebdccd96c14506ca", "best_bid": "0.82", "best_ask": "0.84"}, {"asset_id": "87200813379777945326594531155318320143753925887334390069301160291085663888908", "price": "0.78", "size": "0", "side": "SELL", "hash": "e925a3b5e31e789a378e9476e31c7b8fba0631e2", "best_bid": "0.16", "best_ask": "0.18"}], "timestamp": "1769384843404", "event_type": "price_change"}}
{"_local_timestamp": "2026-01-25T23:47:23.918235+00:00", "data": {"market": "0xed872dd84439df3c8a53925e6ef8c681ba8c0ba87e7001f73fa1d6dc794a135f", "price_changes": [{"asset_id": "112661276556417906828870815309543694013071769344781677369935215749452960548752", "price": "0.23", "size": "200", "side": "BUY", "hash": "f5b4f7c30bd28bb44e9352429fb1cdcf6c444b44", "best_bid": "0.82", "best_ask": "0.84"}, {"asset_id": "87200813379777945326594531155318320143753925887334390069301160291085663888908", "price": "0.77", "size": "200", "side": "SELL", "hash": "9c5822e90ae0bd12fe20fb7d6053233d56ebab49", "best_bid": "0.16", "best_ask": "0.18"}], "timestamp": "1769384843822", "event_type": "price_change"}}
{"_local_timestamp": "2026-01-25T23:47:32.484904+00:00", "data": {"market": "0xed872dd84439df3c8a53925e6ef8c681ba8c0ba87e7001f73fa1d6dc794a135f", "price_changes": [{"asset_id": "87200813379777945326594531155318320143753925887334390069301160291085663888908", "price": "0.08", "size": "0", "side": "BUY", "hash": "e8e0446db0aabc60374f37e3a6e786a7328e8ade", "best_bid": "0.16", "best_ask": "0.18"}, {"asset_id": "112661276556417906828870815309543694013071769344781677369935215749452960548752", "price": "0.92", "size": "0", "side": "SELL", "hash": "51bf81a785076a2389cfa834d9e28732ab8aded6", "best_bid": "0.82", "best_ask": "0.84"}], "timestamp": "1769384852416", "event_type": "price_change"}}
{"_local_timestamp": "2026-01-25T23:47:32.887777+00:00", "data": {"market": "0xed872dd84439df3c8a53925e6ef8c681ba8c0ba87e7001f73fa1d6dc794a135f", "price_changes": [{"asset_id": "87200813379777945326594531155318320143753925887334390069301160291085663888908", "price": "0.08", "size": "7.89", "side": "BUY", "hash": "0a2db42cdc56e81f74e0c633262257c98341b85d", "best_bid": "0.16", "best_ask": "0.18"}, {"asset_id": "112661276556417906828870815309543694013071769344781677369935215749452960548752", "price": "0.92", "size": "7.89", "side": "SELL", "hash": "7df5edd9812edcf805ffbbb3928d3340b2a45d55", "best_bid": "0.82", "best_ask": "0.84"}], "timestamp": "1769384852824", "event_type": "price_change"}}
{"_local_timestamp": "2026-01-25T23:47:37.454926+00:00", "data": {"market": "0xed872dd84439df3c8a53925e6ef8c681ba8c0ba87e7001f73fa1d6dc794a135f", "price_changes": [{"asset_id": "112661276556417906828870815309543694013071769344781677369935215749452960548752", "price": "0.21", "size": "133.33", "side": "BUY", "hash": "8756eef2f98cde5505161804db67be78c4d5ec9f", "best_bid": "0.82", "best_ask": "0.84"}, {"asset_id": "87200813379777945326594531155318320143753925887334390069301160291085663888908", "price": "0.79", "size": "133.33", "side": "SELL", "hash": "6e31c5faf483eea9f0da2f0f685d8a41a3292f28", "best_bid": "0.16", "best_ask": "0.18"}], "timestamp": "1769384857317", "event_type": "price_change"}}
{"_local_timestamp": "2026-01-25T23:47:37.964442+00:00", "data": {"market": "0xed872dd84439df3c8a53925e6ef8c681ba8c0ba87e7001f73fa1d6dc794a135f", "price_changes": [{"asset_id": "112661276556417906828870815309543694013071769344781677369935215749452960548752", "price": "0.23", "size": "300", "side": "BUY", "hash": "7193a267a0bfc96b320df3217239dd3debb7ab04", "best_bid": "0.82", "best_ask": "0.84"}, {"asset_id": "87200813379777945326594531155318320143753925887334390069301160291085663888908", "price": "0.77", "size": "300", "side": "SELL", "hash": "d7f15544b32346b95085021845d733f7cf400861", "best_bid": "0.16", "best_ask": "0.18"}], "timestamp": "1769384857605", "event_type": "price_change"}}
{"_local_timestamp": "2026-01-25T23:47:55.491741+00:00", "data": {"market": "0xed872dd84439df3c8a53925e6ef8c681ba8c0ba87e7001f73fa1d6dc794a135f", "price_changes": [{"asset_id": "112661276556417906828870815309543694013071769344781677369935215749452960548752", "price": "0.19", "size": "200", "side": "BUY", "hash": "f111ea73ec8bf8e07653f4432c4f28eb35e54608", "best_bid": "0.82", "best_ask": "0.84"}, {"asset_id": "87200813379777945326594531155318320143753925887334390069301160291085663888908", "price": "0.81", "size": "200", "side": "SELL", "hash": "1b6c600df4acf860106893a81d3003bc8752f312", "best_bid": "0.16", "best_ask": "0.18"}], "timestamp": "1769384875409", "event_type": "price_change"}}
{"_local_timestamp": "2026-01-25T23:48:23.730263+00:00", "data": {"market": "0xed872dd84439df3c8a53925e6ef8c681ba8c0ba87e7001f73fa1d6dc794a135f", "price_changes": [{"asset_id": "112661276556417906828870815309543694013071769344781677369935215749452960548752", "price": "0.19", "size": "150", "side": "BUY", "hash": "ae7dd3c87f8e06acc97d38a375930fcaa455c582", "best_bid": "0.82", "best_ask": "0.84"}, {"asset_id": "87200813379777945326594531155318320143753925887334390069301160291085663888908", "price": "0.81", "size": "150", "side": "SELL", "hash": "12d0e13c6c140ba7cae8df248e287b6fcf09a16b", "best_bid": "0.16", "best_ask": "0.18"}], "timestamp": "1769384903666", "event_type": "price_change"}}
{"_local_timestamp": "2026-01-25T23:48:24.037473+00:00", "data": {"market": "0xed872dd84439df3c8a53925e6ef8c681ba8c0ba87e7001f73fa1d6dc794a135f", "price_changes": [{"asset_id": "112661276556417906828870815309543694013071769344781677369935215749452960548752", "price": "0.18", "size": "1188", "side": "BUY", "hash": "836dc14a4b7aa0832519fec8b755d216966a2eb1", "best_bid": "0.82", "best_ask": "0.84"}, {"asset_id": "87200813379777945326594531155318320143753925887334390069301160291085663888908", "price": "0.82", "size": "1188", "side": "SELL", "hash": "2d9a556f285a1fcce28cf23aa9fc0acc4bd66d35", "best_bid": "0.16", "best_ask": "0.18"}], "timestamp": "1769384903969", "event_type": "price_change"}}
{"_local_timestamp": "2026-01-25T23:48:48.484370+00:00", "data": {"market": "0xed872dd84439df3c8a53925e6ef8c681ba8c0ba87e7001f73fa1d6dc794a135f", "price_changes": [{"asset_id": "112661276556417906828870815309543694013071769344781677369935215749452960548752", "price": "0.24", "size": "1748", "side": "BUY", "hash": "61102fe94b705d3f8f62bea738c1dc6bd0684e5d", "best_bid": "0.82", "best_ask": "0.84"}, {"asset_id": "87200813379777945326594531155318320143753925887334390069301160291085663888908", "price": "0.76", "size": "1748", "side": "SELL", "hash": "7bbee5e5a103b103c590524cd3d213bb7aec3307", "best_bid": "0.16", "best_ask": "0.18"}], "timestamp": "1769384928417", "event_type": "price_change"}}
{"_local_timestamp": "2026-01-25T23:48:48.669186+00:00", "data": {"market": "0xed872dd84439df3c8a53925e6ef8c681ba8c0ba87e7001f73fa1d6dc794a135f", "price_changes": [{"asset_id": "112661276556417906828870815309543694013071769344781677369935215749452960548752", "price": "0.19", "size": "0", "side": "BUY", "hash": "aae7c2a5bb4574b317b4ef3ef8905062f522eb1b", "best_bid": "0.82", "best_ask": "0.84"}, {"asset_id": "87200813379777945326594531155318320143753925887334390069301160291085663888908", "price": "0.81", "size": "0", "side": "SELL", "hash": "d4e7fad20e48b65ac4fa46ddec504de11c0bff24", "best_bid": "0.16", "best_ask": "0.18"}], "timestamp": "1769384928579", "event_type": "price_change"}}
{"_local_timestamp": "2026-01-25T23:48:48.917938+00:00", "data": {"market": "0xed872dd84439df3c8a53925e6ef8c681ba8c0ba87e7001f73fa1d6dc794a135f", "price_changes": [{"asset_id": "112661276556417906828870815309543694013071769344781677369935215749452960548752", "price": "0.18", "size": "1338", "side": "BUY", "hash": "9bad1514544fd938e0049d7f1aa6664c2777a0f1", "best_bid": "0.82", "best_ask": "0.84"}, {"asset_id": "87200813379777945326594531155318320143753925887334390069301160291085663888908", "price": "0.82", "size": "1338", "side": "SELL", "hash": "f8387b5b25255890c5c0ff5bb37a947e9b339360", "best_bid": "0.16", "best_ask": "0.18"}], "timestamp": "1769384928841", "event_type": "price_change"}}
{"_local_timestamp": "2026-01-25T23:49:24.508016+00:00", "data": {"market": "0xed872dd84439df3c8a53925e6ef8c681ba8c0ba87e7001f73fa1d6dc794a135f", "price_changes": [{"asset_id": "112661276556417906828870815309543694013071769344781677369935215749452960548752", "price": "0.23", "size": "200", "side": "BUY", "hash": "68d9653ec66acc6a1749fd767348c860fb1b3d2b", "best_bid": "0.82", "best_ask": "0.84"}, {"asset_id": "87200813379777945326594531155318320143753925887334390069301160291085663888908", "price": "0.77", "size": "200", "side": "SELL", "hash": "1b2ae0a2f6065fcf06cb62ac3de75af2bf5377a4", "best_bid": "0.16", "best_ask": "0.18"}], "timestamp": "1769384964416", "event_type": "price_change"}}
{"_local_timestamp": "2026-01-25T23:49:24.901362+00:00", "data": {"market": "0xed872dd84439df3c8a53925e6ef8c681ba8c0ba87e7001f73fa1d6dc794a135f", "price_changes": [{"asset_id": "112661276556417906828870815309543694013071769344781677369935215749452960548752", "price": "0.24", "size": "1848", "side": "BUY", "hash": "5651f700d0d5158431964c54e9bdb23b3329d7b5", "best_bid": "0.82", "best_ask": "0.84"}, {"asset_id": "87200813379777945326594531155318320143753925887334390069301160291085663888908", "price": "0.76", "size": "1848", "side": "SELL", "hash": "efb23aa180540ee416c264cbd483403b81733b38", "best_bid": "0.16", "best_ask": "0.18"}], "timestamp": "1769384964687", "event_type": "price_change"}}
{"_local_timestamp": "2026-01-25T23:49:25.358953+00:00", "data": {"market": "0xed872dd84439df3c8a53925e6ef8c681ba8c0ba87e7001f73fa1d6dc794a135f", "price_changes": [{"asset_id": "112661276556417906828870815309543694013071769344781677369935215749452960548752", "price": "0.23", "size": "150", "side": "BUY", "hash": "3462b3ed9452387bedd894b591af5c6852efe6cf", "best_bid": "0.82", "best_ask": "0.84"}, {"asset_id": "87200813379777945326594531155318320143753925887334390069301160291085663888908", "price": "0.77", "size": "150", "side": "SELL", "hash": "e6a1a95cd4722a021f4b08378ac75f29b27e095c", "best_bid": "0.16", "best_ask": "0.18"}], "timestamp": "1769384965269", "event_type": "price_change"}}
{"_local_timestamp": "2026-01-25T23:49:25.359843+00:00", "data": {"market": "0xed872dd84439df3c8a53925e6ef8c681ba8c0ba87e7001f73fa1d6dc794a135f", "price_changes": [{"asset_id": "112661276556417906828870815309543694013071769344781677369935215749452960548752", "price": "0.18", "size": "1238", "side": "BUY", "hash": "3462b3ed9452387bedd894b591af5c6852efe6cf", "best_bid": "0.82", "best_ask": "0.84"}, {"asset_id": "87200813379777945326594531155318320143753925887334390069301160291085663888908", "price": "0.82", "size": "1238", "side": "SELL", "hash": "e6a1a95cd4722a021f4b08378ac75f29b27e095c", "best_bid": "0.16", "best_ask": "0.18"}], "timestamp": "1769384965269", "event_type": "price_change"}}
{"_local_timestamp": "2026-01-25T23:49:26.060007+00:00", "data": {"market": "0xed872dd84439df3c8a53925e6ef8c681ba8c0ba87e7001f73fa1d6dc794a135f", "price_changes": [{"asset_id": "112661276556417906828870815309543694013071769344781677369935215749452960548752", "price": "0.19", "size": "100", "side": "BUY", "hash": "e4cc48f109168b210cb4354f49e4f589e95713ac", "best_bid": "0.82", "best_ask": "0.84"}, {"asset_id": "87200813379777945326594531155318320143753925887334390069301160291085663888908", "price": "0.81", "size": "100", "side": "SELL", "hash": "0b40c0e8ae77e0810fc7b276eb5f96d5c9a7bc9a", "best_bid": "0.16", "best_ask": "0.18"}], "timestamp": "1769384965826", "event_type": "price_change"}}
{"_local_timestamp": "2026-01-25T23:49:26.072737+00:00", "data": {"market": "0xed872dd84439df3c8a53925e6ef8c681ba8c0ba87e7001f73fa1d6dc794a135f", "price_changes": [{"asset_id": "112661276556417906828870815309543694013071769344781677369935215749452960548752", "price": "0.29", "size": "400", "side": "BUY", "hash": "5d2d1dbe9bfe6df9ff2c7b0c3b1948a2a82d359e", "best_bid": "0.82", "best_ask": "0.84"}, {"asset_id": "87200813379777945326594531155318320143753925887334390069301160291085663888908", "price": "0.71", "size": "400", "side": "SELL", "hash": "0d4b8e363aaedcba6363d0ba2ac2a529af9696a0", "best_bid": "0.16", "best_ask": "0.18"}], "timestamp": "1769384965834", "event_type": "price_change"}}
{"_local_timestamp": "2026-01-25T23:49:30.214260+00:00", "data": {"market": "0xed872dd84439df3c8a53925e6ef8c681ba8c0ba87e7001f73fa1d6dc794a135f", "price_changes": [{"asset_id": "112661276556417906828870815309543694013071769344781677369935215749452960548752", "price": "0.18", "size": "1088", "side": "BUY", "hash": "6b60b8ca3d977d80e1a8b73384d1b83ee2f6b181", "best_bid": "0.82", "best_ask": "0.84"}, {"asset_id": "87200813379777945326594531155318320143753925887334390069301160291085663888908", "price": "0.82", "size": "1088", "side": "SELL", "hash": "ad0e412c0a18ef44ea2e19d30afb7a0126c92406", "best_bid": "0.16", "best_ask": "0.18"}], "timestamp": "1769384970037", "event_type": "price_change"}}
{"_local_timestamp": "2026-01-25T23:49:30.215286+00:00", "data": {"market": "0xed872dd84439df3c8a53925e6ef8c681ba8c0ba87e7001f73fa1d6dc794a135f", "price_changes": [{"asset_id": "112661276556417906828870815309543694013071769344781677369935215749452960548752", "price": "0.23", "size": "50", "side": "BUY", "hash": "6b60b8ca3d977d80e1a8b73384d1b83ee2f6b181", "best_bid": "0.82", "best_ask": "0.84"}, {"asset_id": "87200813379777945326594531155318320143753925887334390069301160291085663888908", "price": "0.77", "size": "50", "side": "SELL", "hash": "ad0e412c0a18ef44ea2e19d30afb7a0126c92406", "best_bid": "0.16", "best_ask": "0.18"}], "timestamp": "1769384970037", "event_type": "price_change"}}
{"_local_timestamp": "2026-01-25T23:49:31.127373+00:00", "data": {"market": "0xed872dd84439df3c8a53925e6ef8c681ba8c0ba87e7001f73fa1d6dc794a135f", "price_changes": [{"asset_id": "112661276556417906828870815309543694013071769344781677369935215749452960548752", "price": "0.19", "size": "250", "side": "BUY", "hash": "190fb6955d4847fc7cb26ed26f8f2c3bb73047db", "best_bid": "0.82", "best_ask": "0.84"}, {"asset_id": "87200813379777945326594531155318320143753925887334390069301160291085663888908", "price": "0.81", "size": "250", "side": "SELL", "hash": "e29e3b03648ce92ebaa8db6484d58b285af3454e", "best_bid": "0.16", "best_ask": "0.18"}], "timestamp": "1769384970694", "event_type": "price_change"}}
{"_local_timestamp": "2026-01-25T23:49:31.163261+00:00", "data": {"market": "0xed872dd84439df3c8a53925e6ef8c681ba8c0ba87e7001f73fa1d6dc794a135f", "price_changes": [{"asset_id": "112661276556417906828870815309543694013071769344781677369935215749452960548752", "price": "0.29", "size": "500", "side": "BUY", "hash": "ee7bcdefd6ff63743b856eff6f6da70fa868f24e", "best_bid": "0.82", "best_ask": "0.84"}, {"asset_id": "87200813379777945326594531155318320143753925887334390069301160291085663888908", "price": "0.71", "size": "500", "side": "SELL", "hash": "4042052cdf3e42b96e9f2a7d1046436c5d19a160", "best_bid": "0.16", "best_ask": "0.18"}], "timestamp": "1769384970786", "event_type": "price_change"}}
{"_local_timestamp": "2026-01-25T23:49:51.299720+00:00", "data": {"market": "0xed872dd84439df3c8a53925e6ef8c681ba8c0ba87e7001f73fa1d6dc794a135f", "price_changes": [{"asset_id": "112661276556417906828870815309543694013071769344781677369935215749452960548752", "price": "0.24", "size": "100", "side": "BUY", "hash": "520efc12c9a037f0c2bae9f6333b80e1fa1f25b5", "best_bid": "0.82", "best_ask": "0.84"}, {"asset_id": "87200813379777945326594531155318320143753925887334390069301160291085663888908", "price": "0.76", "size": "100", "side": "SELL", "hash": "f2c750060510976c0efaab4facf75c9ba129a886", "best_bid": "0.16", "best_ask": "0.18"}], "timestamp": "1769384991057", "event_type": "price_change"}}
{"_local_timestamp": "2026-01-25T23:50:02.647285+00:00", "data": {"market": "0xed872dd84439df3c8a53925e6ef8c681ba8c0ba87e7001f73fa1d6dc794a135f", "price_changes": [{"asset_id": "112661276556417906828870815309543694013071769344781677369935215749452960548752", "price": "0.18", "size": "200", "side": "BUY", "hash": "dd96e7db00d2e113e914a7616d33ea129b52804c", "best_bid": "0.82", "best_ask": "0.84"}, {"asset_id": "87200813379777945326594531155318320143753925887334390069301160291085663888908", "price": "0.82", "size": "200", "side": "SELL", "hash": "706001fb6ececa89fa84dea708ccbb138d884196", "best_bid": "0.16", "best_ask": "0.18"}], "timestamp": "1769385002279", "event_type": "price_change"}}
{"_local_timestamp": "2026-01-25T23:50:18.365995+00:00", "data": {"market": "0xed872dd84439df3c8a53925e6ef8c681ba8c0ba87e7001f73fa1d6dc794a135f", "price_changes": [{"asset_id": "112661276556417906828870815309543694013071769344781677369935215749452960548752", "price": "0.18", "size": "150", "side": "BUY", "hash": "bf1e614a737212a82f651888ca449f6902c6c5dd", "best_bid": "0.82", "best_ask": "0.84"}, {"asset_id": "87200813379777945326594531155318320143753925887334390069301160291085663888908", "price": "0.82", "size": "150", "side": "SELL", "hash": "2523d70844c77139f27edcfd5449460643391625", "best_bid": "0.16", "best_ask": "0.18"}], "timestamp": "1769385018264", "event_type": "price_change"}}
{"_local_timestamp": "2026-01-25T23:50:18.669178+00:00", "data": {"market": "0xed872dd84439df3c8a53925e6ef8c681ba8c0ba87e7001f73fa1d6dc794a135f", "price_changes": [{"asset_id": "112661276556417906828870815309543694013071769344781677369935215749452960548752", "price": "0.15", "size": "600", "side": "BUY", "hash": "e27fd47c167088ec80d7f60e2ed78ab7e45f312b", "best_bid": "0.82", "best_ask": "0.84"}, {"asset_id": "87200813379777945326594531155318320143753925887334390069301160291085663888908", "price": "0.85", "size": "600", "side": "SELL", "hash": "a1ac28e27f294ebc8abb1c503cfffc508779712d", "best_bid": "0.16", "best_ask": "0.18"}], "timestamp": "1769385018564", "event_type": "price_change"}}
{"_local_timestamp": "2026-01-25T23:50:21.267646+00:00", "data": {"market": "0xed872dd84439df3c8a53925e6ef8c681ba8c0ba87e7001f73fa1d6dc794a135f", "price_changes": [{"asset_id": "112661276556417906828870815309543694013071769344781677369935215749452960548752", "price": "0.25", "size": "1680", "side": "BUY", "hash": "fcd2b83c2032ce160a6c1266fa706b978e49968b", "best_bid": "0.82", "best_ask": "0.84"}, {"asset_id": "87200813379777945326594531155318320143753925887334390069301160291085663888908", "price": "0.75", "size": "1680", "side": "SELL", "hash": "cb526fd8daed4c6fce053bf0ae72cc7a0b3dc2c9", "best_bid": "0.16", "best_ask": "0.18"}], "timestamp": "1769385021163", "event_type": "price_change"}}
