{"_local_timestamp": "2026-01-25T23:33:51.643339+00:00", "data": [{"market": "0xed872dd84439df3c8a53925e6ef8c681ba8c0ba87e7001f73fa1d6dc794a135f", "asset_id": "112661276556417906828870815309543694013071769344781677369935215749452960548752", "timestamp": "1769384020537", "hash": "9da6b405b6f2b7449a1c08fb35544bb701006134", "bids": [{"price": "0.01", "size": "5009.71"}, {"price": "0.02", "size": "2200"}, {"price": "0.03", "size": "9.08"}, {"price": "0.08", "size": "1150"}, {"price": "0.09", "size": "7"}, {"price": "0.13", "size": "261.53"}, {"price": "0.15", "size": "550"}, {"price": "0.17", "size": "188.23"}, {"price": "0.18", "size": "1288"}, {"price": "0.19", "size": "2260"}, {"price": "0.21", "size": "233.33"}, {"price": "0.22", "size": "100"}, {"price": "0.26", "size": "200"}, {"price": "0.29", "size": "350"}, {"price": "0.3", "size": "80"}, {"price": "0.34", "size": "108.82"}, {"price": "0.43", "size": "100"}, {"price": "0.46", "size": "490.12"}, {"price": "0.47", "size": "100"}, {"price": "0.48", "size": "30"}, {"price": "0.49", "size": "5"}, {"price": "0.64", "size": "90.12"}, {"price": "0.7", "size": "50"}, {"price": "0.73", "size": "5"}, {"price": "0.76", "size": "5"}, {"price": "0.78", "size": "16.66"}, {"price": "0.79", "size": "13.92"}, {"price": "0.82", "size": "300"}], "asks": [{"price": "0.99", "size": "6.87"}, {"price": "0.97", "size": "1999.33"}, {"price": "0.96", "size": "361"}, {"price": "0.93", "size": "671"}, {"price": "0.92", "size": "7.89"}, {"price": "0.9", "size": "88.95"}, {"price": "0.89", "size": "1493.66"}, {"price": "0.87", "size": "66.66"}, {"price": "0.86", "size": "46.93"}, {"price": "0.84", "size": "66.66"}], "event_type": "book", "last_trade_price": "0.140"}, {"market": "0xed872dd84439df3c8a53925e6ef8c681ba8c0ba87e7001f73fa1d6dc794a135f", "asset_id": "87200813379777945326594531155318320143753925887334390069301160291085663888908", "timestamp": "1769384020537", "hash": "e2117ea90804cb50e352234e95156e426c3f7ce5", "bids": [{"price": "0.01", "size": "6.87"}, {"price": "0.03", "size": "1999.33"}, {"price": "0.04", "size": "361"}, {"price": "0.07", "size": "671"}, {"price": "0.08", "size": "7.89"}, {"price": "0.1", "size": "88.95"}, {"price": "0.11", "size": "1493.66"}, {"price": "0.13", "size": "66.66"}, {"price": "0.14", "size": "46.93"}, {"price": "0.16", "size": "66.66"}], "asks": [{"price": "0.99", "size": "5009.71"}, {"price": "0.98", "size": "2200"}, {"price": "0.97", "size": "9.08"}, {"price": "0.92", "size": "1150"}, {"price": "0.91", "size": "7"}, {"price": "0.87", "size": "261.53"}, {"price": "0.85", "size": "550"}, {"price": "0.83", "size": "188.23"}, {"price": "0.82", "size": "1288"}, {"price": "0.81", "size": "2260"}, {"price": "0.79", "size": "233.33"}, {"price": "0.78", "size": "100"}, {"price": "0.74", "size": "200"}, {"price": "0.71", "size": "350"}, {"price": "0.7", "size": "80"}, {"price": "0.66", "size": "108.82"}, {"price": "0.57", "size": "100"}, {"price": "0.54", "size": "490.12"}, {"price": "0.53", "size": "100"}, {"price": "0.52", "size": "30"}, {"price": "0.51", "size": "5"}, {"price": "0.36", "size": "90.12"}, {"price": "0.3", "size": "50"}, {"price": "0.27", "size": "5"}, {"price": "0.24", "size": "5"}, {"price": "0.22", "size": "16.66"}, {"price": "0.21", "size": "13.92"}, {"price": "0.18", "size": "300"}], "event_type": "book", "last_trade_price": "0.140"}]}
{"_local_timestamp": "2026-01-25T23:34:04.630227+00:00", "data": {"market": "0xed872dd84439df3c8a53925e6ef8c681ba8c0ba87e7001f73fa1d6dc794a135f", "price_changes": [{"asset_id": "112661276556417906828870815309543694013071769344781677369935215749452960548752", "price": "0.18", "size": "1138", "side": "BUY", "hash": "14ab3f698d4f0dc03691fd3a77666ba451ee874c", "best_bid": "0.82", "best_ask": "0.84"}, {"asset_id": "87200813379777945326594531155318320143753925887334390069301160291085663888908", "price": "0.82", "size": "1138", "side": "SELL", "hash": "a11008780d2a5c08bfb9be658608e9968b1e6420", "best_bid": "0.16", "best_ask": "0.18"}], "timestamp": "1769384044563", "event_type": "price_change"}}
{"_local_timestamp": "2026-01-25T23:34:05.074429+00:00", "data": {"market": "0xed872dd84439df3c8a53925e6ef8c681ba8c0ba87e7001f73fa1d6dc794a135f", "price_changes": [{"asset_id": "112661276556417906828870815309543694013071769344781677369935215749452960548752", "price": "0.19", "size": "2410", "side": "BUY", "hash": "5ca7b64e4e38108d9ed3f7bf73927f42ad828d45", "best_bid": "0.82", "best_ask": "0.84"}, {"asset_id": "87200813379777945326594531155318320143753925887334390069301160291085663888908", "price": "0.81", "size": "2410", "side": "SELL", "hash": "4f62e7456e87a21ae0a5b85b836be4c8b0015ba8", "best_bid": "0.16", "best_ask": "0.18"}], "timestamp": "1769384044911", "event_type": "price_change"}}
{"_local_timestamp": "2026-01-25T23:34:19.932647+00:00", "data": {"market": "0xed872dd84439df3c8a53925e6ef8c681ba8c0ba87e7001f73fa1d6dc794a135f", "price_changes": [{"asset_id": "112661276556417906828870815309543694013071769344781677369935215749452960548752", "price": "0.19", "size": "200", "side": "BUY", "hash": "490993f968cf18b044c1c4aeeea4193f1db59cf9", "best_bid": "0.82", "best_ask": "0.84"}, {"asset_id": "87200813379777945326594531155318320143753925887334390069301160291085663888908", "price": "0.81", "size": "200", "side": "SELL", "hash": "18ea675e153e1f44b44b164071f55cbcb116025e", "best_bid": "0.16", "best_ask": "0.18"}], "timestamp": "1769384059754", "event_type": "price_change"}}
{"_local_timestamp": "2026-01-25T23:34:27.799506+00:00", "data": {"market": "0xed872dd84439df3c8a53925e6ef8c681ba8c0ba87e7001f73fa1d6dc794a135f", "price_changes": [{"asset_id": "112661276556417906828870815309543694013071769344781677369935215749452960548752", "price": "0.26", "size": "100", "side": "BUY", "hash": "f1f0997b727f0957cab894a483f2b050b73e60af", "best_bid": "0.82", "best_ask": "0.84"}, {"asset_id": "87200813379777945326594531155318320143753925887334390069301160291085663888908", "price": "0.74", "size": "100", "side": "SELL", "hash": "13e802b9f78d51baa643706844f00f165c64858b", "best_bid": "0.16", "best_ask": "0.18"}], "timestamp": "1769384067586", "event_type": "price_change"}}
{"_local_timestamp": "2026-01-25T23:34:28.331008+00:00", "data": {"market": "0xed872dd84439df3c8a53925e6ef8c681ba8c0ba87e7001f73fa1d6dc794a135f", "price_changes": [{"asset_id": "112661276556417906828870815309543694013071769344781677369935215749452960548752", "price": "0.22", "size": "200", "side": "BUY", "hash": "3c246c1e54f89bc9a61d3a20b6028a87bd18606e", "best_bid": "0.82", "best_ask": "0.84"}, {"asset_id": "87200813379777945326594531155318320143753925887334390069301160291085663888908", "price": "0.78", "size": "200", "side": "SELL", "hash": "4223d8b5c0375588218ed274337e3062da391174", "best_bid": "0.16", "best_ask": "0.18"}], "timestamp": "1769384068091", "event_type": "price_change"}}
{"_local_timestamp": "2026-01-25T23:34:48.553370+00:00", "data": {"market": "0xed872dd84439df3c8a53925e6ef8c681ba8c0ba87e7001f73fa1d6dc794a135f", "price_changes": [{"asset_id": "112661276556417906828870815309543694013071769344781677369935215749452960548752", "price": "0.19", "size": "150", "side": "BUY", "hash": "d51aa2f0a6097bab1f47dfe23c215de8af22c3a2", "best_bid": "0.82", "best_ask": "0.84"}, {"asset_id": "87200813379777945326594531155318320143753925887334390069301160291085663888908", "price": "0.81", "size": "150", "side": "SELL", "hash": "5536bad16065cb0a580a5f17543fbc576f9a0807", "best_bid": "0.16", "best_ask": "0.18"}], "timestamp": "1769384088485", "event_type": "price_change"}}
{"_local_timestamp": "2026-01-25T23:34:48.847351+00:00", "data": {"market": "0xed872dd84439df3c8a53925e6ef8c681ba8c0ba87e7001f73fa1d6dc794a135f", "price_changes": [{"asset_id": "112661276556417906828870815309543694013071769344781677369935215749452960548752", "price": "0.18", "size": "1188", "side": "BUY", "hash": "63088b91b64a8a73fd6a03777aade43ba76a325e", "best_bid": "0.82", "best_ask": "0.84"}, {"asset_id": "87200813379777945326594531155318320143753925887334390069301160291085663888908", "price": "0.82", "size": "1188", "side": "SELL", "hash": "76c5b96e0086ba7fc6a09e3a6d84e0c34f76aa28", "best_bid": "0.16", "best_ask": "0.18"}], "timestamp": "1769384088766", "event_type": "price_change"}}
{"_local_timestamp": "2026-01-25T23:34:50.541498+00:00", "data": {"market": "0xed872dd84439df3c8a53925e6ef8c681ba8c0ba87e7001f73fa1d6dc794a135f", "price_changes": [{"asset_id": "112661276556417906828870815309543694013071769344781677369935215749452960548752", "price": "0.22", "size": "2108", "side": "BUY", "hash": "03e5f87b26cb7624a9ecfab92505ae6a6308741b", "best_bid": "0.82", "best_ask": "0.84"}, {"asset_id": "87200813379777945326594531155318320143753925887334390069301160291085663888908", "price": "0.78", "size": "2108", "side": "SELL", "hash": "e7cd2472de8c398ab7799a92d7df26b030cce6ac", "best_bid": "0.16", "best_ask": "0.18"}], "timestamp": "1769384090474", "event_type": "price_change"}}
{"_local_timestamp": "2026-01-25T23:35:23.868894+00:00", "data": {"market": "0xed872dd84439df3c8a53925e6ef8c681ba8c0ba87e7001f73fa1d6dc794a135f", "price_changes": [{"asset_id": "112661276556417906828870815309543694013071769344781677369935215749452960548752", "price": "0.21", "size": "133.33", "side": "BUY", "hash": "e3d7888fea2de08ae1e6201801f9851ac4fad33a", "best_bid": "0.82", "best_ask": "0.84"}, {"asset_id": "87200813379777945326594531155318320143753925887334390069301160291085663888908", "price": "0.79", "size": "133.33", "side": "SELL", "hash": "45464310360e8e362c20fcccb2bc3978f91914c5", "best_bid": "0.16", "best_ask": "0.18"}], "timestamp": "1769384123667", "event_type": "price_change"}}
{"_local_timestamp": "2026-01-25T23:35:23.869907+00:00", "data": {"market": "0xed872dd84439df3c8a53925e6ef8c681ba8c0ba87e7001f73fa1d6dc794a135f", "price_changes": [{"asset_id": "112661276556417906828870815309543694013071769344781677369935215749452960548752", "price": "0.19", "size": "0", "side": "BUY", "hash": "e3d7888fea2de08ae1e6201801f9851ac4fad33a", "best_bid": "0.82", "best_ask": "0.84"}, {"asset_id": "87200813379777945326594531155318320143753925887334390069301160291085663888908", "price": "0.81", "size": "0", "side": "SELL", "hash": "45464310360e8e362c20fcccb2bc3978f91914c5", "best_bid": "0.16", "best_ask": "0.18"}], "timestamp": "1769384123667", "event_type": "price_change"}}
{"_local_timestamp": "2026-01-25T23:35:24.337773+00:00", "data": {"market": "0xed872dd84439df3c8a53925e6ef8c681ba8c0ba87e7001f73fa1d6dc794a135f", "price_changes": [{"asset_id": "112661276556417906828870815309543694013071769344781677369935215749452960548752", "price": "0.18", "size": "1338", "side": "BUY", "hash": "c5fbe61eed36d12442f625b5025707dce7990177", "best_bid": "0.82", "best_ask": "0.84"}, {"asset_id": "87200813379777945326594531155318320143753925887334390069301160291085663888908", "price": "0.82", "size": "1338", "side": "SELL", "hash": "11c3fd4327fad3e51cb66427e36864567b5f1d74", "best_bid": "0.16", "best_ask": "0.18"}], "timestamp": "1769384123936", "event_type": "price_change"}}
{"_local_timestamp": "2026-01-25T23:35:24.454871+00:00", "data": {"market": "0xed872dd84439df3c8a53925e6ef8c681ba8c0ba87e7001f73fa1d6dc794a135f", "price_changes": [{"asset_id": "112661276556417906828870815309543694013071769344781677369935215749452960548752", "price": "0.22", "size": "2208", "side": "BUY", "hash": "73d31e3bcfaf7c187cd2bb36eee5bb57ef131956", "best_bid": "0.82", "best_ask": "0.84"}, {"asset_id": "87200813379777945326594531155318320143753925887334390069301160291085663888908", "price": "0.78", "size": "2208", "side": "SELL", "hash": "55b642d3e8ce2120d90dc59a0bfd460e495d9fbc", "best_bid": "0.16", "best_ask": "0.18"}], "timestamp": "1769384124047", "event_type": "price_change"}}
{"_local_timestamp": "2026-01-25T23:35:26.859692+00:00", "data": {"market": "0xed872dd84439df3c8a53925e6ef8c681ba8c0ba87e7001f73fa1d6dc794a135f", "price_changes": [{"asset_id": "112661276556417906828870815309543694013071769344781677369935215749452960548752", "price": "0.18", "size": "1238", "side": "BUY", "hash": "2238666aa3a7a2be29a936006a1f661b0f63a3d2", "best_bid": "0.82", "best_ask": "0.84"}, {"asset_id": "87200813379777945326594531155318320143753925887334390069301160291085663888908", "price": "0.82", "size": "1238", "side": "SELL", "hash": "40ea485b8204cd1f08c367e925dcf2b92218f177", "best_bid": "0.16", "best_ask": "0.18"}], "timestamp": "1769384126570", "event_type": "price_change"}}
{"_local_timestamp": "2026-01-25T23:35:26.866417+00:00", "data": {"market": "0xed872dd84439df3c8a53925e6ef8c681ba8c0ba87e7001f73fa1d6dc794a135f", "price_changes": [{"asset_id": "112661276556417906828870815309543694013071769344781677369935215749452960548752", "price": "0.22", "size": "2158", "side": "BUY", "hash": "2238666aa3a7a2be29a936006a1f661b0f63a3d2", "best_bid": "0.82", "best_ask": "0.84"}, {"asset_id": "87200813379777945326594531155318320143753925887334390069301160291085663888908", "price": "0.78", "size": "2158", "side": "SELL", "hash": "40ea485b8204cd1f08c367e925dcf2b92218f177", "best_bid": "0.16", "best_ask": "0.18"}], "timestamp": "1769384126570", "event_type": "price_change"}}
{"_local_timestamp": "2026-01-25T23:35:27.283561+00:00", "data": {"market": "0xed872dd84439df3c8a53925e6ef8c681ba8c0ba87e7001f73fa1d6dc794a135f", "price_changes": [{"asset_id": "112661276556417906828870815309543694013071769344781677369935215749452960548752", "price": "0.19", "size": "100", "side": "BUY", "hash": "e5495581fe9cb5edf72e724f37bbf9516788141e", "best_bid": "0.82", "best_ask": "0.84"}, {"asset_id": "87200813379777945326594531155318320143753925887334390069301160291085663888908", "price": "0.81", "size": "100", "side": "SELL", "hash": "1ae0d2f19fc834f4fd8d759c9034e081b3915da6", "best_bid": "0.16", "best_ask": "0.18"}], "timestamp": "1769384126908", "event_type": "price_change"}}
{"_local_timestamp": "2026-01-25T23:35:27.318145+00:00", "data": {"market": "0xed872dd84439df3c8a53925e6ef8c681ba8c0ba87e7001f73fa1d6dc794a135f", "price_changes": [{"asset_id": "112661276556417906828870815309543694013071769344781677369935215749452960548752", "price": "0.29", "size": "400", "side": "BUY", "hash": "d0b9fd375c97c35fed9138a253aeacc583b3bff7", "best_bid": "0.82", "best_ask": "0.84"}, {"asset_id": "87200813379777945326594531155318320143753925887334390069301160291085663888908", "price": "0.71", "size": "400", "side": "SELL", "hash": "dea98d85148f6a54020e33600a39165046373a90", "best_bid": "0.16", "best_ask": "0.18"}], "timestamp": "1769384126928", "event_type": "price_change"}}
{"_local_timestamp": "2026-01-25T23:35:34.949166+00:00", "data": {"market": "0xed872dd84439df3c8a53925e6ef8c681ba8c0ba87e7001f73fa1d6dc794a135f", "price_changes": [{"asset_id": "87200813379777945326594531155318320143753925887334390069301160291085663888908", "price": "0.08", "size": "0", "side": "BUY", "hash": "b886e60b42d74af9e757ef5c3ab714d68f031af2", "best_bid": "0.16", "best_ask": "0.18"}, {"asset_id": "112661276556417906828870815309543694013071769344781677369935215749452960548752", "price": "0.92", "size": "0", "side": "SELL", "hash": "f967bdc9bbef3cd6ff5ab8ad34e2d057e21d40dd", "best_bid": "0.82", "best_ask": "0.84"}], "timestamp": "1769384134711", "event_type": "price_change"}}
{"_local_timestamp": "2026-01-25T23:35:35.756319+00:00", "data": {"market": "0xed872dd84439df3c8a53925e6ef8c681ba8c0ba87e7001f73fa1d6dc794a135f", "price_changes": [{"asset_id": "87200813379777945326594531155318320143753925887334390069301160291085663888908", "price": "0.08", "size": "7.89", "side": "BUY", "hash": "e2a0ffb70e99d23666b0ecd9c2f5bf9957a8c09a", "best_bid": "0.16", "best_ask": "0.18"}, {"asset_id": "112661276556417906828870815309543694013071769344781677369935215749452960548752", "price": "0.92", "size": "7.89", "side": "SELL", "hash": "839a09d1c64305e372bdeda7eff74fa393c2cb7e", "best_bid": "0.82", "best_ask": "0.84"}], "timestamp": "1769384135534", "event_type": "price_change"}}
{"_local_timestamp": "2026-01-25T23:35:56.433035+00:00", "data": {"market": "0xed872dd84439df3c8a53925e6ef8c681ba8c0ba87e7001f73fa1d6dc794a135f", "price_changes": [{"asset_id": "112661276556417906828870815309543694013071769344781677369935215749452960548752", "price": "0.22", "size": "2108", "side": "BUY", "hash": "a54c8b5bde5e00ca2eee4b9c34a50d593ad6a925", "best_bid": "0.82", "best_ask": "0.84"}, {"asset_id": "87200813379777945326594531155318320143753925887334390069301160291085663888908", "price": "0.78", "size": "2108", "side": "SELL", "hash": "66f51f2dba5d14ff7ad743ab0da5f4788e0a72ac", "best_bid": "0.16", "best_ask": "0.18"}], "timestamp": "1769384156288", "event_type": "price_change"}}
{"_local_timestamp": "2026-01-25T23:35:56.831626+00:00", "data": {"market": "0xed872dd84439df3c8a53925e6ef8c681ba8c0ba87e7001f73fa1d6dc794a135f", "price_changes": [{"asset_id": "112661276556417906828870815309543694013071769344781677369935215749452960548752", "price": "0.26", "size": "150", "side": "BUY", "hash": "5ac7c2bb210fae90f46bf16b9c4b0ecd126190d9", "best_bid": "0.82", "best_ask": "0.84"}, {"asset_id": "87200813379777945326594531155318320143753925887334390069301160291085663888908", "price": "0.74", "size": "150", "side": "SELL", "hash": "5fbbe91c096d2a7b49ec8b2f72a5595758b9d946", "best_bid": "0.16", "best_ask": "0.18"}], "timestamp": "1769384156715", "event_type": "price_change"}}
{"_local_timestamp": "2026-01-25T23:35:58.194264+00:00", "data": {"market": "0xed872dd84439df3c8a53925e6ef8c681ba8c0ba87e7001f73fa1d6dc794a135f", "price_changes": [{"asset_id": "112661276556417906828870815309543694013071769344781677369935215749452960548752", "price": "0.22", "size": "200", "side": "BUY", "hash": "58ac6edb8454186fc5cf20304710fc4f04c1ec66", "best_bid": "0.82", "best_ask": "0.84"}, {"asset_id": "87200813379777945326594531155318320143753925887334390069301160291085663888908", "price": "0.78", "size": "200", "side": "SELL", "hash": "37f9b5eb802337aed48685e74a8e79ac3b8b7961", "best_bid": "0.16", "best_ask": "0.18"}], "timestamp": "1769384158077", "event_type": "price_change"}}
{"_local_timestamp": "2026-01-25T23:36:43.310279+00:00", "data": {"market": "0xed872dd84439df3c8a53925e6ef8c681ba8c0ba87e7001f73fa1d6dc794a135f", "price_changes": [{"asset_id": "112661276556417906828870815309543694013071769344781677369935215749452960548752", "price": "0.22", "size": "100", "side": "BUY", "hash": "e86ebad3095bad044236040510933daa783c00fe", "best_bid": "0.82", "best_ask": "0.84"}, {"asset_id": "87200813379777945326594531155318320143753925887334390069301160291085663888908", "price": "0.78", "size": "100", "side": "SELL", "hash": "c3ed75ea21baad4ed989d92a0c1a73d89a03e99e", "best_bid": "0.16", "best_ask": "0.18"}], "timestamp": "1769384203214", "event_type": "price_change"}}
{"_local_timestamp": "2026-01-25T23:36:43.671510+00:00", "data": {"market": "0xed872dd84439df3c8a53925e6ef8c681ba8c0ba87e7001f73fa1d6dc794a135f", "price_changes": [{"asset_id": "112661276556417906828870815309543694013071769344781677369935215749452960548752", "price": "0.21", "size": "233.33", "side": "BUY", "hash": "3229aa476b449b549ea3182e09c1ec70cea85a49", "best_bid": "0.82", "best_ask": "0.84"}, {"asset_id": "87200813379777945326594531155318320143753925887334390069301160291085663888908", "price": "0.79", "size": "233.33", "side": "SELL", "hash": "465c2d4ee46b1a55a82367b1999bb7929bcee582", "best_bid": "0.16", "best_ask": "0.18"}], "timestamp": "1769384203570", "event_type": "price_change"}}
{"_local_timestamp": "2026-01-25T23:36:47.328728+00:00", "data": {"market": "0xed872dd84439df3c8a53925e6ef8c681ba8c0ba87e7001f73fa1d6dc794a135f", "price_changes": [{"asset_id": "112661276556417906828870815309543694013071769344781677369935215749452960548752", "price": "0.19", "size": "2310", "side": "BUY", "hash": "12e6ed0e0a6f3bcfb223cfcca55f8ddda760a32c", "best_bid": "0.82", "best_ask": "0.84"}, {"asset_id": "87200813379777945326594531155318320143753925887334390069301160291085663888908", "price": "0.81", "size": "2310", "side": "SELL", "hash": "5ccde7c392d4662bd5db5aed1e29dcc9d8b17a7e", "best_bid": "0.16", "best_ask": "0.18"}], "timestamp": "1769384207249", "event_type": "price_change"}}
{"_local_timestamp": "2026-01-25T23:36:55.038748+00:00", "data": {"market": "0xed872dd84439df3c8a53925e6ef8c681ba8c0ba87e7001f73fa1d6dc794a135f", "price_changes": [{"asset_id": "112661276556417906828870815309543694013071769344781677369935215749452960548752", "price": "0.22", "size": "0", "side": "BUY", "hash": "a670fa8c3307ec2568dc86d9522ddad9d0f0ae29", "best_bid": "0.82", "best_ask": "0.84"}, {"asset_id": "87200813379777945326594531155318320143753925887334390069301160291085663888908", "price": "0.78", "size": "0", "side": "SELL", "hash": "aae4b3c4d4a6da8514b28db44885848e51b92580", "best_bid": "0.16", "best_ask": "0.18"}], "timestamp": "1769384214950", "event_type": "price_change"}}
{"_local_timestamp": "2026-01-25T23:36:55.868958+00:00", "data": {"market": "0xed872dd84439df3c8a53925e6ef8c681ba8c0ba87e7001f73fa1d6dc794a135f", "price_changes": [{"asset_id": "112661276556417906828870815309543694013071769344781677369935215749452960548752", "price": "0.29", "size": "500", "side": "BUY", "hash": "c86b3218197e908d17713167371afe770ad90e87", "best_bid": "0.82", "best_ask": "0.84"}, {"asset_id": "87200813379777945326594531155318320143753925887334390069301160291085663888908", "price": "0.71", "size": "500", "side": "SELL", "hash": "f3ad498db430ea297ad39cf14920f9209242c3f3", "best_bid": "0.16", "best_ask": "0.18"}], "timestamp": "1769384215638", "event_type": "price_change"}}
{"_local_timestamp": "2026-01-25T23:37:13.131769+00:00", "data": {"market": "0xed872dd84439df3c8a53925e6ef8c681ba8c0ba87e7001f73fa1d6dc794a135f", "price_changes": [{"asset_id": "112661276556417906828870815309543694013071769344781677369935215749452960548752", "price": "0.19", "size": "2210", "side": "BUY", "hash": "20f7c2c56d02cb780c2495b431261e39a94564b1", "best_bid": "0.82", "best_ask": "0.84"}, {"asset_id": "87200813379777945326594531155318320143753925887334390069301160291085663888908", "price": "0.81", "size": "2210", "side": "SELL", "hash": "78942a8441ae660f86b044e84fbf50b1f7aa5e90", "best_bid": "0.16", "best_ask": "0.18"}], "timestamp": "1769384233014", "event_type": "price_change"}}
{"_local_timestamp": "2026-01-25T23:37:13.160131+00:00", "data": {"market": "0xed872dd84439df3c8a53925e6ef8c681ba8c0ba87e7001f73fa1d6dc794a135f", "price_changes": [{"asset_id": "112661276556417906828870815309543694013071769344781677369935215749452960548752", "price": "0.29", "size": "450", "side": "BUY", "hash": "20f7c2c56d02cb780c2495b431261e39a94564b1", "best_bid": "0.82", "best_ask": "0.84"}, {"asset_id": "87200813379777945326594531155318320143753925887334390069301160291085663888908", "price": "0.71", "size": "450", "side": "SELL", "hash": "78942a8441ae660f86b044e84fbf50b1f7aa5e90", "best_bid": "0.16", "best_ask": "0.18"}], "timestamp": "1769384233014", "event_type": "price_change"}}
{"_local_timestamp": "2026-01-25T23:37:13.492955+00:00", "data": {"market": "0xed872dd84439df3c8a53925e6ef8c681ba8c0ba87e7001f73fa1d6dc794a135f", "price_changes": [{"asset_id": "112661276556417906828870815309543694013071769344781677369935215749452960548752", "price": "0.22", "size": "50", "side": "BUY", "hash": "f62681bfe036931a34695078c966812cf80580b0", "best_bid": "0.82", "best_ask": "0.84"}, {"asset_id": "87200813379777945326594531155318320143753925887334390069301160291085663888908", "price": "0.78", "size": "50", "side": "SELL", "hash": "cef25887c5edeb0ec8b4d1699b521402f4e113a9", "best_bid": "0.16", "best_ask": "0.18"}], "timestamp": "1769384233375", "event_type": "price_change"}}
{"_local_timestamp": "2026-01-25T23:37:13.545672+00:00", "data": {"market": "0xed872dd84439df3c8a53925e6ef8c681ba8c0ba87e7001f73fa1d6dc794a135f", "price_changes": [{"asset_id": "112661276556417906828870815309543694013071769344781677369935215749452960548752", "price": "0.18", "size": "1338", "side": "BUY", "hash": "40419738230b9b7881c3e598f36c9eb9bfc2d2fe", "best_bid": "0.82", "best_ask": "0.84"}, {"asset_id": "87200813379777945326594531155318320143753925887334390069301160291085663888908", "price": "0.82", "size": "1338", "side": "SELL", "hash": "de6bbd5c3ad421d147b3ebcdc2a01988f395df84", "best_bid": "0.16", "best_ask": "0.18"}], "timestamp": "1769384233399", "event_type": "price_change"}}
{"_local_timestamp": "2026-01-25T23:37:17.916114+00:00", "data": {"market": "0xed872dd84439df3c8a53925e6ef8c681ba8c0ba87e7001f73fa1d6dc794a135f", "price_changes": [{"asset_id": "112661276556417906828870815309543694013071769344781677369935215749452960548752", "price": "0.18", "size": "1288", "side": "BUY", "hash": "089faa3aceb538d6e3f17bb222e0587268217ef7", "best_bid": "0.82", "best_ask": "0.84"}, {"asset_id": "87200813379777945326594531155318320143753925887334390069301160291085663888908", "price": "0.82", "size": "1288", "side": "SELL", "hash": "268bd100b8ee0aab6d615287d06f159b48f14d5f", "best_bid": "0.16", "best_ask": "0.18"}], "timestamp": "1769384237841", "event_type": "price_change"}}
{"_local_timestamp": "2026-01-25T23:37:18.185218+00:00", "data": {"market": "0xed872dd84439df3c8a53925e6ef8c681ba8c0ba87e7001f73fa1d6dc794a135f", "price_changes": [{"asset_id": "112661276556417906828870815309543694013071769344781677369935215749452960548752", "price": "0.19", "size": "2260", "side": "BUY", "hash": "04d6ae7ed337280baf005d889d5334a8f15025d3", "best_bid": "0.82", "best_ask": "0.84"}, {"asset_id": "87200813379777945326594531155318320143753925887334390069301160291085663888908", "price": "0.81", "size": "2260", "side": "SELL", "hash": "ec8adcfa0dcb9a09a93ce8116575dfd8b9b9fa27", "best_bid": "0.16", "best_ask": "0.18"}], "timestamp": "1769384238117", "event_type": "price_change"}}
{"_local_timestamp": "2026-01-25T23:37:23.931368+00:00", "data": {"market": "0xed872dd84439df3c8a53925e6ef8c681ba8c0ba87e7001f73fa1d6dc794a135f", "price_changes": [{"asset_id": "112661276556417906828870815309543694013071769344781677369935215749452960548752", "price": "0.18", "size": "1138", "side": "BUY", "hash": "8c745b79ab6fb01344f8e85d9c69f9a3f3a5ab19", "best_bid": "0.82", "best_ask": "0.84"}, {"asset_id": "87200813379777945326594531155318320143753925887334390069301160291085663888908", "price": "0.82", "size": "1138", "side": "SELL", "hash": "0100dc924d851a38e7e49a494d9adc5948a42442", "best_bid": "0.16", "best_ask": "0.18"}], "timestamp": "1769384243850", "event_type": "price_change"}}
{"_local_timestamp": "2026-01-25T23:37:24.205373+00:00", "data": {"market": "0xed872dd84439df3c8a53925e6ef8c681ba8c0ba87e7001f73fa1d6dc794a135f", "price_changes": [{"asset_id": "112661276556417906828870815309543694013071769344781677369935215749452960548752", "price": "0.19", "size": "2410", "side": "BUY", "hash": "6b7ba8c68f260c1e8a92f273fffe836228331078", "best_bid": "0.82", "best_ask": "0.84"}, {"asset_id": "87200813379777945326594531155318320143753925887334390069301160291085663888908", "price": "0.81", "size": "2410", "side": "SELL", "hash": "9d6216022ba4313dcac866135a1cc72856f30522", "best_bid": "0.16", "best_ask": "0.18"}], "timestamp": "1769384244107", "event_type": "price_change"}}
{"_local_timestamp": "2026-01-25T23:37:35.193988+00:00", "data": {"market": "0xed872dd84439df3c8a53925e6ef8c681ba8c0ba87e7001f73fa1d6dc794a135f", "price_changes": [{"asset_id": "112661276556417906828870815309543694013071769344781677369935215749452960548752", "price": "0.19", "size": "200", "side": "BUY", "hash": "78efd68bd5bf69f32962133626ee2ac7d17acc9e", "best_bid": "0.82", "best_ask": "0.84"}, {"asset_id": "87200813379777945326594531155318320143753925887334390069301160291085663888908", "price": "0.81", "size": "200", "side": "SELL", "hash": "f051eb125554b542f959195c892658cce6ed37ce", "best_bid": "0.16", "best_ask": "0.18"}], "timestamp": "1769384255115", "event_type": "price_change"}}
{"_local_timestamp": "2026-01-25T23:38:01.979263+00:00", "data": {"market": "0xed872dd84439df3c8a53925e6ef8c681ba8c0ba87e7001f73fa1d6dc794a135f", "price_changes": [{"asset_id": "112661276556417906828870815309543694013071769344781677369935215749452960548752", "price": "0.19", "size": "150", "side": "BUY", "hash": "b3dfede9870ab25b7ce67a0e23484de17712e7c3", "best_bid": "0.82", "best_ask": "0.84"}, {"asset_id": "87200813379777945326594531155318320143753925887334390069301160291085663888908", "price": "0.81", "size": "150", "side": "SELL", "hash": "89c3c1f648081b909ae5ab679fa5da72b747b11b", "best_bid": "0.16", "best_ask": "0.18"}], "timestamp": "1769384281910", "event_type": "price_change"}}
{"_local_timestamp": "2026-01-25T23:38:02.260691+00:00", "data": {"market": "0xed872dd84439df3c8a53925e6ef8c681ba8c0ba87e7001f73fa1d6dc794a135f", "price_changes": [{"asset_id": "112661276556417906828870815309543694013071769344781677369935215749452960548752", "price": "0.18", "size": "1188", "side": "BUY", "hash": "81d71fbb21541e5b96610b2f7c3ef5797dd8f7b6", "best_bid": "0.82", "best_ask": "0.84"}, {"asset_id": "87200813379777945326594531155318320143753925887334390069301160291085663888908", "price": "0.82", "size": "1188", "side": "SELL", "hash": "ad762be74b5482e1b13142960156564bcf8d10ce", "best_bid": "0.16", "best_ask": "0.18"}], "timestamp": "1769384282193", "event_type": "price_change"}}
{"_local_timestamp": "2026-01-25T23:38:21.261430+00:00", "data": {"market": "0xed872dd84439df3c8a53925e6ef8c681ba8c0ba87e7001f73fa1d6dc794a135f", "price_changes": [{"asset_id": "112661276556417906828870815309543694013071769344781677369935215749452960548752", "price": "0.26", "size": "100", "side": "BUY", "hash": "c4a58506d34e1e16b6e6999d2301fd4d83bd5c3f", "best_bid": "0.82", "best_ask": "0.84"}, {"asset_id": "87200813379777945326594531155318320143753925887334390069301160291085663888908", "price": "0.74", "size": "100", "side": "SELL", "hash": "96959d5b3a319a1a4b8409c7485ffbe9a95282d9", "best_bid": "0.16", "best_ask": "0.18"}], "timestamp": "1769384301117", "event_type": "price_change"}}
{"_local_timestamp": "2026-01-25T23:38:21.622439+00:00", "data": {"market": "0xed872dd84439df3c8a53925e6ef8c681ba8c0ba87e7001f73fa1d6dc794a135f", "price_changes": [{"asset_id": "112661276556417906828870815309543694013071769344781677369935215749452960548752", "price": "0.22", "size": "100", "side": "BUY", "hash": "454a81a4e70ce2f9854cb0f7b7e0a0b888b2fbc3", "best_bid": "0.82", "best_ask": "0.84"}, {"asset_id": "87200813379777945326594531155318320143753925887334390069301160291085663888908", "price": "0.78", "size": "100", "side": "SELL", "hash": "f6278ff300e3a14313f47e271b097e23da1faab9", "best_bid": "0.16", "best_ask": "0.18"}], "timestamp": "1769384301466", "event_type": "price_change"}}
{"_local_timestamp": "2026-01-25T23:38:27.879538+00:00", "data": {"market": "0xed872dd84439df3c8a53925e6ef8c681ba8c0ba87e7001f73fa1d6dc794a135f", "price_changes": [{"asset_id": "112661276556417906828870815309543694013071769344781677369935215749452960548752", "price": "0.22", "size": "2008", "side": "BUY", "hash": "95cd11dc31fd32afe3d76847d22a2b075c9d1e88", "best_bid": "0.82", "best_ask": "0.84"}, {"asset_id": "87200813379777945326594531155318320143753925887334390069301160291085663888908", "price": "0.78", "size": "2008", "side": "SELL", "hash": "466eaeb0a79ea90c30f1553959a2ad65e2006cf5", "best_bid": "0.16", "best_ask": "0.18"}], "timestamp": "1769384307808", "event_type": "price_change"}}
{"_local_timestamp": "2026-01-25T23:38:41.547537+00:00", "data": {"market": "0xed872dd84439df3c8a53925e6ef8c681ba8c0ba87e7001f73fa1d6dc794a135f", "price_changes": [{"asset_id": "112661276556417906828870815309543694013071769344781677369935215749452960548752", "price": "0.19", "size": "0", "side": "BUY", "hash": "50e6bebc68153d99003908a5c12822b53c8f31d6", "best_bid": "0.82", "best_ask": "0.84"}, {"asset_id": "87200813379777945326594531155318320143753925887334390069301160291085663888908", "price": "0.81", "size": "0", "side": "SELL", "hash": "aef1bb20c6438b7bd8b7bc5e7508fbed51ad012e", "best_bid": "0.16", "best_ask": "0.18"}], "timestamp": "1769384321401", "event_type": "price_change"}}
{"_local_timestamp": "2026-01-25T23:38:41.773481+00:00", "data": {"market": "0xed872dd84439df3c8a53925e6ef8c681ba8c0ba87e7001f73fa1d6dc794a135f", "price_changes": [{"asset_id": "112661276556417906828870815309543694013071769344781677369935215749452960548752", "price": "0.18", "size": "1338", "side": "BUY", "hash": "9336f15acf55fbdc8f3079f37880c1b2e558155f", "best_bid": "0.82", "best_ask": "0.84"}, {"asset_id": "87200813379777945326594531155318320143753925887334390069301160291085663888908", "price": "0.82", "size": "1338", "side": "SELL", "hash": "513314aa70c08ed0a2bb0660ae9cee22abdaf806", "best_bid": "0.16", "best_ask": "0.18"}], "timestamp": "1769384321657", "event_type": "price_change"}}
{"_local_timestamp": "2026-01-25T23:38:58.278927+00:00", "data": {"market": "0xed872dd84439df3c8a53925e6ef8c681ba8c0ba87e7001f73fa1d6dc794a135f", "price_changes": [{"asset_id": "112661276556417906828870815309543694013071769344781677369935215749452960548752", "price": "0.22", "size": "1958", "side": "BUY", "hash": "b4273431bcbed2d5fda056b2976392c9f599a039", "best_bid": "0.82", "best_ask": "0.84"}, {"asset_id": "87200813379777945326594531155318320143753925887334390069301160291085663888908", "price": "0.78", "size": "1958", "side": "SELL", "hash": "275d4257a3a33e2c75ced91a2c9a5ebfa0a0884b", "best_bid": "0.16", "best_ask": "0.18"}], "timestamp": "1769384338203", "event_type": "price_change"}}
{"_local_timestamp": "2026-01-25T23:38:58.279482+00:00", "data": {"market": "0xed872dd84439df3c8a53925e6ef8c681ba8c0ba87e7001f73fa1d6dc794a135f", "price_changes": [{"asset_id": "112661276556417906828870815309543694013071769344781677369935215749452960548752", "price": "0.18", "size": "1238", "side": "BUY", "hash": "b4273431bcbed2d5fda056b2976392c9f599a039", "best_bid": "0.82", "best_ask": "0.84"}, {"asset_id": "87200813379777945326594531155318320143753925887334390069301160291085663888908", "price": "0.82", "size": "1238", "side": "SELL", "hash": "275d4257a3a33e2c75ced91a2c9a5ebfa0a0884b", "best_bid": "0.16", "best_ask": "0.18"}], "timestamp": "1769384338203", "event_type": "price_change"}}
{"_local_timestamp": "2026-01-25T23:38:58.899124+00:00", "data": {"market": "0xed872dd84439df3c8a53925e6ef8c681ba8c0ba87e7001f73fa1d6dc794a135f", "price_changes": [{"asset_id": "112661276556417906828870815309543694013071769344781677369935215749452960548752", "price": "0.19", "size": "100", "side": "BUY", "hash": "36df32fbe2b22df8e1a3b81387c630c204eda513", "best_bid": "0.82", "best_ask": "0.84"}, {"asset_id": "87200813379777945326594531155318320143753925887334390069301160291085663888908", "price": "0.81", "size": "100", "side": "SELL", "hash": "92ecacf58049eab7687aabfd9ab0d9229839ae43", "best_bid": "0.16", "best_ask": "0.18"}], "timestamp": "1769384338667", "event_type": "price_change"}}
{"_local_timestamp": "2026-01-25T23:38:59.162328+00:00", "data": {"market": "0xed872dd84439df3c8a53925e6ef8c681ba8c0ba87e7001f73fa1d6dc794a135f", "price_changes": [{"asset_id": "112661276556417906828870815309543694013071769344781677369935215749452960548752", "price": "0.29", "size": "500", "side": "BUY", "hash": "e6894eb7e05e2271d05de73e559aecb0d52e9b84", "best_bid": "0.82", "best_ask": "0.84"}, {"asset_id": "87200813379777945326594531155318320143753925887334390069301160291085663888908", "price": "0.71", "size": "500", "side": "SELL", "hash": "9bb9290102c210a4d3d52a26f5814205a442175c", "best_bid": "0.16", "best_ask": "0.18"}], "timestamp": "1769384338831", "event_type": "price_change"}}
{"_local_timestamp": "2026-01-25T23:39:17.006161+00:00", "data": {"market": "0xed872dd84439df3c8a53925e6ef8c681ba8c0ba87e7001f73fa1d6dc794a135f", "price_changes": [{"asset_id": "112661276556417906828870815309543694013071769344781677369935215749452960548752", "price": "0.21", "size": "133.33", "side": "BUY", "hash": "9f86906ebc6c97a2d9fd92bd158bcd0e3197f9c2", "best_bid": "0.82", "best_ask": "0.84"}, {"asset_id": "87200813379777945326594531155318320143753925887334390069301160291085663888908", "price": "0.79", "size": "133.33", "side": "SELL", "hash": "92855366c1b1e0cf3299e349d3988148d1314cd1", "best_bid": "0.16", "best_ask": "0.18"}], "timestamp": "1769384356915", "event_type": "price_change"}}
{"_local_timestamp": "2026-01-25T23:39:17.361184+00:00", "data": {"market": "0xed872dd84439df3c8a53925e6ef8c681ba8c0ba87e7001f73fa1d6dc794a135f", "price_changes": [{"asset_id": "112661276556417906828870815309543694013071769344781677369935215749452960548752", "price": "0.22", "size": "2058", "side": "BUY", "hash": "0be0066c38efc8d873ee2ae4eb172e1008562039", "best_bid": "0.82", "best_ask": "0.84"}, {"asset_id": "87200813379777945326594531155318320143753925887334390069301160291085663888908", "price": "0.78", "size": "2058", "side": "SELL", "hash": "b52c4a8fed854ab9e4bb05612a54adc942e30829", "best_bid": "0.16", "best_ask": "0.18"}], "timestamp": "1769384357178", "event_type": "price_change"}}
{"_local_timestamp": "2026-01-25T23:39:22.273229+00:00", "data": {"market": "0xed872dd84439df3c8a53925e6ef8c681ba8c0ba87e7001f73fa1d6dc794a135f", "price_changes": [{"asset_id": "112661276556417906828870815309543694013071769344781677369935215749452960548752", "price": "0.18", "size": "1088", "side": "BUY", "hash": "43d03303ffe0862612f71c2f89f6fdec4ebad540", "best_bid": "0.82", "best_ask": "0.84"}, {"asset_id": "87200813379777945326594531155318320143753925887334390069301160291085663888908", "price": "0.82", "size": "1088", "side": "SELL", "hash": "7e1701356c6f8c82e15b2355363708534869e1fe", "best_bid": "0.16", "best_ask": "0.18"}], "timestamp": "1769384362188", "event_type": "price_change"}}
{"_local_timestamp": "2026-01-25T23:39:22.861475+00:00", "data": {"market": "0xed872dd84439df3c8a53925e6ef8c681ba8c0ba87e7001f73fa1d6dc794a135f", "price_changes": [{"asset_id": "112661276556417906828870815309543694013071769344781677369935215749452960548752", "price": "0.19", "size": "250", "side": "BUY", "hash": "9bbee18fc1f63f752a0f612ffeb7800a7e5009f8", "best_bid": "0.82", "best_ask": "0.84"}, {"asset_id": "87200813379777945326594531155318320143753925887334390069301160291085663888908", "price": "0.81", "size": "250", "side": "SELL", "hash": "d6b27cfd4b809c1694138926f3cf35149c934bb3", "best_bid": "0.16", "best_ask": "0.18"}], "timestamp": "1769384362691", "event_type": "price_change"}}
