{"_local_timestamp": "2026-01-25T23:33:51.643339+00:00", "data": [{"market": "0xed872dd84439df3c8a53925e6ef8c681ba8c0ba87e7001f73fa1d6dc794a135f", "asset_id": "112661276556417906828870815309543694013071769344781677369935215749452960548752", "timestamp": "1769384020537", "hash": "9da6b405b6f2b7449a1c08fb35544bb701006134", "bids": [{"price": "0.01", "size": "5009.71"}, {"price": "0.02", "size": "2200"}, {"price": "0.03", "size": "9.08"}, {"price": "0.08", "size": "1150"}, {"price": "0.09", "size": "7"}, {"price": "0.13", "size": "261.53"}, {"price": "0.15", "size": "550"}, {"price": "0.17", "size": "188.23"}, {"price": "0.18", "size": "1288"}, {"price": "0.19", "size": "2260"}, {"price": "0.21", "size": "233.33"}, {"price": "0.22", "size": "100"}, {"price": "0.26", "size": "200"}, {"price": "0.29", "size": "350"}, {"price": "0.3", "size": "80"}, {"price": "0.34", "size": "108.82"}, {"price": "0.43", "size": "100"}, {"price": "0.46", "size": "490.12"}, {"price": "0.47", "size": "100"}, {"price": "0.48", "size": "30"}, {"price": "0.49", "size": "5"}, {"price": "0.64", "size": "90.12"}, {"price": "0.7", "size": "50"}, {"price": "0.73", "size": "5"}, {"price": "0.76", "size": "5"}, {"price": "0.78", "size": "16.66"}, {"price": "0.79", "size": "13.92"}, {"price": "0.82", "size": "300"}], "asks": [{"price": "0.99", "size": "6.87"}, {"price": "0.97", "size": "1999.33"}, {"price": "0.96", "size": "361"}, {"price": "0.93", "size": "671"}, {"price": "0.92", "size": "7.89"}, {"price": "0.9", "size": "88.95"}, {"price": "0.89", "size": "1493.66"}, {"price": "0.87", "size": "66.66"}, {"price": "0.86", "size": "46.93"}, {"price": "0.84", "size": "66.66"}], "event_type": "book", "last_trade_price": "0.140"}, {"market": "0xed872dd84439df3c8a53925e6ef8c681ba8c0ba87e7001f73fa1d6dc794a135f", "asset_id": "87200813379777945326594531155318320143753925887334390069301160291085663888908", "timestamp": "1769384020537", "hash": "e2117ea90804cb50e352234e95156e426c3f7ce5", "bids": [{"price": "0.01", "size": "6.87"}, {"price": "0.03", "size": "1999.33"}, {"price": "0.04", "size": "361"}, {"price": "0.07", "size": "671"}, {"price": "0.08", "size": "7.89"}, {"price": "0.1", "size": "88.95"}, {"price": "0.11", "size": "1493.66"}, {"price": "0.13", "size": "66.66"}, {"price": "0.14", "size": "46.93"}, {"price": "0.16", "size": "66.66"}], "asks": [{"price": "0.99", "size": "5009.71"}, {"price": "0.98", "size": "2200"}, {"price": "0.97", "size": "9.08"}, {"price": "0.92", "size": "1150"}, {"price": "0.91", "size": "7"}, {"price": "0.87", "size": "261.53"}, {"price": "0.85", "size": "550"}, {"price": "0.83", "size": "188.23"}, {"price": "0.82", "size": "1288"}, {"price": "0.81", "size": "2260"}, {"price": "0.79", "size": "233.33"}, {"price": "0.78", "size": "100"}, {"price": "0.74", "size": "200"}, {"price": "0.71", "size": "350"}, {"price": "0.7", "size": "80"}, {"price": "0.66", "size": "108.82"}, {"price": "0.57", "size": "100"}, {"price": "0.54", "size": "490.12"}, {"price": "0.53", "size": "100"}, {"price": "0.52", "size": "30"}, {"price": "0.51", "size": "5"}, {"price": "0.36", "size": "90.12"}, {"price": "0.3", "size": "50"}, {"price": "0.27", "size": "5"}, {"price": "0.24", "size": "5"}, {"price": "0.22", "size": "16.66"}, {"price": "0.21", "size": "13.92"}, {"price": "0.18", "size": "300"}], "event_type": "book", "last_trade_price": "0.140"}]}
{"_local_timestamp": "2026-01-25T23:34:04.630227+00:00", "data": {"market": "0xed872dd84439df3c8a53925e6ef8c681ba8c0ba87e7001f73fa1d6dc794a135f", "price_changes": [{"asset_id": "112661276556417906828870815309543694013071769344781677369935215749452960548752", "price": "0.18", "size": "1138", "side": "BUY", "hash": "14ab3f698d4f0dc03691fd3a77666ba451ee874c", "best_bid": "0.82", "best_ask": "0.84"}, {"asset_id": "87200813379777945326594531155318320143753925887334390069301160291085663888908", "price": "0.82", "size": "1138", "side": "SELL", "hash": "a11008780d2a5c08bfb9be658608e9968b1e6420", "best_bid": "0.16", "best_ask": "0.18"}], "timestamp": "1769384044563", "event_type": "price_change"}}
{"_local_timestamp": "2026-01-25T23:34:05.074429+00:00", "data": {"market": "0xed872dd84439df3c8a53925e6ef8c681ba8c0ba87e7001f73fa1d6dc794a135f", "price_changes": [{"asset_id": "112661276556417906828870815309543694013071769344781677369935215749452960548752", "price": "0.19", "size": "2410", "side": "BUY", "hash": "5ca7b64e4e38108d9ed3f7bf73927f42ad828d45", "best_bid": "0.82", "best_ask": "0.84"}, {"asset_id": "87200813379777945326594531155318320143753925887334390069301160291085663888908", "price": "0.81", "size": "2410", "side": "SELL", "hash": "4f62e7456e87a21ae0a5b85b836be4c8b0015ba8", "best_bid": "0.16", "best_ask": "0.18"}], "timestamp": "1769384044911", "event_type": "price_change"}}
{"_local_timestamp": "2026-01-25T23:34:19.932647+00:00", "data": {"market": "0xed872dd84439df3c8a53925e6ef8c681ba8c0ba87e7001f73fa1d6dc794a135f", "price_changes": [{"asset_id": "112661276556417906828870815309543694013071769344781677369935215749452960548752", "price": "0.19", "size": "200", "side": "BUY", "hash": "490993f968cf18b044c1c4aeeea4193f1db59cf9", "best_bid": "0.82", "best_ask": "0.84"}, {"asset_id": "87200813379777945326594531155318320143753925887334390069301160291085663888908", "price": "0.81", "size": "200", "side": "SELL", "hash": "18ea675e153e1f44b44b164071f55cbcb116025e", "best_bid": "0.16", "best_ask": "0.18"}], "timestamp": "1769384059754", "event_type": "price_change"}}
{"_local_timestamp": "2026-01-25T23:34:27.799506+00:00", "data": {"market": "0xed872dd84439df3c8a53925e6ef8c681ba8c0ba87e7001f73fa1d6dc794a135f", "price_changes": [{"asset_id": "112661276556417906828870815309543694013071769344781677369935215749452960548752", "price": "0.26", "size": "100", "side": "BUY", "hash": "f1f0997b727f0957cab894a483f2b050b73e60af", "best_bid": "0.82", "best_ask": "0.84"}, {"asset_id": "87200813379777945326594531155318320143753925887334390069301160291085663888908", "price": "0.74", "size": "100", "side": "SELL", "hash": "13e802b9f78d51baa643706844f00f165c64858b", "best_bid": "0.16", "best_ask": "0.18"}], "timestamp": "1769384067586", "event_type": "price_change"}}
{"_local_timestamp": "2026-01-25T23:34:28.331008+00:00", "data": {"market": "0xed872dd84439df3c8a53925e6ef8c681ba8c0ba87e7001f73fa1d6dc794a135f", "price_changes": [{"asset_id": "112661276556417906828870815309543694013071769344781677369935215749452960548752", "price": "0.22", "size": "200", "side": "BUY", "hash": "3c246c1e54f89bc9a61d3a20b6028a87bd18606e", "best_bid": "0.82", "best_ask": "0.84"}, {"asset_id": "87200813379777945326594531155318320143753925887334390069301160291085663888908", "price": "0.78", "size": "200", "side": "SELL", "hash": "4223d8b5c0375588218ed274337e3062da391174", "best_bid": "0.16", "best_ask": "0.18"}], "timestamp": "1769384068091", "event_type": "price_change"}}
{"_local_timestamp": "2026-01-25T23:34:48.553370+00:00", "data": {"market": "0xed872dd84439df3c8a53925e6ef8c681ba8c0ba87e7001f73fa1d6dc794a135f", "price_changes": [{"asset_id": "112661276556417906828870815309543694013071769344781677369935215749452960548752", "price": "0.19", "size": "150", "side": "BUY", "hash": "d51aa2f0a6097bab1f47dfe23c215de8af22c3a2", "best_bid": "0.82", "best_ask": "0.84"}, {"asset_id": "87200813379777945326594531155318320143753925887334390069301160291085663888908", "price": "0.81", "size": "150", "side": "SELL", "hash": "5536bad16065cb0a580a5f17543fbc576f9a0807", "best_bid": "0.16", "best_ask": "0.18"}], "timestamp": "1769384088485", "event_type": "price_change"}}
{"_local_timestamp": "2026-01-25T23:34:48.847351+00:00", "data": {"market": "0xed872dd84439df3c8a53925e6ef8c681ba8c0ba87e7001f73fa1d6dc794a135f", "price_changes": [{"asset_id": "112661276556417906828870815309543694013071769344781677369935215749452960548752", "price": "0.18", "size": "1188", "side": "BUY", "hash": "63088b91b64a8a73fd6a03777aade43ba76a325e", "best_bid": "0.82", "best_ask": "0.84"}, {"asset_id": "87200813379777945326594531155318320143753925887334390069301160291085663888908", "price": "0.82", "size": "1188", "side": "SELL", "hash": "76c5b96e0086ba7fc6a09e3a6d84e0c34f76aa28", "best_bid": "0.16", "best_ask": "0.18"}], "timestamp": "1769384088766", "event_type": "price_change"}}
{"_local_timestamp": "2026-01-25T23:34:50.541498+00:00", "data": {"market": "0xed872dd84439df3c8a53925e6ef8c681ba8c0ba87e7001f73fa1d6dc794a135f", "price_changes": [{"asset_id": "112661276556417906828870815309543694013071769344781677369935215749452960548752", "price": "0.22", "size": "2108", "side": "BUY", "hash": "03e5f87b26cb7624a9ecfab92505ae6a6308741b", "best_bid": "0.82", "best_ask": "0.84"}, {"asset_id": "87200813379777945326594531155318320143753925887334390069301160291085663888908", "price": "0.78", "size": "2108", "side": "SELL", "hash": "e7cd2472de8c398ab7799a92d7df26b030cce6ac", "best_bid": "0.16", "best_ask": "0.18"}], "timestamp": "1769384090474", "event_type": "price_change"}}
{"_local_timestamp": "2026-01-25T23:35:23.868894+00:00", "data": {"market": "0xed872dd84439df3c8a53925e6ef8c681ba8c0ba87e7001f73fa1d6dc794a135f", "price_changes": [{"asset_id": "112661276556417906828870815309543694013071769344781677369935215749452960548752", "price": "0.21", "size": "133.33", "side": "BUY", "hash": "e3d7888fea2de08ae1e6201801f9851ac4fad33a", "best_bid": "0.82", "best_ask": "0.84"}, {"asset_id": "87200813379777945326594531155318320143753925887334390069301160291085663888908", "price": "0.79", "size": "133.33", "side": "SELL", "hash": "45464310360e8e362c20fcccb2bc3978f91914c5", "best_bid": "0.16", "best_ask": "0.18"}], "timestamp": "1769384123667", "event_type": "price_change"}}
{"_local_timestamp": "2026-01-25T23:35:23.869907+00:00", "data": {"market": "0xed872dd84439df3c8a53925e6ef8c681ba8c0ba87e7001f73fa1d6dc794a135f", "price_changes": [{"asset_id": "112661276556417906828870815309543694013071769344781677369935215749452960548752", "price": "0.19", "size": "0", "side": "BUY", "hash": "e3d7888fea2de08ae1e6201801f9851ac4fad33a", "best_bid": "0.82", "best_ask": "0.84"}, {"asset_id": "87200813379777945326594531155318320143753925887334390069301160291085663888908", "price": "0.81", "size": "0", "side": "SELL", "hash": "45464310360e8e362c20fcccb2bc3978f91914c5", "best_bid": "0.16", "best_ask": "0.18"}], "timestamp": "1769384123667", "event_type": "price_change"}}
{"_local_timestamp": "2026-01-25T23:35:24.337773+00:00", "data": {"market": "0xed872dd84439df3c8a53925e6ef8c681ba8c0ba87e7001f73fa1d6dc794a135f", "price_changes": [{"asset_id": "112661276556417906828870815309543694013071769344781677369935215749452960548752", "price": "0.18", "size": "1338", "side": "BUY", "hash": "c5fbe61eed36d12442f625b5025707dce7990177", "best_bid": "0.82", "best_ask": "0.84"}, {"asset_id": "87200813379777945326594531155318320143753925887334390069301160291085663888908", "price": "0.82", "size": "1338", "side": "SELL", "hash": "11c3fd4327fad3e51cb66427e36864567b5f1d74", "best_bid": "0.16", "best_ask": "0.18"}], "timestamp": "1769384123936", "event_type": "price_change"}}
{"_local_timestamp": "2026-01-25T23:35:24.454871+00:00", "data": {"market": "0xed872dd84439df3c8a53925e6ef8c681ba8c0ba87e7001f73fa1d6dc794a135f", "price_changes": [{"asset_id": "112661276556417906828870815309543694013071769344781677369935215749452960548752", "price": "0.22", "size": "2208", "side": "BUY", "hash": "73d31e3bcfaf7c187cd2bb36eee5bb57ef131956", "best_bid": "0.82", "best_ask": "0.84"}, {"asset_id": "87200813379777945326594531155318320143753925887334390069301160291085663888908", "price": "0.78", "size": "2208", "side": "SELL", "hash": "55b642d3e8ce2120d90dc59a0bfd460e495d9fbc", "best_bid": "0.16", "best_ask": "0.18"}], "timestamp": "1769384124047", "event_type": "price_change"}}
{"_local_timestamp": "2026-01-25T23:35:26.859692+00:00", "data": {"market": "0xed872dd84439df3c8a53925e6ef8c681ba8c0ba87e7001f73fa1d6dc794a135f", "price_changes": [{"asset_id": "112661276556417906828870815309543694013071769344781677369935215749452960548752", "price": "0.18", "size": "1238", "side": "BUY", "hash": "2238666aa3a7a2be29a936006a1f661b0f63a3d2", "best_bid": "0.82", "best_ask": "0.84"}, {"asset_id": "87200813379777945326594531155318320143753925887334390069301160291085663888908", "price": "0.82", "size": "1238", "side": "SELL", "hash": "40ea485b8204cd1f08c367e925dcf2b92218f177", "best_bid": "0.16", "best_ask": "0.18"}], "timestamp": "1769384126570", "event_type": "price_change"}}
{"_local_timestamp": "2026-01-25T23:35:26.866417+00:00", "data": {"market": "0xed872dd84439df3c8a53925e6ef8c681ba8c0ba87e7001f73fa1d6dc794a135f", "price_changes": [{"asset_id": "112661276556417906828870815309543694013071769344781677369935215749452960548752", "price": "0.22", "size": "2158", "side": "BUY", "hash": "2238666aa3a7a2be29a936006a1f661b0f63a3d2", "best_bid": "0.82", "best_ask": "0.84"}, {"asset_id": "87200813379777945326594531155318320143753925887334390069301160291085663888908", "price": "0.78", "size": "2158", "side": "SELL", "hash": "40ea485b8204cd1f08c367e925dcf2b92218f177", "best_bid": "0.16", "best_ask": "0.18"}], "timestamp": "1769384126570", "event_type": "price_change"}}
{"_local_timestamp": "2026-01-25T23:35:27.283561+00:00", "data": {"market": "0xed872dd84439df3c8a53925e6ef8c681ba8c0ba87e7001f73fa1d6dc794a135f", "price_changes": [{"asset_id": "112661276556417906828870815309543694013071769344781677369935215749452960548752", "price": "0.19", "size": "100", "side": "BUY", "hash": "e5495581fe9cb5edf72e724f37bbf9516788141e", "best_bid": "0.82", "best_ask": "0.84"}, {"asset_id": "87200813379777945326594531155318320143753925887334390069301160291085663888908", "price": "0.81", "size": "100", "side": "SELL", "hash": "1ae0d2f19fc834f4fd8d759c9034e081b3915da6", "best_bid": "0.16", "best_ask": "0.18"}], "timestamp": "1769384126908", "event_type": "price_change"}}
{"_local_timestamp": "2026-01-25T23:35:27.318145+00:00", "data": {"market": "0xed872dd84439df3c8a53925e6ef8c681ba8c0ba87e7001f73fa1d6dc794a135f", "price_changes": [{"asset_id": "112661276556417906828870815309543694013071769344781677369935215749452960548752", "price": "0.29", "size": "400", "side": "BUY", "hash": "d0b9fd375c97c35fed9138a253aeacc583b3bff7", "best_bid": "0.82", "best_ask": "0.84"}, {"asset_id": "87200813379777945326594531155318320143753925887334390069301160291085663888908", "price": "0.71", "size": "400", "side": "SELL", "hash": "dea98d85148f6a54020e33600a39165046373a90", "best_bid": "0.16", "best_ask": "0.18"}], "timestamp": "1769384126928", "event_type": "price_change"}}
{"_local_timestamp": "2026-01-25T23:35:34.949166+00:00", "data": {"market": "0xed872dd84439df3c8a53925e6ef8c681ba8c0ba87e7001f73fa1d6dc794a135f", "price_changes": [{"asset_id": "87200813379777945326594531155318320143753925887334390069301160291085663888908", "price": "0.08", "size": "0", "side": "BUY", "hash": "b886e60b42d74af9e757ef5c3ab714d68f031af2", "best_bid": "0.16", "best_ask": "0.18"}, {"asset_id": "112661276556417906828870815309543694013071769344781677369935215749452960548752", "price": "0.92", "size": "0", "side": "SELL", "hash": "f967bdc9bbef3cd6ff5ab8ad34e2d057e21d40dd", "best_bid": "0.82", "best_ask": "0.84"}], "timestamp": "1769384134711", "event_type": "price_change"}}
{"_local_timestamp": "2026-01-25T23:35:35.756319+00:00", "data": {"market": "0xed872dd84439df3c8a53925e6ef8c681ba8c0ba87e7001f73fa1d6dc794a135f", "price_changes": [{"asset_id": "87200813379777945326594531155318320143753925887334390069301160291085663888908", "price": "0.08", "size": "7.89", "side": "BUY", "hash": "e2a0ffb70e99d23666b0ecd9c2f5bf9957a8c09a", "best_bid": "0.16", "best_ask": "0.18"}, {"asset_id": "112661276556417906828870815309543694013071769344781677369935215749452960548752", "price": "0.92", "size": "7.89", "side": "SELL", "hash": "839a09d1c64305e372bdeda7eff74fa393c2cb7e", "best_bid": "0.82", "best_ask": "0.84"}], "timestamp": "1769384135534", "event_type": "price_change"}}
