{"_local_timestamp": "2026-01-25T23:33:21.469906+00:00", "data": [{"market": "0x00bb09d16155f7d1f354e15cd9f115e36665965b876606a8ab3cb5b0be923cf7", "asset_id": "50322484780117793093723555035654672562358650717688148764266793415870116941971", "timestamp": "1769383921295", "hash": "fb52992725a8c80465bdf42c14b6a7fd4c886b51", "bids": [{"price": "0.01", "size": "5009.79"}, {"price": "0.02", "size": "3750"}, {"price": "0.03", "size": "10.2"}, {"price": "0.04", "size": "750"}, {"price": "0.05", "size": "30"}, {"price": "0.06", "size": "33"}, {"price": "0.08", "size": "850"}, {"price": "0.1", "size": "250"}, {"price": "0.11", "size": "5.41"}, {"price": "0.12", "size": "883.33"}, {"price": "0.17", "size": "588.23"}, {"price": "0.21", "size": "283.33"}, {"price": "0.25", "size": "104"}, {"price": "0.29", "size": "332.75"}, {"price": "0.3", "size": "200"}, {"price": "0.33", "size": "60.6"}, {"price": "0.34", "size": "50"}, {"price": "0.35", "size": "137"}, {"price": "0.4", "size": "5"}, {"price": "0.46", "size": "15"}, {"price": "0.57", "size": "100"}, {"price": "0.75", "size": "68.99"}, {"price": "0.8", "size": "100"}, {"price": "0.81", "size": "43.42"}], "asks": [{"price": "0.99", "size": "28.56"}, {"price": "0.98", "size": "750"}, {"price": "0.97", "size": "500"}, {"price": "0.96", "size": "507.42"}, {"price": "0.95", "size": "300"}, {"price": "0.94", "size": "365.28"}, {"price": "0.93", "size": "200"}, {"price": "0.92", "size": "179.16"}], "event_type": "book", "last_trade_price": ""}, {"market": "0x00bb09d16155f7d1f354e15cd9f115e36665965b876606a8ab3cb5b0be923cf7", "asset_id": "3441768572370167846712432876647708877041091714780145175262111391091706182699", "timestamp": "1769383921295", "hash": "35fde7fa5beb040fa474beb0ee8753055583e46c", "bids": [{"price": "0.01", "size": "28.56"}, {"price": "0.02", "size": "750"}, {"price": "0.03", "size": "500"}, {"price": "0.04", "size": "507.42"}, {"price": "0.05", "size": "300"}, {"price": "0.06", "size": "365.28"}, {"price": "0.07", "size": "200"}, {"price": "0.08", "size": "179.16"}], "asks": [{"price": "0.99", "size": "5009.79"}, {"price": "0.98", "size": "3750"}, {"price": "0.97", "size": "10.2"}, {"price": "0.96", "size": "750"}, {"price": "0.95", "size": "30"}, {"price": "0.94", "size": "33"}, {"price": "0.92", "size": "850"}, {"price": "0.9", "size": "250"}, {"price": "0.89", "size": "5.41"}, {"price": "0.88", "size": "883.33"}, {"price": "0.83", "size": "588.23"}, {"price": "0.79", "size": "283.33"}, {"price": "0.75", "size": "104"}, {"price": "0.71", "size": "332.75"}, {"price": "0.7", "size": "200"}, {"price": "0.67", "size": "60.6"}, {"price": "0.66", "size": "50"}, {"price": "0.65", "size": "137"}, {"price": "0.6", "size": "5"}, {"price": "0.54", "size": "15"}, {"price": "0.43", "size": "100"}, {"price": "0.25", "size": "68.99"}, {"price": "0.2", "size": "100"}, {"price": "0.19", "size": "43.42"}], "event_type": "book", "last_trade_price": ""}]}
{"_local_timestamp": "2026-01-25T23:35:08.430353+00:00", "data": {"market": "0x00bb09d16155f7d1f354e15cd9f115e36665965b876606a8ab3cb5b0be923cf7", "price_changes": [{"asset_id": "3441768572370167846712432876647708877041091714780145175262111391091706182699", "price": "0.01", "size": "7.87", "side": "BUY", "hash": "ed9bf9dcfc0bfbe04de76d6dbfcf59c3598ade85", "best_bid": "0.08", "best_ask": "0.19"}, {"asset_id": "50322484780117793093723555035654672562358650717688148764266793415870116941971", "price": "0.99", "size": "7.87", "side": "SELL", "hash": "01f0c6d1ab7ebb8743c4a04a9f1b3b8581ca66fc", "best_bid": "0.81", "best_ask": "0.92"}], "timestamp": "1769384108232", "event_type": "price_change"}}
{"_local_timestamp": "2026-01-25T23:35:09.457722+00:00", "data": {"market": "0x00bb09d16155f7d1f354e15cd9f115e36665965b876606a8ab3cb5b0be923cf7", "price_changes": [{"asset_id": "3441768572370167846712432876647708877041091714780145175262111391091706182699", "price": "0.01", "size": "28.56", "side": "BUY", "hash": "709c65fd0532e77ca6611d1ad6991e84f6e46d1b", "best_bid": "0.08", "best_ask": "0.19"}, {"asset_id": "50322484780117793093723555035654672562358650717688148764266793415870116941971", "price": "0.99", "size": "28.56", "side": "SELL", "hash": "608519c161e0cd687fbc5e3712f33e1269374714", "best_bid": "0.81", "best_ask": "0.92"}], "timestamp": "1769384109228", "event_type": "price_change"}}
{"_local_timestamp": "2026-01-25T23:35:56.392489+00:00", "data": {"market": "0x00bb09d16155f7d1f354e15cd9f115e36665965b876606a8ab3cb5b0be923cf7", "price_changes": [{"asset_id": "50322484780117793093723555035654672562358650717688148764266793415870116941971", "price": "0.34", "size": "0", "side": "BUY", "hash": "19721bf9333dc8541ebf5135bb91f8699ac49d13", "best_bid": "0.81", "best_ask": "0.92"}, {"asset_id": "3441768572370167846712432876647708877041091714780145175262111391091706182699", "price": "0.66", "size": "0", "side": "SELL", "hash": "31e6945d6a4285ea771d78ec1a84151ffa6e8a63", "best_bid": "0.08", "best_ask": "0.19"}], "timestamp": "1769384156283", "event_type": "price_change"}}
{"_local_timestamp": "2026-01-25T23:35:56.854414+00:00", "data": {"market": "0x00bb09d16155f7d1f354e15cd9f115e36665965b876606a8ab3cb5b0be923cf7", "price_changes": [{"asset_id": "50322484780117793093723555035654672562358650717688148764266793415870116941971", "price": "0.35", "size": "187", "side": "BUY", "hash": "1151574ab656ed76bdba9167b72e00954948205d", "best_bid": "0.81", "best_ask": "0.92"}, {"asset_id": "3441768572370167846712432876647708877041091714780145175262111391091706182699", "price": "0.65", "size": "187", "side": "SELL", "hash": "0cd40120679c4eb5138efe5f14a9636f080b2c10", "best_bid": "0.08", "best_ask": "0.19"}], "timestamp": "1769384156725", "event_type": "price_change"}}
