{"_local_timestamp": "2026-01-25T23:33:24.908073+00:00", "data": [{"market": "0x1512828f4c735012fde09e2424f033bd2cd128a1a84e7aa7769440b66a1dd7c5", "asset_id": "59446984750383689166016671329084781990333496644061769271895177118630247823357", "timestamp": "1769384004265", "hash": "a42a4462d59fb5e60c893459e5c0412aa86e7a39", "bids": [{"price": "0.01", "size": "1750"}, {"price": "0.02", "size": "1508.04"}, {"price": "0.03", "size": "2667"}, {"price": "0.04", "size": "6.92"}, {"price": "0.05", "size": "148"}, {"price": "0.07", "size": "6"}, {"price": "0.09", "size": "6.24"}, {"price": "0.12", "size": "6"}, {"price": "0.13", "size": "415.69"}, {"price": "0.14", "size": "78.57"}, {"price": "0.15", "size": "159"}, {"price": "0.18", "size": "780.2"}, {"price": "0.19", "size": "227"}, {"price": "0.2", "size": "235.75"}], "asks": [{"price": "0.99", "size": "7509.87"}, {"price": "0.98", "size": "5800"}, {"price": "0.97", "size": "508.06"}, {"price": "0.96", "size": "1250"}, {"price": "0.92", "size": "1150"}, {"price": "0.91", "size": "7.32"}, {"price": "0.88", "size": "283.33"}, {"price": "0.87", "size": "550"}, {"price": "0.84", "size": "200"}, {"price": "0.83", "size": "940"}, {"price": "0.8", "size": "1140"}, {"price": "0.78", "size": "1908"}, {"price": "0.76", "size": "408.33"}, {"price": "0.74", "size": "300"}, {"price": "0.73", "size": "50"}, {"price": "0.72", "size": "85.71"}, {"price": "0.71", "size": "6"}, {"price": "0.68", "size": "62.5"}, {"price": "0.66", "size": "125"}, {"price": "0.5", "size": "560"}, {"price": "0.49", "size": "31.44"}, {"price": "0.42", "size": "10"}, {"price": "0.4", "size": "17"}, {"price": "0.34", "size": "200"}, {"price": "0.33", "size": "241.56"}, {"price": "0.32", "size": "119.11"}, {"price": "0.31", "size": "21.94"}, {"price": "0.29", "size": "931.4"}, {"price": "0.27", "size": "30"}, {"price": "0.26", "size": "6"}, {"price": "0.24", "size": "481.99"}, {"price": "0.23", "size": "30"}, {"price": "0.22", "size": "7"}], "event_type": "book", "last_trade_price": "0.800"}, {"market": "0x1512828f4c735012fde09e2424f033bd2cd128a1a84e7aa7769440b66a1dd7c5", "asset_id": "36050353753599194454464623080394572359037222441624334030228054568398520086707", "timestamp": "1769384004265", "hash": "b7f4eaed45076c37304fad060879ce800b794441", "bids": [{"price": "0.01", "size": "7509.87"}, {"price": "0.02", "size": "5800"}, {"price": "0.03", "size": "508.06"}, {"price": "0.04", "size": "1250"}, {"price": "0.08", "size": "1150"}, {"price": "0.09", "size": "7.32"}, {"price": "0.12", "size": "283.33"}, {"price": "0.13", "size": "550"}, {"price": "0.16", "size": "200"}, {"price": "0.17", "size": "940"}, {"price": "0.2", "size": "1140"}, {"price": "0.22", "size": "1908"}, {"price": "0.24", "size": "408.33"}, {"price": "0.26", "size": "300"}, {"price": "0.27", "size": "50"}, {"price": "0.28", "size": "85.71"}, {"price": "0.29", "size": "6"}, {"price": "0.32", "size": "62.5"}, {"price": "0.34", "size": "125"}, {"price": "0.5", "size": "560"}, {"price": "0.51", "size": "31.44"}, {"price": "0.58", "size": "10"}, {"price": "0.6", "size": "17"}, {"price": "0.66", "size": "200"}, {"price": "0.67", "size": "241.56"}, {"price": "0.68", "size": "119.11"}, {"price": "0.69", "size": "21.94"}, {"price": "0.71", "size": "931.4"}, {"price": "0.73", "size": "30"}, {"price": "0.74", "size": "6"}, {"price": "0.76", "size": "481.99"}, {"price": "0.77", "size": "30"}, {"price": "0.78", "size": "7"}], "asks": [{"price": "0.99", "size": "1750"}, {"price": "0.98", "size": "1508.04"}, {"price": "0.97", "size": "2667"}, {"price": "0.96", "size": "6.92"}, {"price": "0.95", "size": "148"}, {"price": "0.93", "size": "6"}, {"price": "0.91", "size": "6.24"}, {"price": "0.88", "size": "6"}, {"price": "0.87", "size": "415.69"}, {"price": "0.86", "size": "78.57"}, {"price": "0.85", "size": "159"}, {"price": "0.82", "size": "780.2"}, {"price": "0.81", "size": "227"}, {"price": "0.8", "size": "235.75"}], "event_type": "book", "last_trade_price": "0.800"}]}
{"_local_timestamp": "2026-01-25T23:33:33.354926+00:00", "data": {"market": "0x1512828f4c735012fde09e2424f033bd2cd128a1a84e7aa7769440b66a1dd7c5", "price_changes": [{"asset_id": "36050353753599194454464623080394572359037222441624334030228054568398520086707", "price": "0.24", "size": "358.33", "side": "BUY", "hash": "d67dcf6fc9d519b74579ceadc0d338c9d0fd88cc", "best_bid": "0.78", "best_ask": "0.8"}, {"asset_id": "59446984750383689166016671329084781990333496644061769271895177118630247823357", "price": "0.76", "size": "358.33", "side": "SELL", "hash": "5a2d36fb7dc5f5b312b6297864f7f73282c39046", "best_bid": "0.2", "best_ask": "0.22"}], "timestamp": "1769384013154", "event_type": "price_change"}}
{"_local_timestamp": "2026-01-25T23:33:33.711515+00:00", "data": {"market": "0x1512828f4c735012fde09e2424f033bd2cd128a1a84e7aa7769440b66a1dd7c5", "price_changes": [{"asset_id": "36050353753599194454464623080394572359037222441624334030228054568398520086707", "price": "0.2", "size": "1190", "side": "BUY", "hash": "3bb92fb8d28f7968688bdc99b9ee7c92926683d2", "best_bid": "0.78", "best_ask": "0.8"}, {"asset_id": "59446984750383689166016671329084781990333496644061769271895177118630247823357", "price": "0.8", "size": "1190", "side": "SELL", "hash": "bab1d319046743f8296a17667d32428a1ddcb583", "best_bid": "0.2", "best_ask": "0.22"}], "timestamp": "1769384013546", "event_type": "price_change"}}
{"_local_timestamp": "2026-01-25T23:33:38.109091+00:00", "data": {"market": "0x1512828f4c735012fde09e2424f033bd2cd128a1a84e7aa7769440b66a1dd7c5", "price_changes": [{"asset_id": "36050353753599194454464623080394572359037222441624334030228054568398520086707", "price": "0.29", "size": "0", "side": "BUY", "hash": "d3a5bf38a67c063bc45c3f1fbe4cf2cb13668619", "best_bid": "0.78", "best_ask": "0.8"}, {"asset_id": "59446984750383689166016671329084781990333496644061769271895177118630247823357", "price": "0.71", "size": "0", "side": "SELL", "hash": "b848f020e06eec286cfb48b25714bf8eda53be00", "best_bid": "0.2", "best_ask": "0.22"}], "timestamp": "1769384018030", "event_type": "price_change"}}
{"_local_timestamp": "2026-01-25T23:33:38.176006+00:00", "data": {"market": "0x1512828f4c735012fde09e2424f033bd2cd128a1a84e7aa7769440b66a1dd7c5", "price_changes": [{"asset_id": "36050353753599194454464623080394572359037222441624334030228054568398520086707", "price": "0.29", "size": "6", "side": "BUY", "hash": "bd111f7789365331df80516081c022c97066b1bd", "best_bid": "0.78", "best_ask": "0.8"}, {"asset_id": "59446984750383689166016671329084781990333496644061769271895177118630247823357", "price": "0.71", "size": "6", "side": "SELL", "hash": "f71f018e7ffef9300cf9b7838a214ab73d604e7c", "best_bid": "0.2", "best_ask": "0.22"}], "timestamp": "1769384018094", "event_type": "price_change"}}
{"_local_timestamp": "2026-01-25T23:33:40.284079+00:00", "data": {"market": "0x1512828f4c735012fde09e2424f033bd2cd128a1a84e7aa7769440b66a1dd7c5", "price_changes": [{"asset_id": "36050353753599194454464623080394572359037222441624334030228054568398520086707", "price": "0.24", "size": "308.33", "side": "BUY", "hash": "f1a163bf200a884506a48eaf81f1b68c1903649f", "best_bid": "0.78", "best_ask": "0.8"}, {"asset_id": "59446984750383689166016671329084781990333496644061769271895177118630247823357", "price": "0.76", "size": "308.33", "side": "SELL", "hash": "437cbaf35ae56d708b6c1dfc03e37ed7c3ad9932", "best_bid": "0.2", "best_ask": "0.22"}], "timestamp": "1769384020097", "event_type": "price_change"}}
{"_local_timestamp": "2026-01-25T23:33:40.760872+00:00", "data": {"market": "0x1512828f4c735012fde09e2424f033bd2cd128a1a84e7aa7769440b66a1dd7c5", "price_changes": [{"asset_id": "36050353753599194454464623080394572359037222441624334030228054568398520086707", "price": "0.21", "size": "50", "side": "BUY", "hash": "8213af1e3e09f43f7838ce32608b466fa6159a85", "best_bid": "0.78", "best_ask": "0.8"}, {"asset_id": "59446984750383689166016671329084781990333496644061769271895177118630247823357", "price": "0.79", "size": "50", "side": "SELL", "hash": "81bce6a95d62dec72eeb0d0b48a72a795892bb04", "best_bid": "0.2", "best_ask": "0.22"}], "timestamp": "1769384020552", "event_type": "price_change"}}
{"_local_timestamp": "2026-01-25T23:33:41.381870+00:00", "data": {"market": "0x1512828f4c735012fde09e2424f033bd2cd128a1a84e7aa7769440b66a1dd7c5", "price_changes": [{"asset_id": "59446984750383689166016671329084781990333496644061769271895177118630247823357", "price": "0.09", "size": "0", "side": "BUY", "hash": "97b67e1df3a9e947b0457615bb7da061f1c33348", "best_bid": "0.2", "best_ask": "0.22"}, {"asset_id": "36050353753599194454464623080394572359037222441624334030228054568398520086707", "price": "0.91", "size": "0", "side": "SELL", "hash": "246b9dda5b8adae631b0786718945c40a5d0135d", "best_bid": "0.78", "best_ask": "0.8"}], "timestamp": "1769384021291", "event_type": "price_change"}}
{"_local_timestamp": "2026-01-25T23:33:41.683592+00:00", "data": {"market": "0x1512828f4c735012fde09e2424f033bd2cd128a1a84e7aa7769440b66a1dd7c5", "price_changes": [{"asset_id": "59446984750383689166016671329084781990333496644061769271895177118630247823357", "price": "0.08", "size": "7.03", "side": "BUY", "hash": "e94e39ebe164ba9ea132b4a412c3127ff600e051", "best_bid": "0.2", "best_ask": "0.22"}, {"asset_id": "36050353753599194454464623080394572359037222441624334030228054568398520086707", "price": "0.92", "size": "7.03", "side": "SELL", "hash": "ae31fbb0e55da5cc194a5c3b9600f0a8d4b45824", "best_bid": "0.78", "best_ask": "0.8"}], "timestamp": "1769384021604", "event_type": "price_change"}}
