{"_local_timestamp": "2026-01-25T23:33:47.728263+00:00", "data": [{"market": "0xe795e57fe247a42e1e12bf543e6cd8bc859c850ab8194da6367e080fa15f5e2b", "asset_id": "31260073556549719907940303890772417132424463013348530738684185382740494478179", "timestamp": "1769384020536", "hash": "a8566bbf84df993fb873d3c415aab900b7460d28", "bids": [{"price": "0.01", "size": "217914.27"}, {"price": "0.02", "size": "15550"}, {"price": "0.03", "size": "3300"}, {"price": "0.04", "size": "1406.5"}, {"price": "0.05", "size": "30"}, {"price": "0.06", "size": "33"}, {"price": "0.09", "size": "600"}, {"price": "0.1", "size": "1100"}, {"price": "0.11", "size": "5.42"}, {"price": "0.12", "size": "250"}, {"price": "0.14", "size": "242.85"}, {"price": "0.15", "size": "900"}, {"price": "0.19", "size": "168.42"}, {"price": "0.2", "size": "400"}, {"price": "0.23", "size": "844"}, {"price": "0.24", "size": "166.66"}, {"price": "0.25", "size": "1680"}, {"price": "0.29", "size": "139.65"}, {"price": "0.3", "size": "150"}, {"price": "0.31", "size": "6"}, {"price": "0.33", "size": "72.72"}, {"price": "0.34", "size": "50"}, {"price": "0.38", "size": "52.63"}, {"price": "0.42", "size": "100"}, {"price": "0.43", "size": "1454"}, {"price": "0.58", "size": "20"}, {"price": "0.65", "size": "2000"}, {"price": "0.7", "size": "2000"}, {"price": "0.75", "size": "1000"}, {"price": "0.78", "size": "1000"}, {"price": "0.83", "size": "667.51"}, {"price": "0.84", "size": "200"}, {"price": "0.86", "size": "1200"}, {"price": "0.87", "size": "1200"}, {"price": "0.88", "size": "93.99"}, {"price": "0.91", "size": "1984.64"}, {"price": "0.92", "size": "2123.98"}, {"price": "0.93", "size": "1922.74"}], "asks": [{"price": "0.99", "size": "3798.22"}, {"price": "0.98", "size": "8805.92"}, {"price": "0.97", "size": "4844.76"}, {"price": "0.96", "size": "13393.17"}, {"price": "0.95", "size": "2907.28"}], "event_type": "book", "last_trade_price": "0.070"}, {"market": "0xe795e57fe247a42e1e12bf543e6cd8bc859c850ab8194da6367e080fa15f5e2b", "asset_id": "114143714835817004405322951687047931992375263404513020346895463338490363953967", "timestamp": "1769384020536", "hash": "33dacbc888620ea303cd4c5c389ff7c31c8ab4ed", "bids": [{"price": "0.01", "size": "3798.22"}, {"price": "0.02", "size": "8805.92"}, {"price": "0.03", "size": "4844.76"}, {"price": "0.04", "size": "13393.17"}, {"price": "0.05", "size": "2907.28"}], "asks": [{"price": "0.99", "size": "217914.27"}, {"price": "0.98", "size": "15550"}, {"price": "0.97", "size": "3300"}, {"price": "0.96", "size": "1406.5"}, {"price": "0.95", "size": "30"}, {"price": "0.94", "size": "33"}, {"price": "0.91", "size": "600"}, {"price": "0.9", "size": "1100"}, {"price": "0.89", "size": "5.42"}, {"price": "0.88", "size": "250"}, {"price": "0.86", "size": "242.85"}, {"price": "0.85", "size": "900"}, {"price": "0.81", "size": "168.42"}, {"price": "0.8", "size": "400"}, {"price": "0.77", "size": "844"}, {"price": "0.76", "size": "166.66"}, {"price": "0.75", "size": "1680"}, {"price": "0.71", "size": "139.65"}, {"price": "0.7", "size": "150"}, {"price": "0.69", "size": "6"}, {"price": "0.67", "size": "72.72"}, {"price": "0.66", "size": "50"}, {"price": "0.62", "size": "52.63"}, {"price": "0.58", "size": "100"}, {"price": "0.57", "size": "1454"}, {"price": "0.42", "size": "20"}, {"price": "0.35", "size": "2000"}, {"price": "0.3", "size": "2000"}, {"price": "0.25", "size": "1000"}, {"price": "0.22", "size": "1000"}, {"price": "0.17", "size": "667.51"}, {"price": "0.16", "size": "200"}, {"price": "0.14", "size": "1200"}, {"price": "0.13", "size": "1200"}, {"price": "0.12", "size": "93.99"}, {"price": "0.09", "size": "1984.64"}, {"price": "0.08", "size": "2123.98"}, {"price": "0.07", "size": "1922.74"}], "event_type": "book", "last_trade_price": "0.070"}]}
{"_local_timestamp": "2026-01-25T23:34:04.651691+00:00", "data": {"market": "0xe795e57fe247a42e1e12bf543e6cd8bc859c850ab8194da6367e080fa15f5e2b", "price_changes": [{"asset_id": "31260073556549719907940303890772417132424463013348530738684185382740494478179", "price": "0.23", "size": "744", "side": "BUY", "hash": "cc186346a60c1d958d70ca9f77802881165ac981", "best_bid": "0.93", "best_ask": "0.95"}, {"asset_id": "114143714835817004405322951687047931992375263404513020346895463338490363953967", "price": "0.77", "size": "744", "side": "SELL", "hash": "7bfe97602dd727336f0005e2f4e3f1edca05d003", "best_bid": "0.05", "best_ask": "0.07"}], "timestamp": "1769384044570", "event_type": "price_change"}}
{"_local_timestamp": "2026-01-25T23:34:05.074380+00:00", "data": {"market": "0xe795e57fe247a42e1e12bf543e6cd8bc859c850ab8194da6367e080fa15f5e2b", "price_changes": [{"asset_id": "31260073556549719907940303890772417132424463013348530738684185382740494478179", "price": "0.25", "size": "1780", "side": "BUY", "hash": "b71fad7a28d740cbe1bc3a89bbbdd8c9d8deb1d2", "best_bid": "0.93", "best_ask": "0.95"}, {"asset_id": "114143714835817004405322951687047931992375263404513020346895463338490363953967", "price": "0.75", "size": "1780", "side": "SELL", "hash": "2ae6a017d51535dea8f440c7b37914f6cbbfd7be", "best_bid": "0.05", "best_ask": "0.07"}], "timestamp": "1769384044913", "event_type": "price_change"}}
{"_local_timestamp": "2026-01-25T23:34:27.653908+00:00", "data": {"market": "0xe795e57fe247a42e1e12bf543e6cd8bc859c850ab8194da6367e080fa15f5e2b", "price_changes": [{"asset_id": "31260073556549719907940303890772417132424463013348530738684185382740494478179", "price": "0.3", "size": "50", "side": "BUY", "hash": "cdd4eca6b53a41b4bc9ed090e2cb850b2b2962de", "best_bid": "0.93", "best_ask": "0.95"}, {"asset_id": "114143714835817004405322951687047931992375263404513020346895463338490363953967", "price": "0.7", "size": "50", "side": "SELL", "hash": "b963f122b0a66ff3132edf22ef9a7d1d203d0230", "best_bid": "0.05", "best_ask": "0.07"}], "timestamp": "1769384067562", "event_type": "price_change"}}
{"_local_timestamp": "2026-01-25T23:34:28.316864+00:00", "data": {"market": "0xe795e57fe247a42e1e12bf543e6cd8bc859c850ab8194da6367e080fa15f5e2b", "price_changes": [{"asset_id": "31260073556549719907940303890772417132424463013348530738684185382740494478179", "price": "0.24", "size": "266.66", "side": "BUY", "hash": "f1ce6d2d317e4a340adafcd16531422d117b3aeb", "best_bid": "0.93", "best_ask": "0.95"}, {"asset_id": "114143714835817004405322951687047931992375263404513020346895463338490363953967", "price": "0.76", "size": "266.66", "side": "SELL", "hash": "3ef625e1aeb875e80f82c38e9465e3b69ee36609", "best_bid": "0.05", "best_ask": "0.07"}], "timestamp": "1769384068091", "event_type": "price_change"}}
{"_local_timestamp": "2026-01-25T23:34:31.657243+00:00", "data": {"market": "0xe795e57fe247a42e1e12bf543e6cd8bc859c850ab8194da6367e080fa15f5e2b", "price_changes": [{"asset_id": "114143714835817004405322951687047931992375263404513020346895463338490363953967", "price": "0.02", "size": "8788.41", "side": "BUY", "hash": "c1fdfd1ebc9901f1075a123df04669a6ed131f58", "best_bid": "0.05", "best_ask": "0.07"}, {"asset_id": "31260073556549719907940303890772417132424463013348530738684185382740494478179", "price": "0.98", "size": "8788.41", "side": "SELL", "hash": "2d8d26969be0ab01c55672077b9c522a5825fbff", "best_bid": "0.93", "best_ask": "0.95"}], "timestamp": "1769384071573", "event_type": "price_change"}}
{"_local_timestamp": "2026-01-25T23:34:31.676890+00:00", "data": {"market": "0xe795e57fe247a42e1e12bf543e6cd8bc859c850ab8194da6367e080fa15f5e2b", "price_changes": [{"asset_id": "114143714835817004405322951687047931992375263404513020346895463338490363953967", "price": "0.03", "size": "4833.66", "side": "BUY", "hash": "c1fdfd1ebc9901f1075a123df04669a6ed131f58", "best_bid": "0.05", "best_ask": "0.07"}, {"asset_id": "31260073556549719907940303890772417132424463013348530738684185382740494478179", "price": "0.97", "size": "4833.66", "side": "SELL", "hash": "2d8d26969be0ab01c55672077b9c522a5825fbff", "best_bid": "0.93", "best_ask": "0.95"}], "timestamp": "1769384071573", "event_type": "price_change"}}
{"_local_timestamp": "2026-01-25T23:34:31.677359+00:00", "data": {"market": "0xe795e57fe247a42e1e12bf543e6cd8bc859c850ab8194da6367e080fa15f5e2b", "price_changes": [{"asset_id": "114143714835817004405322951687047931992375263404513020346895463338490363953967", "price": "0.04", "size": "13385.26", "side": "BUY", "hash": "c1fdfd1ebc9901f1075a123df04669a6ed131f58", "best_bid": "0.05", "best_ask": "0.07"}, {"asset_id": "31260073556549719907940303890772417132424463013348530738684185382740494478179", "price": "0.96", "size": "13385.26", "side": "SELL", "hash": "2d8d26969be0ab01c55672077b9c522a5825fbff", "best_bid": "0.93", "best_ask": "0.95"}], "timestamp": "1769384071573", "event_type": "price_change"}}
{"_local_timestamp": "2026-01-25T23:34:33.187565+00:00", "data": {"market": "0xe795e57fe247a42e1e12bf543e6cd8bc859c850ab8194da6367e080fa15f5e2b", "price_changes": [{"asset_id": "114143714835817004405322951687047931992375263404513020346895463338490363953967", "price": "0.04", "size": "13393.17", "side": "BUY", "hash": "53b82eb5805d2fdf39bc41bbe00ccfd23ef0001f", "best_bid": "0.05", "best_ask": "0.07"}, {"asset_id": "31260073556549719907940303890772417132424463013348530738684185382740494478179", "price": "0.96", "size": "13393.17", "side": "SELL", "hash": "5fc9540cfdc2a03fc23377708f161be6c25af1ae", "best_bid": "0.93", "best_ask": "0.95"}], "timestamp": "1769384073121", "event_type": "price_change"}}
{"_local_timestamp": "2026-01-25T23:34:33.195694+00:00", "data": {"market": "0xe795e57fe247a42e1e12bf543e6cd8bc859c850ab8194da6367e080fa15f5e2b", "price_changes": [{"asset_id": "114143714835817004405322951687047931992375263404513020346895463338490363953967", "price": "0.03", "size": "4844.76", "side": "BUY", "hash": "fc8d6054af76a3ab1084095a5160765a8d016c5e", "best_bid": "0.05", "best_ask": "0.07"}, {"asset_id": "31260073556549719907940303890772417132424463013348530738684185382740494478179", "price": "0.97", "size": "4844.76", "side": "SELL", "hash": "cb768bf7720573aab70ba848f2a34ece5e3708d7", "best_bid": "0.93", "best_ask": "0.95"}], "timestamp": "1769384073126", "event_type": "price_change"}}
{"_local_timestamp": "2026-01-25T23:34:33.196106+00:00", "data": {"market": "0xe795e57fe247a42e1e12bf543e6cd8bc859c850ab8194da6367e080fa15f5e2b", "price_changes": [{"asset_id": "114143714835817004405322951687047931992375263404513020346895463338490363953967", "price": "0.02", "size": "8805.92", "side": "BUY", "hash": "5a5b6fddfd8f7b1306066d1197c577a4847fff46", "best_bid": "0.05", "best_ask": "0.07"}, {"asset_id": "31260073556549719907940303890772417132424463013348530738684185382740494478179", "price": "0.98", "size": "8805.92", "side": "SELL", "hash": "6da85f3c75d94b5e16e803f448aa50d3cad2e6ee", "best_bid": "0.93", "best_ask": "0.95"}], "timestamp": "1769384073129", "event_type": "price_change"}}
{"_local_timestamp": "2026-01-25T23:34:43.615991+00:00", "data": {"market": "0xe795e57fe247a42e1e12bf543e6cd8bc859c850ab8194da6367e080fa15f5e2b", "price_changes": [{"asset_id": "31260073556549719907940303890772417132424463013348530738684185382740494478179", "price": "0.3", "size": "0", "side": "BUY", "hash": "a80f6e1a893e99e88fc5d913eed5a23c010ebb5e", "best_bid": "0.93", "best_ask": "0.95"}, {"asset_id": "114143714835817004405322951687047931992375263404513020346895463338490363953967", "price": "0.7", "size": "0", "side": "SELL", "hash": "78434e8145928e02e07649239d39f1e93eea6f66", "best_bid": "0.05", "best_ask": "0.07"}], "timestamp": "1769384083544", "event_type": "price_change"}}
{"_local_timestamp": "2026-01-25T23:34:43.888158+00:00", "data": {"market": "0xe795e57fe247a42e1e12bf543e6cd8bc859c850ab8194da6367e080fa15f5e2b", "price_changes": [{"asset_id": "31260073556549719907940303890772417132424463013348530738684185382740494478179", "price": "0.29", "size": "189.65", "side": "BUY", "hash": "8fa032eec92c45d2c9593b9bbd517ef6f9291cc4", "best_bid": "0.93", "best_ask": "0.95"}, {"asset_id": "114143714835817004405322951687047931992375263404513020346895463338490363953967", "price": "0.71", "size": "189.65", "side": "SELL", "hash": "8aa827bb1c14648b12d11f3a5d4a560456de1f15", "best_bid": "0.05", "best_ask": "0.07"}], "timestamp": "1769384083802", "event_type": "price_change"}}
