{"_local_timestamp": "2026-01-25T23:33:24.908073+00:00", "data": [{"market": "0x1512828f4c735012fde09e2424f033bd2cd128a1a84e7aa7769440b66a1dd7c5", "asset_id": "59446984750383689166016671329084781990333496644061769271895177118630247823357", "timestamp": "1769384004265", "hash": "a42a4462d59fb5e60c893459e5c0412aa86e7a39", "bids": [{"price": "0.01", "size": "1750"}, {"price": "0.02", "size": "1508.04"}, {"price": "0.03", "size": "2667"}, {"price": "0.04", "size": "6.92"}, {"price": "0.05", "size": "148"}, {"price": "0.07", "size": "6"}, {"price": "0.09", "size": "6.24"}, {"price": "0.12", "size": "6"}, {"price": "0.13", "size": "415.69"}, {"price": "0.14", "size": "78.57"}, {"price": "0.15", "size": "159"}, {"price": "0.18", "size": "780.2"}, {"price": "0.19", "size": "227"}, {"price": "0.2", "size": "235.75"}], "asks": [{"price": "0.99", "size": "7509.87"}, {"price": "0.98", "size": "5800"}, {"price": "0.97", "size": "508.06"}, {"price": "0.96", "size": "1250"}, {"price": "0.92", "size": "1150"}, {"price": "0.91", "size": "7.32"}, {"price": "0.88", "size": "283.33"}, {"price": "0.87", "size": "550"}, {"price": "0.84", "size": "200"}, {"price": "0.83", "size": "940"}, {"price": "0.8", "size": "1140"}, {"price": "0.78", "size": "1908"}, {"price": "0.76", "size": "408.33"}, {"price": "0.74", "size": "300"}, {"price": "0.73", "size": "50"}, {"price": "0.72", "size": "85.71"}, {"price": "0.71", "size": "6"}, {"price": "0.68", "size": "62.5"}, {"price": "0.66", "size": "125"}, {"price": "0.5", "size": "560"}, {"price": "0.49", "size": "31.44"}, {"price": "0.42", "size": "10"}, {"price": "0.4", "size": "17"}, {"price": "0.34", "size": "200"}, {"price": "0.33", "size": "241.56"}, {"price": "0.32", "size": "119.11"}, {"price": "0.31", "size": "21.94"}, {"price": "0.29", "size": "931.4"}, {"price": "0.27", "size": "30"}, {"price": "0.26", "size": "6"}, {"price": "0.24", "size": "481.99"}, {"price": "0.23", "size": "30"}, {"price": "0.22", "size": "7"}], "event_type": "book", "last_trade_price": "0.800"}, {"market": "0x1512828f4c735012fde09e2424f033bd2cd128a1a84e7aa7769440b66a1dd7c5", "asset_id": "36050353753599194454464623080394572359037222441624334030228054568398520086707", "timestamp": "1769384004265", "hash": "b7f4eaed45076c37304fad060879ce800b794441", "bids": [{"price": "0.01", "size": "7509.87"}, {"price": "0.02", "size": "5800"}, {"price": "0.03", "size": "508.06"}, {"price": "0.04", "size": "1250"}, {"price": "0.08", "size": "1150"}, {"price": "0.09", "size": "7.32"}, {"price": "0.12", "size": "283.33"}, {"price": "0.13", "size": "550"}, {"price": "0.16", "size": "200"}, {"price": "0.17", "size": "940"}, {"price": "0.2", "size": "1140"}, {"price": "0.22", "size": "1908"}, {"price": "0.24", "size": "408.33"}, {"price": "0.26", "size": "300"}, {"price": "0.27", "size": "50"}, {"price": "0.28", "size": "85.71"}, {"price": "0.29", "size": "6"}, {"price": "0.32", "size": "62.5"}, {"price": "0.34", "size": "125"}, {"price": "0.5", "size": "560"}, {"price": "0.51", "size": "31.44"}, {"price": "0.58", "size": "10"}, {"price": "0.6", "size": "17"}, {"price": "0.66", "size": "200"}, {"price": "0.67", "size": "241.56"}, {"price": "0.68", "size": "119.11"}, {"price": "0.69", "size": "21.94"}, {"price": "0.71", "size": "931.4"}, {"price": "0.73", "size": "30"}, {"price": "0.74", "size": "6"}, {"price": "0.76", "size": "481.99"}, {"price": "0.77", "size": "30"}, {"price": "0.78", "size": "7"}], "asks": [{"price": "0.99", "size": "1750"}, {"price": "0.98", "size": "1508.04"}, {"price": "0.97", "size": "2667"}, {"price": "0.96", "size": "6.92"}, {"price": "0.95", "size": "148"}, {"price": "0.93", "size": "6"}, {"price": "0.91", "size": "6.24"}, {"price": "0.88", "size": "6"}, {"price": "0.87", "size": "415.69"}, {"price": "0.86", "size": "78.57"}, {"price": "0.85", "size": "159"}, {"price": "0.82", "size": "780.2"}, {"price": "0.81", "size": "227"}, {"price": "0.8", "size": "235.75"}], "event_type": "book", "last_trade_price": "0.800"}]}
{"_local_timestamp": "2026-01-25T23:33:33.354926+00:00", "data": {"market": "0x1512828f4c735012fde09e2424f033bd2cd128a1a84e7aa7769440b66a1dd7c5", "price_changes": [{"asset_id": "36050353753599194454464623080394572359037222441624334030228054568398520086707", "price": "0.24", "size": "358.33", "side": "BUY", "hash": "d67dcf6fc9d519b74579ceadc0d338c9d0fd88cc", "best_bid": "0.78", "best_ask": "0.8"}, {"asset_id": "59446984750383689166016671329084781990333496644061769271895177118630247823357", "price": "0.76", "size": "358.33", "side": "SELL", "hash": "5a2d36fb7dc5f5b312b6297864f7f73282c39046", "best_bid": "0.2", "best_ask": "0.22"}], "timestamp": "1769384013154", "event_type": "price_change"}}
{"_local_timestamp": "2026-01-25T23:33:33.711515+00:00", "data": {"market": "0x1512828f4c735012fde09e2424f033bd2cd128a1a84e7aa7769440b66a1dd7c5", "price_changes": [{"asset_id": "36050353753599194454464623080394572359037222441624334030228054568398520086707", "price": "0.2", "size": "1190", "side": "BUY", "hash": "3bb92fb8d28f7968688bdc99b9ee7c92926683d2", "best_bid": "0.78", "best_ask": "0.8"}, {"asset_id": "59446984750383689166016671329084781990333496644061769271895177118630247823357", "price": "0.8", "size": "1190", "side": "SELL", "hash": "bab1d319046743f8296a17667d32428a1ddcb583", "best_bid": "0.2", "best_ask": "0.22"}], "timestamp": "1769384013546", "event_type": "price_change"}}
{"_local_timestamp": "2026-01-25T23:33:38.109091+00:00", "data": {"market": "0x1512828f4c735012fde09e2424f033bd2cd128a1a84e7aa7769440b66a1dd7c5", "price_changes": [{"asset_id": "36050353753599194454464623080394572359037222441624334030228054568398520086707", "price": "0.29", "size": "0", "side": "BUY", "hash": "d3a5bf38a67c063bc45c3f1fbe4cf2cb13668619", "best_bid": "0.78", "best_ask": "0.8"}, {"asset_id": "59446984750383689166016671329084781990333496644061769271895177118630247823357", "price": "0.71", "size": "0", "side": "SELL", "hash": "b848f020e06eec286cfb48b25714bf8eda53be00", "best_bid": "0.2", "best_ask": "0.22"}], "timestamp": "1769384018030", "event_type": "price_change"}}
{"_local_timestamp": "2026-01-25T23:33:38.176006+00:00", "data": {"market": "0x1512828f4c735012fde09e2424f033bd2cd128a1a84e7aa7769440b66a1dd7c5", "price_changes": [{"asset_id": "36050353753599194454464623080394572359037222441624334030228054568398520086707", "price": "0.29", "size": "6", "side": "BUY", "hash": "bd111f7789365331df80516081c022c97066b1bd", "best_bid": "0.78", "best_ask": "0.8"}, {"asset_id": "59446984750383689166016671329084781990333496644061769271895177118630247823357", "price": "0.71", "size": "6", "side": "SELL", "hash": "f71f018e7ffef9300cf9b7838a214ab73d604e7c", "best_bid": "0.2", "best_ask": "0.22"}], "timestamp": "1769384018094", "event_type": "price_change"}}
{"_local_timestamp": "2026-01-25T23:33:40.284079+00:00", "data": {"market": "0x1512828f4c735012fde09e2424f033bd2cd128a1a84e7aa7769440b66a1dd7c5", "price_changes": [{"asset_id": "36050353753599194454464623080394572359037222441624334030228054568398520086707", "price": "0.24", "size": "308.33", "side": "BUY", "hash": "f1a163bf200a884506a48eaf81f1b68c1903649f", "best_bid": "0.78", "best_ask": "0.8"}, {"asset_id": "59446984750383689166016671329084781990333496644061769271895177118630247823357", "price": "0.76", "size": "308.33", "side": "SELL", "hash": "437cbaf35ae56d708b6c1dfc03e37ed7c3ad9932", "best_bid": "0.2", "best_ask": "0.22"}], "timestamp": "1769384020097", "event_type": "price_change"}}
{"_local_timestamp": "2026-01-25T23:33:40.760872+00:00", "data": {"market": "0x1512828f4c735012fde09e2424f033bd2cd128a1a84e7aa7769440b66a1dd7c5", "price_changes": [{"asset_id": "36050353753599194454464623080394572359037222441624334030228054568398520086707", "price": "0.21", "size": "50", "side": "BUY", "hash": "8213af1e3e09f43f7838ce32608b466fa6159a85", "best_bid": "0.78", "best_ask": "0.8"}, {"asset_id": "59446984750383689166016671329084781990333496644061769271895177118630247823357", "price": "0.79", "size": "50", "side": "SELL", "hash": "81bce6a95d62dec72eeb0d0b48a72a795892bb04", "best_bid": "0.2", "best_ask": "0.22"}], "timestamp": "1769384020552", "event_type": "price_change"}}
{"_local_timestamp": "2026-01-25T23:33:41.381870+00:00", "data": {"market": "0x1512828f4c735012fde09e2424f033bd2cd128a1a84e7aa7769440b66a1dd7c5", "price_changes": [{"asset_id": "59446984750383689166016671329084781990333496644061769271895177118630247823357", "price": "0.09", "size": "0", "side": "BUY", "hash": "97b67e1df3a9e947b0457615bb7da061f1c33348", "best_bid": "0.2", "best_ask": "0.22"}, {"asset_id": "36050353753599194454464623080394572359037222441624334030228054568398520086707", "price": "0.91", "size": "0", "side": "SELL", "hash": "246b9dda5b8adae631b0786718945c40a5d0135d", "best_bid": "0.78", "best_ask": "0.8"}], "timestamp": "1769384021291", "event_type": "price_change"}}
{"_local_timestamp": "2026-01-25T23:33:41.683592+00:00", "data": {"market": "0x1512828f4c735012fde09e2424f033bd2cd128a1a84e7aa7769440b66a1dd7c5", "price_changes": [{"asset_id": "59446984750383689166016671329084781990333496644061769271895177118630247823357", "price": "0.08", "size": "7.03", "side": "BUY", "hash": "e94e39ebe164ba9ea132b4a412c3127ff600e051", "best_bid": "0.2", "best_ask": "0.22"}, {"asset_id": "36050353753599194454464623080394572359037222441624334030228054568398520086707", "price": "0.92", "size": "7.03", "side": "SELL", "hash": "ae31fbb0e55da5cc194a5c3b9600f0a8d4b45824", "best_bid": "0.78", "best_ask": "0.8"}], "timestamp": "1769384021604", "event_type": "price_change"}}
{"_local_timestamp": "2026-01-25T23:34:04.788374+00:00", "data": {"market": "0x1512828f4c735012fde09e2424f033bd2cd128a1a84e7aa7769440b66a1dd7c5", "price_changes": [{"asset_id": "36050353753599194454464623080394572359037222441624334030228054568398520086707", "price": "0.24", "size": "208.33", "side": "BUY", "hash": "4af4a322e5de0f0ba59256b87e55f840c2f04402", "best_bid": "0.78", "best_ask": "0.8"}, {"asset_id": "59446984750383689166016671329084781990333496644061769271895177118630247823357", "price": "0.76", "size": "208.33", "side": "SELL", "hash": "596ef946d560827f982198bf8d27fd0a364323da", "best_bid": "0.2", "best_ask": "0.22"}], "timestamp": "1769384044567", "event_type": "price_change"}}
{"_local_timestamp": "2026-01-25T23:34:05.159806+00:00", "data": {"market": "0x1512828f4c735012fde09e2424f033bd2cd128a1a84e7aa7769440b66a1dd7c5", "price_changes": [{"asset_id": "36050353753599194454464623080394572359037222441624334030228054568398520086707", "price": "0.22", "size": "2008", "side": "BUY", "hash": "db03defe2d7f74896c2283f8f5d0d994689fc9ad", "best_bid": "0.78", "best_ask": "0.8"}, {"asset_id": "59446984750383689166016671329084781990333496644061769271895177118630247823357", "price": "0.78", "size": "2008", "side": "SELL", "hash": "d3cde89b9defdf5cc0572c1734f3a4aea43c1a94", "best_bid": "0.2", "best_ask": "0.22"}], "timestamp": "1769384044848", "event_type": "price_change"}}
{"_local_timestamp": "2026-01-25T23:34:28.003631+00:00", "data": {"market": "0x1512828f4c735012fde09e2424f033bd2cd128a1a84e7aa7769440b66a1dd7c5", "price_changes": [{"asset_id": "36050353753599194454464623080394572359037222441624334030228054568398520086707", "price": "0.24", "size": "108.33", "side": "BUY", "hash": "d2852c53fb0ade80edde6b4355f3233232f3726e", "best_bid": "0.78", "best_ask": "0.8"}, {"asset_id": "59446984750383689166016671329084781990333496644061769271895177118630247823357", "price": "0.76", "size": "108.33", "side": "SELL", "hash": "cee4b13357aa3e8a61659c3c34e747de0ad81b53", "best_bid": "0.2", "best_ask": "0.22"}], "timestamp": "1769384067610", "event_type": "price_change"}}
{"_local_timestamp": "2026-01-25T23:34:28.643722+00:00", "data": {"market": "0x1512828f4c735012fde09e2424f033bd2cd128a1a84e7aa7769440b66a1dd7c5", "price_changes": [{"asset_id": "36050353753599194454464623080394572359037222441624334030228054568398520086707", "price": "0.21", "size": "150", "side": "BUY", "hash": "2c7099478a902dd23b8f0303f006fe7904ae3c90", "best_bid": "0.78", "best_ask": "0.8"}, {"asset_id": "59446984750383689166016671329084781990333496644061769271895177118630247823357", "price": "0.79", "size": "150", "side": "SELL", "hash": "b599aebd684bbf932237623339f9dfe26e9672b4", "best_bid": "0.2", "best_ask": "0.22"}], "timestamp": "1769384068139", "event_type": "price_change"}}
{"_local_timestamp": "2026-01-25T23:34:33.881571+00:00", "data": {"market": "0x1512828f4c735012fde09e2424f033bd2cd128a1a84e7aa7769440b66a1dd7c5", "price_changes": [{"asset_id": "36050353753599194454464623080394572359037222441624334030228054568398520086707", "price": "0.76", "size": "332", "side": "BUY", "hash": "2163384e9330a733a29add16e826e0c0ee754b46", "best_bid": "0.78", "best_ask": "0.8"}, {"asset_id": "59446984750383689166016671329084781990333496644061769271895177118630247823357", "price": "0.24", "size": "332", "side": "SELL", "hash": "cf0fc2e2ed79f7ca8cd222d0883c8be11285ea4a", "best_bid": "0.2", "best_ask": "0.22"}], "timestamp": "1769384073639", "event_type": "price_change"}}
{"_local_timestamp": "2026-01-25T23:34:34.967365+00:00", "data": {"market": "0x1512828f4c735012fde09e2424f033bd2cd128a1a84e7aa7769440b66a1dd7c5", "price_changes": [{"asset_id": "36050353753599194454464623080394572359037222441624334030228054568398520086707", "price": "0.75", "size": "150", "side": "BUY", "hash": "1d297ee47c8e92724be7c3122d14503c732d568a", "best_bid": "0.78", "best_ask": "0.8"}, {"asset_id": "59446984750383689166016671329084781990333496644061769271895177118630247823357", "price": "0.25", "size": "150", "side": "SELL", "hash": "3788a2f89d4fc3a9f71855390d3f1ac770eb426a", "best_bid": "0.2", "best_ask": "0.22"}], "timestamp": "1769384074754", "event_type": "price_change"}}
{"_local_timestamp": "2026-01-25T23:34:35.129797+00:00", "data": {"market": "0x1512828f4c735012fde09e2424f033bd2cd128a1a84e7aa7769440b66a1dd7c5", "price_changes": [{"asset_id": "36050353753599194454464623080394572359037222441624334030228054568398520086707", "price": "0.76", "size": "282", "side": "BUY", "hash": "309cec3c42359cab1e1663ebc57d786442478a85", "best_bid": "0.78", "best_ask": "0.8"}, {"asset_id": "59446984750383689166016671329084781990333496644061769271895177118630247823357", "price": "0.24", "size": "282", "side": "SELL", "hash": "c086f95ab7ab10a25a62f87b72f689623566b194", "best_bid": "0.2", "best_ask": "0.22"}], "timestamp": "1769384074903", "event_type": "price_change"}}
{"_local_timestamp": "2026-01-25T23:34:35.130488+00:00", "data": {"market": "0x1512828f4c735012fde09e2424f033bd2cd128a1a84e7aa7769440b66a1dd7c5", "price_changes": [{"asset_id": "59446984750383689166016671329084781990333496644061769271895177118630247823357", "price": "0.19", "size": "177", "side": "BUY", "hash": "4f42f2136c68f50f8d801aa00f5408379477010e", "best_bid": "0.2", "best_ask": "0.22"}, {"asset_id": "36050353753599194454464623080394572359037222441624334030228054568398520086707", "price": "0.81", "size": "177", "side": "SELL", "hash": "fc87a6db06d8160f39ed806cc99513562224a0a4", "best_bid": "0.78", "best_ask": "0.8"}], "timestamp": "1769384074904", "event_type": "price_change"}}
{"_local_timestamp": "2026-01-25T23:34:35.354511+00:00", "data": {"market": "0x1512828f4c735012fde09e2424f033bd2cd128a1a84e7aa7769440b66a1dd7c5", "price_changes": [{"asset_id": "59446984750383689166016671329084781990333496644061769271895177118630247823357", "price": "0.19", "size": "227", "side": "BUY", "hash": "094e65e92c4cd11aede27fbbbcd80762281f78f2", "best_bid": "0.2", "best_ask": "0.22"}, {"asset_id": "36050353753599194454464623080394572359037222441624334030228054568398520086707", "price": "0.81", "size": "227", "side": "SELL", "hash": "e2718459b2855d4d7f41fe16faf8d956280b930b", "best_bid": "0.78", "best_ask": "0.8"}], "timestamp": "1769384075084", "event_type": "price_change"}}
{"_local_timestamp": "2026-01-25T23:34:35.355668+00:00", "data": {"market": "0x1512828f4c735012fde09e2424f033bd2cd128a1a84e7aa7769440b66a1dd7c5", "price_changes": [{"asset_id": "36050353753599194454464623080394572359037222441624334030228054568398520086707", "price": "0.75", "size": "200", "side": "BUY", "hash": "dfe31f0c01da70e79b05d4b5eeaec12f9c3e0a5e", "best_bid": "0.78", "best_ask": "0.8"}, {"asset_id": "59446984750383689166016671329084781990333496644061769271895177118630247823357", "price": "0.25", "size": "200", "side": "SELL", "hash": "ca1b6b45ee899880866ba05231d6c4c9d0d23956", "best_bid": "0.2", "best_ask": "0.22"}], "timestamp": "1769384075084", "event_type": "price_change"}}
{"_local_timestamp": "2026-01-25T23:34:37.481093+00:00", "data": {"market": "0x1512828f4c735012fde09e2424f033bd2cd128a1a84e7aa7769440b66a1dd7c5", "price_changes": [{"asset_id": "36050353753599194454464623080394572359037222441624334030228054568398520086707", "price": "0.68", "size": "19.11", "side": "BUY", "hash": "d5ef2f5be02fb9f6855d4de1cdc0b35e2df72045", "best_bid": "0.78", "best_ask": "0.8"}, {"asset_id": "59446984750383689166016671329084781990333496644061769271895177118630247823357", "price": "0.32", "size": "19.11", "side": "SELL", "hash": "d2c08a59d9bdb5f6e1bf3731986b0e85469bf7d4", "best_bid": "0.2", "best_ask": "0.22"}], "timestamp": "1769384077268", "event_type": "price_change"}}
{"_local_timestamp": "2026-01-25T23:34:38.100529+00:00", "data": {"market": "0x1512828f4c735012fde09e2424f033bd2cd128a1a84e7aa7769440b66a1dd7c5", "price_changes": [{"asset_id": "36050353753599194454464623080394572359037222441624334030228054568398520086707", "price": "0.77", "size": "130", "side": "BUY", "hash": "958f18b5094fe64aaa81a123c972cc11af96a5ee", "best_bid": "0.78", "best_ask": "0.8"}, {"asset_id": "59446984750383689166016671329084781990333496644061769271895177118630247823357", "price": "0.23", "size": "130", "side": "SELL", "hash": "1b24c144454aaec1433c1c76bb2d2751b6c25ead", "best_bid": "0.2", "best_ask": "0.22"}], "timestamp": "1769384078026", "event_type": "price_change"}}
{"_local_timestamp": "2026-01-25T23:34:38.549611+00:00", "data": {"market": "0x1512828f4c735012fde09e2424f033bd2cd128a1a84e7aa7769440b66a1dd7c5", "price_changes": [{"asset_id": "36050353753599194454464623080394572359037222441624334030228054568398520086707", "price": "0.75", "size": "150", "side": "BUY", "hash": "2010d40888e80829b185a7ad0d44f9ccdef00058", "best_bid": "0.78", "best_ask": "0.8"}, {"asset_id": "59446984750383689166016671329084781990333496644061769271895177118630247823357", "price": "0.25", "size": "150", "side": "SELL", "hash": "3a33188dbcc1d59b0eb5d73a1a8cacd7f104867c", "best_bid": "0.2", "best_ask": "0.22"}], "timestamp": "1769384078468", "event_type": "price_change"}}
{"_local_timestamp": "2026-01-25T23:34:38.550102+00:00", "data": {"market": "0x1512828f4c735012fde09e2424f033bd2cd128a1a84e7aa7769440b66a1dd7c5", "price_changes": [{"asset_id": "59446984750383689166016671329084781990333496644061769271895177118630247823357", "price": "0.19", "size": "177", "side": "BUY", "hash": "d8d34dff2435277de90b92ba4c0c855f74b6190a", "best_bid": "0.2", "best_ask": "0.22"}, {"asset_id": "36050353753599194454464623080394572359037222441624334030228054568398520086707", "price": "0.81", "size": "177", "side": "SELL", "hash": "aabbecd26635634fc0533916eae742b09287a0de", "best_bid": "0.78", "best_ask": "0.8"}], "timestamp": "1769384078469", "event_type": "price_change"}}
{"_local_timestamp": "2026-01-25T23:34:38.774229+00:00", "data": {"market": "0x1512828f4c735012fde09e2424f033bd2cd128a1a84e7aa7769440b66a1dd7c5", "price_changes": [{"asset_id": "36050353753599194454464623080394572359037222441624334030228054568398520086707", "price": "0.76", "size": "332", "side": "BUY", "hash": "37f0c6fb6322f0c662430e0900d5c13faec08ab4", "best_bid": "0.78", "best_ask": "0.8"}, {"asset_id": "59446984750383689166016671329084781990333496644061769271895177118630247823357", "price": "0.24", "size": "332", "side": "SELL", "hash": "5d684efa7171efe408be0a28d07ecfa44f426505", "best_bid": "0.2", "best_ask": "0.22"}], "timestamp": "1769384078701", "event_type": "price_change"}}
{"_local_timestamp": "2026-01-25T23:34:38.774667+00:00", "data": {"market": "0x1512828f4c735012fde09e2424f033bd2cd128a1a84e7aa7769440b66a1dd7c5", "price_changes": [{"asset_id": "59446984750383689166016671329084781990333496644061769271895177118630247823357", "price": "0.19", "size": "227", "side": "BUY", "hash": "3b4d170997cc6ecbd2fc1ab11353b578abf133ee", "best_bid": "0.2", "best_ask": "0.22"}, {"asset_id": "36050353753599194454464623080394572359037222441624334030228054568398520086707", "price": "0.81", "size": "227", "side": "SELL", "hash": "a7d43a23949a63a712bdfa63f6ad0def36d1dc50", "best_bid": "0.78", "best_ask": "0.8"}], "timestamp": "1769384078701", "event_type": "price_change"}}
{"_local_timestamp": "2026-01-25T23:34:41.357697+00:00", "data": {"market": "0x1512828f4c735012fde09e2424f033bd2cd128a1a84e7aa7769440b66a1dd7c5", "price_changes": [{"asset_id": "59446984750383689166016671329084781990333496644061769271895177118630247823357", "price": "0.08", "size": "0", "side": "BUY", "hash": "c50a5cbad7a6b0f6b691d376a709199f30c818b2", "best_bid": "0.2", "best_ask": "0.22"}, {"asset_id": "36050353753599194454464623080394572359037222441624334030228054568398520086707", "price": "0.92", "size": "0", "side": "SELL", "hash": "eb403f5188fd58ffcb35c3b24bfecdba14a10399", "best_bid": "0.78", "best_ask": "0.8"}], "timestamp": "1769384081287", "event_type": "price_change"}}
{"_local_timestamp": "2026-01-25T23:34:43.734636+00:00", "data": {"market": "0x1512828f4c735012fde09e2424f033bd2cd128a1a84e7aa7769440b66a1dd7c5", "price_changes": [{"asset_id": "59446984750383689166016671329084781990333496644061769271895177118630247823357", "price": "0.08", "size": "7.03", "side": "BUY", "hash": "41209ef2e4b5aaa5d9296e27c9adeb30d2636b7e", "best_bid": "0.2", "best_ask": "0.22"}, {"asset_id": "36050353753599194454464623080394572359037222441624334030228054568398520086707", "price": "0.92", "size": "7.03", "side": "SELL", "hash": "5a701afea23444272ebf87d8053b9c50880314e1", "best_bid": "0.78", "best_ask": "0.8"}], "timestamp": "1769384083662", "event_type": "price_change"}}
{"_local_timestamp": "2026-01-25T23:35:26.737570+00:00", "data": {"market": "0x1512828f4c735012fde09e2424f033bd2cd128a1a84e7aa7769440b66a1dd7c5", "price_changes": [{"asset_id": "36050353753599194454464623080394572359037222441624334030228054568398520086707", "price": "0.21", "size": "100", "side": "BUY", "hash": "f918a2ef4335ce5dedf55d5d2cdd763eb0865a26", "best_bid": "0.78", "best_ask": "0.8"}, {"asset_id": "59446984750383689166016671329084781990333496644061769271895177118630247823357", "price": "0.79", "size": "100", "side": "SELL", "hash": "c8312b5dd7851ab0d659314fb75afa11bcc8f991", "best_bid": "0.2", "best_ask": "0.22"}], "timestamp": "1769384126573", "event_type": "price_change"}}
{"_local_timestamp": "2026-01-25T23:35:27.049701+00:00", "data": {"market": "0x1512828f4c735012fde09e2424f033bd2cd128a1a84e7aa7769440b66a1dd7c5", "price_changes": [{"asset_id": "36050353753599194454464623080394572359037222441624334030228054568398520086707", "price": "0.22", "size": "2058", "side": "BUY", "hash": "a50e246cb32dc74d6647a9540adc14b5f3ab20fa", "best_bid": "0.78", "best_ask": "0.8"}, {"asset_id": "59446984750383689166016671329084781990333496644061769271895177118630247823357", "price": "0.78", "size": "2058", "side": "SELL", "hash": "480f61e82ed86ace48b37d71cc35dc496f2f234b", "best_bid": "0.2", "best_ask": "0.22"}], "timestamp": "1769384126882", "event_type": "price_change"}}
{"_local_timestamp": "2026-01-25T23:35:52.325076+00:00", "data": {"market": "0x1512828f4c735012fde09e2424f033bd2cd128a1a84e7aa7769440b66a1dd7c5", "price_changes": [{"asset_id": "36050353753599194454464623080394572359037222441624334030228054568398520086707", "price": "0.75", "size": "0", "side": "BUY", "hash": "149dadc379ee19c1175df506708d3374377d38d7", "best_bid": "0.78", "best_ask": "0.8"}, {"asset_id": "59446984750383689166016671329084781990333496644061769271895177118630247823357", "price": "0.25", "size": "0", "side": "SELL", "hash": "e1be08336aba739cf821333dea9ac859942f287b", "best_bid": "0.2", "best_ask": "0.22"}], "timestamp": "1769384152247", "event_type": "price_change"}}
{"_local_timestamp": "2026-01-25T23:35:54.022218+00:00", "data": {"market": "0x1512828f4c735012fde09e2424f033bd2cd128a1a84e7aa7769440b66a1dd7c5", "price_changes": [{"asset_id": "36050353753599194454464623080394572359037222441624334030228054568398520086707", "price": "0.76", "size": "481.99", "side": "BUY", "hash": "3c40700b2a2328bc7779fa1a9f0aea83fe72d344", "best_bid": "0.78", "best_ask": "0.8"}, {"asset_id": "59446984750383689166016671329084781990333496644061769271895177118630247823357", "price": "0.24", "size": "481.99", "side": "SELL", "hash": "ab0055746bb533c70713937db11bc8f88415a7fa", "best_bid": "0.2", "best_ask": "0.22"}], "timestamp": "1769384153948", "event_type": "price_change"}}
{"_local_timestamp": "2026-01-25T23:35:55.374039+00:00", "data": {"market": "0x1512828f4c735012fde09e2424f033bd2cd128a1a84e7aa7769440b66a1dd7c5", "price_changes": [{"asset_id": "36050353753599194454464623080394572359037222441624334030228054568398520086707", "price": "0.77", "size": "30", "side": "BUY", "hash": "a8cf217d038d47e02fa27b71a03cb164cd28e85e", "best_bid": "0.78", "best_ask": "0.8"}, {"asset_id": "59446984750383689166016671329084781990333496644061769271895177118630247823357", "price": "0.23", "size": "30", "side": "SELL", "hash": "2cc1fc267760fd271dd5862d53cf531db60e0d97", "best_bid": "0.2", "best_ask": "0.22"}], "timestamp": "1769384155306", "event_type": "price_change"}}
{"_local_timestamp": "2026-01-25T23:35:55.983356+00:00", "data": {"market": "0x1512828f4c735012fde09e2424f033bd2cd128a1a84e7aa7769440b66a1dd7c5", "price_changes": [{"asset_id": "36050353753599194454464623080394572359037222441624334030228054568398520086707", "price": "0.68", "size": "119.11", "side": "BUY", "hash": "72c9ce6d5c1f3b9da446434c05717da42071f30f", "best_bid": "0.78", "best_ask": "0.8"}, {"asset_id": "59446984750383689166016671329084781990333496644061769271895177118630247823357", "price": "0.32", "size": "119.11", "side": "SELL", "hash": "7f028d66ad893744069ee9b00f71c1afaf943ceb", "best_bid": "0.2", "best_ask": "0.22"}], "timestamp": "1769384155909", "event_type": "price_change"}}
{"_local_timestamp": "2026-01-25T23:35:56.445952+00:00", "data": {"market": "0x1512828f4c735012fde09e2424f033bd2cd128a1a84e7aa7769440b66a1dd7c5", "price_changes": [{"asset_id": "36050353753599194454464623080394572359037222441624334030228054568398520086707", "price": "0.2", "size": "1140", "side": "BUY", "hash": "53f16a2cbaa74b41fb7c172969e8be00554c9208", "best_bid": "0.78", "best_ask": "0.8"}, {"asset_id": "59446984750383689166016671329084781990333496644061769271895177118630247823357", "price": "0.8", "size": "1140", "side": "SELL", "hash": "258e5b813bb1e9404da92da2a1b7167b8e1c6a4c", "best_bid": "0.2", "best_ask": "0.22"}], "timestamp": "1769384156294", "event_type": "price_change"}}
{"_local_timestamp": "2026-01-25T23:35:56.854947+00:00", "data": {"market": "0x1512828f4c735012fde09e2424f033bd2cd128a1a84e7aa7769440b66a1dd7c5", "price_changes": [{"asset_id": "36050353753599194454464623080394572359037222441624334030228054568398520086707", "price": "0.22", "size": "2108", "side": "BUY", "hash": "f1ddbc9877719b5ffed99236f3af45cd3d67b0f2", "best_bid": "0.78", "best_ask": "0.8"}, {"asset_id": "59446984750383689166016671329084781990333496644061769271895177118630247823357", "price": "0.78", "size": "2108", "side": "SELL", "hash": "9d316a53d4a82db17b8731eee4659e578e98146e", "best_bid": "0.2", "best_ask": "0.22"}], "timestamp": "1769384156733", "event_type": "price_change"}}
{"_local_timestamp": "2026-01-25T23:36:55.170487+00:00", "data": {"market": "0x1512828f4c735012fde09e2424f033bd2cd128a1a84e7aa7769440b66a1dd7c5", "price_changes": [{"asset_id": "36050353753599194454464623080394572359037222441624334030228054568398520086707", "price": "0.21", "size": "0", "side": "BUY", "hash": "28285eb8a555260b407d46715a7822f75bef5e80", "best_bid": "0.78", "best_ask": "0.8"}, {"asset_id": "59446984750383689166016671329084781990333496644061769271895177118630247823357", "price": "0.79", "size": "0", "side": "SELL", "hash": "f6bb986eee4e109cdd67200c19b2aadd07cd479c", "best_bid": "0.2", "best_ask": "0.22"}], "timestamp": "1769384215024", "event_type": "price_change"}}
{"_local_timestamp": "2026-01-25T23:36:56.089531+00:00", "data": {"market": "0x1512828f4c735012fde09e2424f033bd2cd128a1a84e7aa7769440b66a1dd7c5", "price_changes": [{"asset_id": "36050353753599194454464623080394572359037222441624334030228054568398520086707", "price": "0.22", "size": "2208", "side": "BUY", "hash": "dfa1cb7db63df3afac207551f756b805a1e8f284", "best_bid": "0.78", "best_ask": "0.8"}, {"asset_id": "59446984750383689166016671329084781990333496644061769271895177118630247823357", "price": "0.78", "size": "2208", "side": "SELL", "hash": "736fb22b6f314c28be5a7a6d42ac9da798986b03", "best_bid": "0.2", "best_ask": "0.22"}], "timestamp": "1769384215692", "event_type": "price_change"}}
{"_local_timestamp": "2026-01-25T23:37:14.831946+00:00", "data": {"market": "0x1512828f4c735012fde09e2424f033bd2cd128a1a84e7aa7769440b66a1dd7c5", "price_changes": [{"asset_id": "36050353753599194454464623080394572359037222441624334030228054568398520086707", "price": "0.76", "size": "332", "side": "BUY", "hash": "f00bf199ac1f4aa2758059dd486fe7aa08c93481", "best_bid": "0.78", "best_ask": "0.8"}, {"asset_id": "59446984750383689166016671329084781990333496644061769271895177118630247823357", "price": "0.24", "size": "332", "side": "SELL", "hash": "5fc72db8f03a119af34850d5fcfcfd02451b1e2f", "best_bid": "0.2", "best_ask": "0.22"}], "timestamp": "1769384234754", "event_type": "price_change"}}
{"_local_timestamp": "2026-01-25T23:37:16.739875+00:00", "data": {"market": "0x1512828f4c735012fde09e2424f033bd2cd128a1a84e7aa7769440b66a1dd7c5", "price_changes": [{"asset_id": "36050353753599194454464623080394572359037222441624334030228054568398520086707", "price": "0.75", "size": "150", "side": "BUY", "hash": "acf574eb6e69a838a896a2c2ef3ebb786514fdd0", "best_bid": "0.78", "best_ask": "0.8"}, {"asset_id": "59446984750383689166016671329084781990333496644061769271895177118630247823357", "price": "0.25", "size": "150", "side": "SELL", "hash": "9714944889230005f2184fc67551bfd4f41cf1b1", "best_bid": "0.2", "best_ask": "0.22"}], "timestamp": "1769384236669", "event_type": "price_change"}}
{"_local_timestamp": "2026-01-25T23:37:16.862719+00:00", "data": {"market": "0x1512828f4c735012fde09e2424f033bd2cd128a1a84e7aa7769440b66a1dd7c5", "price_changes": [{"asset_id": "36050353753599194454464623080394572359037222441624334030228054568398520086707", "price": "0.76", "size": "282", "side": "BUY", "hash": "11402f0d9b8ed7e55e9267a6d44b505b6d01a51e", "best_bid": "0.78", "best_ask": "0.8"}, {"asset_id": "59446984750383689166016671329084781990333496644061769271895177118630247823357", "price": "0.24", "size": "282", "side": "SELL", "hash": "044936592b433fc1ddac66954efd460c1366bff8", "best_bid": "0.2", "best_ask": "0.22"}], "timestamp": "1769384236797", "event_type": "price_change"}}
{"_local_timestamp": "2026-01-25T23:37:16.863183+00:00", "data": {"market": "0x1512828f4c735012fde09e2424f033bd2cd128a1a84e7aa7769440b66a1dd7c5", "price_changes": [{"asset_id": "59446984750383689166016671329084781990333496644061769271895177118630247823357", "price": "0.19", "size": "177", "side": "BUY", "hash": "8ad3b939bc71d5b90c0c1c5f989f64bcaba9f02a", "best_bid": "0.2", "best_ask": "0.22"}, {"asset_id": "36050353753599194454464623080394572359037222441624334030228054568398520086707", "price": "0.81", "size": "177", "side": "SELL", "hash": "436db3e38169d9c91d7804cfe89092f54d159ed8", "best_bid": "0.78", "best_ask": "0.8"}], "timestamp": "1769384236798", "event_type": "price_change"}}
{"_local_timestamp": "2026-01-25T23:37:17.029510+00:00", "data": {"market": "0x1512828f4c735012fde09e2424f033bd2cd128a1a84e7aa7769440b66a1dd7c5", "price_changes": [{"asset_id": "36050353753599194454464623080394572359037222441624334030228054568398520086707", "price": "0.75", "size": "200", "side": "BUY", "hash": "db6281bc6814a43226b337290135829b50604687", "best_bid": "0.78", "best_ask": "0.8"}, {"asset_id": "59446984750383689166016671329084781990333496644061769271895177118630247823357", "price": "0.25", "size": "200", "side": "SELL", "hash": "96e4be0c655bbcec7f9c8a1e0f074259925a0ee7", "best_bid": "0.2", "best_ask": "0.22"}], "timestamp": "1769384236951", "event_type": "price_change"}}
{"_local_timestamp": "2026-01-25T23:37:17.029951+00:00", "data": {"market": "0x1512828f4c735012fde09e2424f033bd2cd128a1a84e7aa7769440b66a1dd7c5", "price_changes": [{"asset_id": "59446984750383689166016671329084781990333496644061769271895177118630247823357", "price": "0.19", "size": "227", "side": "BUY", "hash": "c178c56fe45e8115da167b4fc9e0aeaf55cd9c30", "best_bid": "0.2", "best_ask": "0.22"}, {"asset_id": "36050353753599194454464623080394572359037222441624334030228054568398520086707", "price": "0.81", "size": "227", "side": "SELL", "hash": "6674977a7af4ea683dd6ca4ef57e57651337c750", "best_bid": "0.78", "best_ask": "0.8"}], "timestamp": "1769384236952", "event_type": "price_change"}}
{"_local_timestamp": "2026-01-25T23:37:17.365947+00:00", "data": {"market": "0x1512828f4c735012fde09e2424f033bd2cd128a1a84e7aa7769440b66a1dd7c5", "price_changes": [{"asset_id": "36050353753599194454464623080394572359037222441624334030228054568398520086707", "price": "0.68", "size": "19.11", "side": "BUY", "hash": "748cace866c74829867b7b4e7330637745daf5da", "best_bid": "0.78", "best_ask": "0.8"}, {"asset_id": "59446984750383689166016671329084781990333496644061769271895177118630247823357", "price": "0.32", "size": "19.11", "side": "SELL", "hash": "e9e42edf2c982ae3559bcdcf9a766a4b1d926111", "best_bid": "0.2", "best_ask": "0.22"}], "timestamp": "1769384237294", "event_type": "price_change"}}
{"_local_timestamp": "2026-01-25T23:37:18.069586+00:00", "data": {"market": "0x1512828f4c735012fde09e2424f033bd2cd128a1a84e7aa7769440b66a1dd7c5", "price_changes": [{"asset_id": "36050353753599194454464623080394572359037222441624334030228054568398520086707", "price": "0.77", "size": "130", "side": "BUY", "hash": "ea3e330e201ca6c126222e0049bf73a14febb832", "best_bid": "0.78", "best_ask": "0.8"}, {"asset_id": "59446984750383689166016671329084781990333496644061769271895177118630247823357", "price": "0.23", "size": "130", "side": "SELL", "hash": "b5482858d57bba1b4f0f9c609ee9fa75d509abb3", "best_bid": "0.2", "best_ask": "0.22"}], "timestamp": "1769384237989", "event_type": "price_change"}}
{"_local_timestamp": "2026-01-25T23:37:18.750651+00:00", "data": {"market": "0x1512828f4c735012fde09e2424f033bd2cd128a1a84e7aa7769440b66a1dd7c5", "price_changes": [{"asset_id": "59446984750383689166016671329084781990333496644061769271895177118630247823357", "price": "0.19", "size": "177", "side": "BUY", "hash": "6981a7fa5c8e586f95525a046f01b00d87f6924e", "best_bid": "0.2", "best_ask": "0.22"}, {"asset_id": "36050353753599194454464623080394572359037222441624334030228054568398520086707", "price": "0.81", "size": "177", "side": "SELL", "hash": "48b507af333eef71171d215fbc9ad4bd0774696a", "best_bid": "0.78", "best_ask": "0.8"}], "timestamp": "1769384238675", "event_type": "price_change"}}
{"_local_timestamp": "2026-01-25T23:37:18.751169+00:00", "data": {"market": "0x1512828f4c735012fde09e2424f033bd2cd128a1a84e7aa7769440b66a1dd7c5", "price_changes": [{"asset_id": "36050353753599194454464623080394572359037222441624334030228054568398520086707", "price": "0.75", "size": "150", "side": "BUY", "hash": "5c6559d6d8a904f2730c5900b0381aa55891c1c5", "best_bid": "0.78", "best_ask": "0.8"}, {"asset_id": "59446984750383689166016671329084781990333496644061769271895177118630247823357", "price": "0.25", "size": "150", "side": "SELL", "hash": "6d5e9d171176961eb7ed608f4adaea115362d330", "best_bid": "0.2", "best_ask": "0.22"}], "timestamp": "1769384238675", "event_type": "price_change"}}
{"_local_timestamp": "2026-01-25T23:37:18.895925+00:00", "data": {"market": "0x1512828f4c735012fde09e2424f033bd2cd128a1a84e7aa7769440b66a1dd7c5", "price_changes": [{"asset_id": "36050353753599194454464623080394572359037222441624334030228054568398520086707", "price": "0.76", "size": "332", "side": "BUY", "hash": "7885b1657b1d8c4eb1aed0ba2ec3fd929207cf4a", "best_bid": "0.78", "best_ask": "0.8"}, {"asset_id": "59446984750383689166016671329084781990333496644061769271895177118630247823357", "price": "0.24", "size": "332", "side": "SELL", "hash": "deed076619e69d5eb3cd7d7d68c0b9231dc227f8", "best_bid": "0.2", "best_ask": "0.22"}], "timestamp": "1769384238828", "event_type": "price_change"}}
{"_local_timestamp": "2026-01-25T23:37:18.904944+00:00", "data": {"market": "0x1512828f4c735012fde09e2424f033bd2cd128a1a84e7aa7769440b66a1dd7c5", "price_changes": [{"asset_id": "59446984750383689166016671329084781990333496644061769271895177118630247823357", "price": "0.19", "size": "227", "side": "BUY", "hash": "a911ad5545b6fc93bd7640b9f0a27891a4639f97", "best_bid": "0.2", "best_ask": "0.22"}, {"asset_id": "36050353753599194454464623080394572359037222441624334030228054568398520086707", "price": "0.81", "size": "227", "side": "SELL", "hash": "22efe0e1d05823fe2767de2c77d94d99a2c48127", "best_bid": "0.78", "best_ask": "0.8"}], "timestamp": "1769384238828", "event_type": "price_change"}}
