{"_local_timestamp": "2026-01-25T23:41:14.989968+00:00", "data": [{"market": "0xd63994beb77dc627524e6cb6b51425afec6afcfeb65d27a922f44c865d815d61", "asset_id": "31210989381377527233822093112702676011124608758521323677672469255491991115836", "timestamp": "1769384474531", "hash": "08c8c28f7e46afab38e67ed6f6e8c2cffe3f10d8", "bids": [{"price": "0.01", "size": "1230"}, {"price": "0.02", "size": "16.8"}, {"price": "0.04", "size": "100"}, {"price": "0.05", "size": "540"}, {"price": "0.06", "size": "66"}, {"price": "0.08", "size": "1000"}, {"price": "0.09", "size": "111.11"}, {"price": "0.1", "size": "6.63"}, {"price": "0.13", "size": "478"}, {"price": "0.2", "size": "450"}, {"price": "0.21", "size": "95"}, {"price": "0.23", "size": "250"}, {"price": "0.24", "size": "50"}, {"price": "0.25", "size": "110"}, {"price": "0.35", "size": "100"}, {"price": "0.4", "size": "175"}, {"price": "0.51", "size": "35.69"}, {"price": "0.58", "size": "102.85"}, {"price": "0.74", "size": "400"}, {"price": "0.77", "size": "16.88"}, {"price": "0.78", "size": "34.1"}, {"price": "0.8", "size": "166"}, {"price": "0.81", "size": "300"}, {"price": "0.82", "size": "210"}, {"price": "0.83", "size": "320"}, {"price": "0.84", "size": "1412.68"}, {"price": "0.85", "size": "538.33"}], "asks": [{"price": "0.99", "size": "130"}, {"price": "0.98", "size": "70.76"}, {"price": "0.97", "size": "13.58"}, {"price": "0.96", "size": "100"}, {"price": "0.95", "size": "100"}, {"price": "0.94", "size": "91.66"}, {"price": "0.93", "size": "192.52"}, {"price": "0.91", "size": "109.88"}, {"price": "0.9", "size": "100"}, {"price": "0.89", "size": "1760"}, {"price": "0.88", "size": "133"}, {"price": "0.86", "size": "60.4"}], "event_type": "book", "last_trade_price": "0.140"}, {"market": "0xd63994beb77dc627524e6cb6b51425afec6afcfeb65d27a922f44c865d815d61", "asset_id": "80023191424398085776326475622884838261409611016353588037949180982279268815667", "timestamp": "1769384474531", "hash": "bb11fe42c6ff9c6e531d81ee645fe528a4880948", "bids": [{"price": "0.01", "size": "130"}, {"price": "0.02", "size": "70.76"}, {"price": "0.03", "size": "13.58"}, {"price": "0.04", "size": "100"}, {"price": "0.05", "size": "100"}, {"price": "0.06", "size": "91.66"}, {"price": "0.07", "size": "192.52"}, {"price": "0.09", "size": "109.88"}, {"price": "0.1", "size": "100"}, {"price": "0.11", "size": "1760"}, {"price": "0.12", "size": "133"}, {"price": "0.14", "size": "60.4"}], "asks": [{"price": "0.99", "size": "1230"}, {"price": "0.98", "size": "16.8"}, {"price": "0.96", "size": "100"}, {"price": "0.95", "size": "540"}, {"price": "0.94", "size": "66"}, {"price": "0.92", "size": "1000"}, {"price": "0.91", "size": "111.11"}, {"price": "0.9", "size": "6.63"}, {"price": "0.87", "size": "478"}, {"price": "0.8", "size": "450"}, {"price": "0.79", "size": "95"}, {"price": "0.77", "size": "250"}, {"price": "0.76", "size": "50"}, {"price": "0.75", "size": "110"}, {"price": "0.65", "size": "100"}, {"price": "0.6", "size": "175"}, {"price": "0.49", "size": "35.69"}, {"price": "0.42", "size": "102.85"}, {"price": "0.26", "size": "400"}, {"price": "0.23", "size": "16.88"}, {"price": "0.22", "size": "34.1"}, {"price": "0.2", "size": "166"}, {"price": "0.19", "size": "300"}, {"price": "0.18", "size": "210"}, {"price": "0.17", "size": "320"}, {"price": "0.16", "size": "1412.68"}, {"price": "0.15", "size": "538.33"}], "event_type": "book", "last_trade_price": "0.140"}]}
{"_local_timestamp": "2026-01-25T23:41:54.892650+00:00", "data": {"market": "0xd63994beb77dc627524e6cb6b51425afec6afcfeb65d27a922f44c865d815d61", "price_changes": [{"asset_id": "31210989381377527233822093112702676011124608758521323677672469255491991115836", "price": "0.24", "size": "1798", "side": "BUY", "hash": "d495f6b2975519212236290822da4478793aea14", "best_bid": "0.85", "best_ask": "0.86"}, {"asset_id": "80023191424398085776326475622884838261409611016353588037949180982279268815667", "price": "0.76", "size": "1798", "side": "SELL", "hash": "a18b54193286ab86278b24fdbcc6e55a2a62dfe8", "best_bid": "0.14", "best_ask": "0.15"}], "timestamp": "1769384514765", "event_type": "price_change"}}
{"_local_timestamp": "2026-01-25T23:42:24.613627+00:00", "data": {"market": "0xd63994beb77dc627524e6cb6b51425afec6afcfeb65d27a922f44c865d815d61", "price_changes": [{"asset_id": "31210989381377527233822093112702676011124608758521323677672469255491991115836", "price": "0.24", "size": "1748", "side": "BUY", "hash": "a96a9ce66937feb5eb2cc52e40ccace2b990a59a", "best_bid": "0.85", "best_ask": "0.86"}, {"asset_id": "80023191424398085776326475622884838261409611016353588037949180982279268815667", "price": "0.76", "size": "1748", "side": "SELL", "hash": "334a3e54758c776104c46f65a413f2d7f7e5c5d7", "best_bid": "0.14", "best_ask": "0.15"}], "timestamp": "1769384544478", "event_type": "price_change"}}
{"_local_timestamp": "2026-01-25T23:42:25.046707+00:00", "data": {"market": "0xd63994beb77dc627524e6cb6b51425afec6afcfeb65d27a922f44c865d815d61", "price_changes": [{"asset_id": "31210989381377527233822093112702676011124608758521323677672469255491991115836", "price": "0.25", "size": "160", "side": "BUY", "hash": "f5afb23c1ff6426e094b8e7c3f21cf3cdacbdba6", "best_bid": "0.85", "best_ask": "0.86"}, {"asset_id": "80023191424398085776326475622884838261409611016353588037949180982279268815667", "price": "0.75", "size": "160", "side": "SELL", "hash": "fb1f12966a8490ae27628b97d9dbd90f0b35edef", "best_bid": "0.14", "best_ask": "0.15"}], "timestamp": "1769384544895", "event_type": "price_change"}}
{"_local_timestamp": "2026-01-25T23:44:08.586761+00:00", "data": {"market": "0xd63994beb77dc627524e6cb6b51425afec6afcfeb65d27a922f44c865d815d61", "price_changes": [{"asset_id": "31210989381377527233822093112702676011124608758521323677672469255491991115836", "price": "0.25", "size": "110", "side": "BUY", "hash": "0906d54c71eb18375facdf39405500a8ed74901e", "best_bid": "0.85", "best_ask": "0.86"}, {"asset_id": "80023191424398085776326475622884838261409611016353588037949180982279268815667", "price": "0.75", "size": "110", "side": "SELL", "hash": "a90e34aa39ba6ee7877c46da162ea5f66cbc56a2", "best_bid": "0.14", "best_ask": "0.15"}], "timestamp": "1769384648355", "event_type": "price_change"}}
{"_local_timestamp": "2026-01-25T23:44:09.067261+00:00", "data": {"market": "0xd63994beb77dc627524e6cb6b51425afec6afcfeb65d27a922f44c865d815d61", "price_changes": [{"asset_id": "31210989381377527233822093112702676011124608758521323677672469255491991115836", "price": "0.24", "size": "1798", "side": "BUY", "hash": "d6fd4ecc3d945b2b578b6bc4cb8fee91b60832f2", "best_bid": "0.85", "best_ask": "0.86"}, {"asset_id": "80023191424398085776326475622884838261409611016353588037949180982279268815667", "price": "0.76", "size": "1798", "side": "SELL", "hash": "94ded0b6cfb0379f4a7a069a1912c1aa27fd26e6", "best_bid": "0.14", "best_ask": "0.15"}], "timestamp": "1769384648754", "event_type": "price_change"}}
{"_local_timestamp": "2026-01-25T23:44:20.747531+00:00", "data": {"market": "0xd63994beb77dc627524e6cb6b51425afec6afcfeb65d27a922f44c865d815d61", "price_changes": [{"asset_id": "31210989381377527233822093112702676011124608758521323677672469255491991115836", "price": "0.25", "size": "10", "side": "BUY", "hash": "b02abd64d6284a5e779772ba80c45333c120c7a1", "best_bid": "0.85", "best_ask": "0.86"}, {"asset_id": "80023191424398085776326475622884838261409611016353588037949180982279268815667", "price": "0.75", "size": "10", "side": "SELL", "hash": "05172c9173dd371b08890ed280ae838fb455b4d3", "best_bid": "0.14", "best_ask": "0.15"}], "timestamp": "1769384660462", "event_type": "price_change"}}
{"_local_timestamp": "2026-01-25T23:44:21.498618+00:00", "data": {"market": "0xd63994beb77dc627524e6cb6b51425afec6afcfeb65d27a922f44c865d815d61", "price_changes": [{"asset_id": "31210989381377527233822093112702676011124608758521323677672469255491991115836", "price": "0.24", "size": "1898", "side": "BUY", "hash": "1da1d5805560ce42294164125bdaf033e7862274", "best_bid": "0.85", "best_ask": "0.86"}, {"asset_id": "80023191424398085776326475622884838261409611016353588037949180982279268815667", "price": "0.76", "size": "1898", "side": "SELL", "hash": "5137f2873cb3300749dc85b615a426399afa03ff", "best_bid": "0.14", "best_ask": "0.15"}], "timestamp": "1769384660849", "event_type": "price_change"}}
