{"_local_timestamp": "2026-01-25T23:41:14.989968+00:00", "data": [{"market": "0xd63994beb77dc627524e6cb6b51425afec6afcfeb65d27a922f44c865d815d61", "asset_id": "31210989381377527233822093112702676011124608758521323677672469255491991115836", "timestamp": "1769384474531", "hash": "08c8c28f7e46afab38e67ed6f6e8c2cffe3f10d8", "bids": [{"price": "0.01", "size": "1230"}, {"price": "0.02", "size": "16.8"}, {"price": "0.04", "size": "100"}, {"price": "0.05", "size": "540"}, {"price": "0.06", "size": "66"}, {"price": "0.08", "size": "1000"}, {"price": "0.09", "size": "111.11"}, {"price": "0.1", "size": "6.63"}, {"price": "0.13", "size": "478"}, {"price": "0.2", "size": "450"}, {"price": "0.21", "size": "95"}, {"price": "0.23", "size": "250"}, {"price": "0.24", "size": "50"}, {"price": "0.25", "size": "110"}, {"price": "0.35", "size": "100"}, {"price": "0.4", "size": "175"}, {"price": "0.51", "size": "35.69"}, {"price": "0.58", "size": "102.85"}, {"price": "0.74", "size": "400"}, {"price": "0.77", "size": "16.88"}, {"price": "0.78", "size": "34.1"}, {"price": "0.8", "size": "166"}, {"price": "0.81", "size": "300"}, {"price": "0.82", "size": "210"}, {"price": "0.83", "size": "320"}, {"price": "0.84", "size": "1412.68"}, {"price": "0.85", "size": "538.33"}], "asks": [{"price": "0.99", "size": "130"}, {"price": "0.98", "size": "70.76"}, {"price": "0.97", "size": "13.58"}, {"price": "0.96", "size": "100"}, {"price": "0.95", "size": "100"}, {"price": "0.94", "size": "91.66"}, {"price": "0.93", "size": "192.52"}, {"price": "0.91", "size": "109.88"}, {"price": "0.9", "size": "100"}, {"price": "0.89", "size": "1760"}, {"price": "0.88", "size": "133"}, {"price": "0.86", "size": "60.4"}], "event_type": "book", "last_trade_price": "0.140"}, {"market": "0xd63994beb77dc627524e6cb6b51425afec6afcfeb65d27a922f44c865d815d61", "asset_id": "80023191424398085776326475622884838261409611016353588037949180982279268815667", "timestamp": "1769384474531", "hash": "bb11fe42c6ff9c6e531d81ee645fe528a4880948", "bids": [{"price": "0.01", "size": "130"}, {"price": "0.02", "size": "70.76"}, {"price": "0.03", "size": "13.58"}, {"price": "0.04", "size": "100"}, {"price": "0.05", "size": "100"}, {"price": "0.06", "size": "91.66"}, {"price": "0.07", "size": "192.52"}, {"price": "0.09", "size": "109.88"}, {"price": "0.1", "size": "100"}, {"price": "0.11", "size": "1760"}, {"price": "0.12", "size": "133"}, {"price": "0.14", "size": "60.4"}], "asks": [{"price": "0.99", "size": "1230"}, {"price": "0.98", "size": "16.8"}, {"price": "0.96", "size": "100"}, {"price": "0.95", "size": "540"}, {"price": "0.94", "size": "66"}, {"price": "0.92", "size": "1000"}, {"price": "0.91", "size": "111.11"}, {"price": "0.9", "size": "6.63"}, {"price": "0.87", "size": "478"}, {"price": "0.8", "size": "450"}, {"price": "0.79", "size": "95"}, {"price": "0.77", "size": "250"}, {"price": "0.76", "size": "50"}, {"price": "0.75", "size": "110"}, {"price": "0.65", "size": "100"}, {"price": "0.6", "size": "175"}, {"price": "0.49", "size": "35.69"}, {"price": "0.42", "size": "102.85"}, {"price": "0.26", "size": "400"}, {"price": "0.23", "size": "16.88"}, {"price": "0.22", "size": "34.1"}, {"price": "0.2", "size": "166"}, {"price": "0.19", "size": "300"}, {"price": "0.18", "size": "210"}, {"price": "0.17", "size": "320"}, {"price": "0.16", "size": "1412.68"}, {"price": "0.15", "size": "538.33"}], "event_type": "book", "last_trade_price": "0.140"}]}
{"_local_timestamp": "2026-01-25T23:41:54.892650+00:00", "data": {"market": "0xd63994beb77dc627524e6cb6b51425afec6afcfeb65d27a922f44c865d815d61", "price_changes": [{"asset_id": "31210989381377527233822093112702676011124608758521323677672469255491991115836", "price": "0.24", "size": "1798", "side": "BUY", "hash": "d495f6b2975519212236290822da4478793aea14", "best_bid": "0.85", "best_ask": "0.86"}, {"asset_id": "80023191424398085776326475622884838261409611016353588037949180982279268815667", "price": "0.76", "size": "1798", "side": "SELL", "hash": "a18b54193286ab86278b24fdbcc6e55a2a62dfe8", "best_bid": "0.14", "best_ask": "0.15"}], "timestamp": "1769384514765", "event_type": "price_change"}}
{"_local_timestamp": "2026-01-25T23:42:24.613627+00:00", "data": {"market": "0xd63994beb77dc627524e6cb6b51425afec6afcfeb65d27a922f44c865d815d61", "price_changes": [{"asset_id": "31210989381377527233822093112702676011124608758521323677672469255491991115836", "price": "0.24", "size": "1748", "side": "BUY", "hash": "a96a9ce66937feb5eb2cc52e40ccace2b990a59a", "best_bid": "0.85", "best_ask": "0.86"}, {"asset_id": "80023191424398085776326475622884838261409611016353588037949180982279268815667", "price": "0.76", "size": "1748", "side": "SELL", "hash": "334a3e54758c776104c46f65a413f2d7f7e5c5d7", "best_bid": "0.14", "best_ask": "0.15"}], "timestamp": "1769384544478", "event_type": "price_change"}}
{"_local_timestamp": "2026-01-25T23:42:25.046707+00:00", "data": {"market": "0xd63994beb77dc627524e6cb6b51425afec6afcfeb65d27a922f44c865d815d61", "price_changes": [{"asset_id": "31210989381377527233822093112702676011124608758521323677672469255491991115836", "price": "0.25", "size": "160", "side": "BUY", "hash": "f5afb23c1ff6426e094b8e7c3f21cf3cdacbdba6", "best_bid": "0.85", "best_ask": "0.86"}, {"asset_id": "80023191424398085776326475622884838261409611016353588037949180982279268815667", "price": "0.75", "size": "160", "side": "SELL", "hash": "fb1f12966a8490ae27628b97d9dbd90f0b35edef", "best_bid": "0.14", "best_ask": "0.15"}], "timestamp": "1769384544895", "event_type": "price_change"}}
{"_local_timestamp": "2026-01-25T23:44:08.586761+00:00", "data": {"market": "0xd63994beb77dc627524e6cb6b51425afec6afcfeb65d27a922f44c865d815d61", "price_changes": [{"asset_id": "31210989381377527233822093112702676011124608758521323677672469255491991115836", "price": "0.25", "size": "110", "side": "BUY", "hash": "0906d54c71eb18375facdf39405500a8ed74901e", "best_bid": "0.85", "best_ask": "0.86"}, {"asset_id": "80023191424398085776326475622884838261409611016353588037949180982279268815667", "price": "0.75", "size": "110", "side": "SELL", "hash": "a90e34aa39ba6ee7877c46da162ea5f66cbc56a2", "best_bid": "0.14", "best_ask": "0.15"}], "timestamp": "1769384648355", "event_type": "price_change"}}
{"_local_timestamp": "2026-01-25T23:44:09.067261+00:00", "data": {"market": "0xd63994beb77dc627524e6cb6b51425afec6afcfeb65d27a922f44c865d815d61", "price_changes": [{"asset_id": "31210989381377527233822093112702676011124608758521323677672469255491991115836", "price": "0.24", "size": "1798", "side": "BUY", "hash": "d6fd4ecc3d945b2b578b6bc4cb8fee91b60832f2", "best_bid": "0.85", "best_ask": "0.86"}, {"asset_id": "80023191424398085776326475622884838261409611016353588037949180982279268815667", "price": "0.76", "size": "1798", "side": "SELL", "hash": "94ded0b6cfb0379f4a7a069a1912c1aa27fd26e6", "best_bid": "0.14", "best_ask": "0.15"}], "timestamp": "1769384648754", "event_type": "price_change"}}
{"_local_timestamp": "2026-01-25T23:44:20.747531+00:00", "data": {"market": "0xd63994beb77dc627524e6cb6b51425afec6afcfeb65d27a922f44c865d815d61", "price_changes": [{"asset_id": "31210989381377527233822093112702676011124608758521323677672469255491991115836", "price": "0.25", "size": "10", "side": "BUY", "hash": "b02abd64d6284a5e779772ba80c45333c120c7a1", "best_bid": "0.85", "best_ask": "0.86"}, {"asset_id": "80023191424398085776326475622884838261409611016353588037949180982279268815667", "price": "0.75", "size": "10", "side": "SELL", "hash": "05172c9173dd371b08890ed280ae838fb455b4d3", "best_bid": "0.14", "best_ask": "0.15"}], "timestamp": "1769384660462", "event_type": "price_change"}}
{"_local_timestamp": "2026-01-25T23:44:21.498618+00:00", "data": {"market": "0xd63994beb77dc627524e6cb6b51425afec6afcfeb65d27a922f44c865d815d61", "price_changes": [{"asset_id": "31210989381377527233822093112702676011124608758521323677672469255491991115836", "price": "0.24", "size": "1898", "side": "BUY", "hash": "1da1d5805560ce42294164125bdaf033e7862274", "best_bid": "0.85", "best_ask": "0.86"}, {"asset_id": "80023191424398085776326475622884838261409611016353588037949180982279268815667", "price": "0.76", "size": "1898", "side": "SELL", "hash": "5137f2873cb3300749dc85b615a426399afa03ff", "best_bid": "0.14", "best_ask": "0.15"}], "timestamp": "1769384660849", "event_type": "price_change"}}
{"_local_timestamp": "2026-01-25T23:44:32.664420+00:00", "data": {"market": "0xd63994beb77dc627524e6cb6b51425afec6afcfeb65d27a922f44c865d815d61", "price_changes": [{"asset_id": "31210989381377527233822093112702676011124608758521323677672469255491991115836", "price": "0.24", "size": "150", "side": "BUY", "hash": "44481241fa4234fdc8027fefec9462a8a418420e", "best_bid": "0.85", "best_ask": "0.86"}, {"asset_id": "80023191424398085776326475622884838261409611016353588037949180982279268815667", "price": "0.76", "size": "150", "side": "SELL", "hash": "00e18a0eafbf373c52aa855a5a4d778018e65260", "best_bid": "0.14", "best_ask": "0.15"}], "timestamp": "1769384672303", "event_type": "price_change"}}
{"_local_timestamp": "2026-01-25T23:45:23.918745+00:00", "data": {"market": "0xd63994beb77dc627524e6cb6b51425afec6afcfeb65d27a922f44c865d815d61", "price_changes": [{"asset_id": "31210989381377527233822093112702676011124608758521323677672469255491991115836", "price": "0.26", "size": "1614", "side": "BUY", "hash": "0f5af5236643475096c9d5dabaa47ea8c79f9df3", "best_bid": "0.85", "best_ask": "0.86"}, {"asset_id": "80023191424398085776326475622884838261409611016353588037949180982279268815667", "price": "0.74", "size": "1614", "side": "SELL", "hash": "a98fe7f61b9e047f51dbd16da44f97a471f2fbc7", "best_bid": "0.14", "best_ask": "0.15"}], "timestamp": "1769384723844", "event_type": "price_change"}}
{"_local_timestamp": "2026-01-25T23:46:10.545972+00:00", "data": {"market": "0xd63994beb77dc627524e6cb6b51425afec6afcfeb65d27a922f44c865d815d61", "price_changes": [{"asset_id": "31210989381377527233822093112702676011124608758521323677672469255491991115836", "price": "0.26", "size": "0", "side": "BUY", "hash": "b98c9886a010251282a6cf75b910c98f9f35ce9e", "best_bid": "0.85", "best_ask": "0.86"}, {"asset_id": "80023191424398085776326475622884838261409611016353588037949180982279268815667", "price": "0.74", "size": "0", "side": "SELL", "hash": "a5719d5331788faed94077e4f79b7ae5b19e4b8f", "best_bid": "0.14", "best_ask": "0.15"}], "timestamp": "1769384770460", "event_type": "price_change"}}
{"_local_timestamp": "2026-01-25T23:47:08.455115+00:00", "data": {"market": "0xd63994beb77dc627524e6cb6b51425afec6afcfeb65d27a922f44c865d815d61", "price_changes": [{"asset_id": "31210989381377527233822093112702676011124608758521323677672469255491991115836", "price": "0.25", "size": "1690", "side": "BUY", "hash": "8141d8f3c342c5e12db85a471534c068c881e6c0", "best_bid": "0.85", "best_ask": "0.86"}, {"asset_id": "80023191424398085776326475622884838261409611016353588037949180982279268815667", "price": "0.75", "size": "1690", "side": "SELL", "hash": "687244e848fe396f51029d47ca762c458538e3df", "best_bid": "0.14", "best_ask": "0.15"}], "timestamp": "1769384828378", "event_type": "price_change"}}
{"_local_timestamp": "2026-01-25T23:47:37.599054+00:00", "data": {"market": "0xd63994beb77dc627524e6cb6b51425afec6afcfeb65d27a922f44c865d815d61", "price_changes": [{"asset_id": "31210989381377527233822093112702676011124608758521323677672469255491991115836", "price": "0.24", "size": "100", "side": "BUY", "hash": "c2838f0a373a3cfc13670d91477a374ec1eb1942", "best_bid": "0.85", "best_ask": "0.86"}, {"asset_id": "80023191424398085776326475622884838261409611016353588037949180982279268815667", "price": "0.76", "size": "100", "side": "SELL", "hash": "40d3e990002528c7c0c4f482e8d45c0b810a3a85", "best_bid": "0.14", "best_ask": "0.15"}], "timestamp": "1769384857514", "event_type": "price_change"}}
{"_local_timestamp": "2026-01-25T23:47:38.449902+00:00", "data": {"market": "0xd63994beb77dc627524e6cb6b51425afec6afcfeb65d27a922f44c865d815d61", "price_changes": [{"asset_id": "31210989381377527233822093112702676011124608758521323677672469255491991115836", "price": "0.26", "size": "50", "side": "BUY", "hash": "1327ffe5c27ba1bcfc72b176e2cb607cafb7f68f", "best_bid": "0.85", "best_ask": "0.86"}, {"asset_id": "80023191424398085776326475622884838261409611016353588037949180982279268815667", "price": "0.74", "size": "50", "side": "SELL", "hash": "3b6b5a7fb4c9ab8e163f5b5b47bb83fe89ab2683", "best_bid": "0.14", "best_ask": "0.15"}], "timestamp": "1769384858094", "event_type": "price_change"}}
{"_local_timestamp": "2026-01-25T23:49:25.351753+00:00", "data": {"market": "0xd63994beb77dc627524e6cb6b51425afec6afcfeb65d27a922f44c865d815d61", "price_changes": [{"asset_id": "31210989381377527233822093112702676011124608758521323677672469255491991115836", "price": "0.26", "size": "0", "side": "BUY", "hash": "2d9bb39b758c1e643c3974c8495523416f289916", "best_bid": "0.85", "best_ask": "0.86"}, {"asset_id": "80023191424398085776326475622884838261409611016353588037949180982279268815667", "price": "0.74", "size": "0", "side": "SELL", "hash": "7245de5565598e238cb97f9d145c231834cf76d6", "best_bid": "0.14", "best_ask": "0.15"}], "timestamp": "1769384965263", "event_type": "price_change"}}
{"_local_timestamp": "2026-01-25T23:49:25.971382+00:00", "data": {"market": "0xd63994beb77dc627524e6cb6b51425afec6afcfeb65d27a922f44c865d815d61", "price_changes": [{"asset_id": "31210989381377527233822093112702676011124608758521323677672469255491991115836", "price": "0.25", "size": "1740", "side": "BUY", "hash": "fdffd3ccac4964073d39a48827163904c9f4bd46", "best_bid": "0.85", "best_ask": "0.86"}, {"asset_id": "80023191424398085776326475622884838261409611016353588037949180982279268815667", "price": "0.75", "size": "1740", "side": "SELL", "hash": "2357c00126f292ff0a4dfad9b3aa09598ed1a97c", "best_bid": "0.14", "best_ask": "0.15"}], "timestamp": "1769384965787", "event_type": "price_change"}}
{"_local_timestamp": "2026-01-25T23:49:51.162053+00:00", "data": {"market": "0xd63994beb77dc627524e6cb6b51425afec6afcfeb65d27a922f44c865d815d61", "price_changes": [{"asset_id": "31210989381377527233822093112702676011124608758521323677672469255491991115836", "price": "0.25", "size": "60", "side": "BUY", "hash": "eab115df1c5dbeef0bb573d74aa33a0eed874144", "best_bid": "0.85", "best_ask": "0.86"}, {"asset_id": "80023191424398085776326475622884838261409611016353588037949180982279268815667", "price": "0.75", "size": "60", "side": "SELL", "hash": "4becd8241f470247093fcff22f3693b1aaa00edb", "best_bid": "0.14", "best_ask": "0.15"}], "timestamp": "1769384991041", "event_type": "price_change"}}
{"_local_timestamp": "2026-01-25T23:49:53.506627+00:00", "data": {"market": "0xd63994beb77dc627524e6cb6b51425afec6afcfeb65d27a922f44c865d815d61", "price_changes": [{"asset_id": "31210989381377527233822093112702676011124608758521323677672469255491991115836", "price": "0.24", "size": "1848", "side": "BUY", "hash": "5c52012637c138a7af2d8213e9c75b47d67632b6", "best_bid": "0.85", "best_ask": "0.86"}, {"asset_id": "80023191424398085776326475622884838261409611016353588037949180982279268815667", "price": "0.76", "size": "1848", "side": "SELL", "hash": "e4ba73a6c943ac8bcc0068a694bd59d4daf0bb1d", "best_bid": "0.14", "best_ask": "0.15"}], "timestamp": "1769384993434", "event_type": "price_change"}}
{"_local_timestamp": "2026-01-25T23:50:02.687271+00:00", "data": {"market": "0xd63994beb77dc627524e6cb6b51425afec6afcfeb65d27a922f44c865d815d61", "price_changes": [{"asset_id": "31210989381377527233822093112702676011124608758521323677672469255491991115836", "price": "0.21", "size": "0", "side": "BUY", "hash": "0cd0ad1b3bdb6b65d8f048d33789bfd2ec969b06", "best_bid": "0.85", "best_ask": "0.86"}, {"asset_id": "80023191424398085776326475622884838261409611016353588037949180982279268815667", "price": "0.79", "size": "0", "side": "SELL", "hash": "e2c3213a60e4f91a64db37c942c9f5d9c390784a", "best_bid": "0.14", "best_ask": "0.15"}], "timestamp": "1769385002301", "event_type": "price_change"}}
{"_local_timestamp": "2026-01-25T23:50:03.173388+00:00", "data": {"market": "0xd63994beb77dc627524e6cb6b51425afec6afcfeb65d27a922f44c865d815d61", "price_changes": [{"asset_id": "31210989381377527233822093112702676011124608758521323677672469255491991115836", "price": "0.13", "size": "325", "side": "BUY", "hash": "98ec47defa5d1d1fee8ebcfedbb1268c8a3949d8", "best_bid": "0.85", "best_ask": "0.86"}, {"asset_id": "80023191424398085776326475622884838261409611016353588037949180982279268815667", "price": "0.87", "size": "325", "side": "SELL", "hash": "30896096dc1eb3bd497acaa8b39a7d93e6598cbe", "best_bid": "0.14", "best_ask": "0.15"}], "timestamp": "1769385002726", "event_type": "price_change"}}
{"_local_timestamp": "2026-01-25T23:50:17.758158+00:00", "data": {"market": "0xd63994beb77dc627524e6cb6b51425afec6afcfeb65d27a922f44c865d815d61", "price_changes": [{"asset_id": "31210989381377527233822093112702676011124608758521323677672469255491991115836", "price": "0.1", "size": "381.63", "side": "BUY", "hash": "0bfaa34c1976db1bba9ae48436622ca29f4c5bb5", "best_bid": "0.85", "best_ask": "0.86"}, {"asset_id": "80023191424398085776326475622884838261409611016353588037949180982279268815667", "price": "0.9", "size": "381.63", "side": "SELL", "hash": "ea12d5af04c80ddcc4b5bb73775ac1f83591cb97", "best_bid": "0.14", "best_ask": "0.15"}], "timestamp": "1769385017659", "event_type": "price_change"}}
{"_local_timestamp": "2026-01-25T23:50:18.584646+00:00", "data": {"market": "0xd63994beb77dc627524e6cb6b51425afec6afcfeb65d27a922f44c865d815d61", "price_changes": [{"asset_id": "31210989381377527233822093112702676011124608758521323677672469255491991115836", "price": "0.14", "size": "142", "side": "BUY", "hash": "9899fbd241c483b0f06f704202d9dd6dcb0fabf3", "best_bid": "0.85", "best_ask": "0.86"}, {"asset_id": "80023191424398085776326475622884838261409611016353588037949180982279268815667", "price": "0.86", "size": "142", "side": "SELL", "hash": "fe0701761dab67f5faa9a3aa7a74567cd61dfb13", "best_bid": "0.14", "best_ask": "0.15"}], "timestamp": "1769385018485", "event_type": "price_change"}}
