{"_local_timestamp": "2026-01-25T23:33:32.911807+00:00", "data": [{"market": "0x45686d5a8bf5c8c3345c19d3b1af5cd96c4142fa971e6f58f7569935dfd852a1", "asset_id": "13432621903631649165156306037190483686486704889711495381938238490251535633776", "timestamp": "1769383757463", "hash": "87748cf5192701a5d2e2ee847636143322b2a5b9", "bids": [{"price": "0.01", "size": "61.3"}, {"price": "0.02", "size": "49"}, {"price": "0.03", "size": "18.04"}], "asks": [{"price": "0.99", "size": "5616.12"}, {"price": "0.98", "size": "2200"}, {"price": "0.97", "size": "9.53"}, {"price": "0.95", "size": "30"}, {"price": "0.94", "size": "33"}, {"price": "0.93", "size": "7.74"}, {"price": "0.92", "size": "770"}, {"price": "0.88", "size": "508.33"}, {"price": "0.84", "size": "350"}, {"price": "0.83", "size": "5.94"}, {"price": "0.8", "size": "140"}, {"price": "0.76", "size": "108.33"}, {"price": "0.72", "size": "85.71"}, {"price": "0.71", "size": "42"}, {"price": "0.68", "size": "62.5"}, {"price": "0.61", "size": "100"}, {"price": "0.6", "size": "5"}, {"price": "0.24", "size": "5"}], "event_type": "book", "last_trade_price": ""}, {"market": "0x45686d5a8bf5c8c3345c19d3b1af5cd96c4142fa971e6f58f7569935dfd852a1", "asset_id": "89360116714270893780179085960124265123732267737169869616840167951096944527305", "timestamp": "1769383757463", "hash": "7c047079716077da46c8b16269d48cfea8d03ac5", "bids": [{"price": "0.01", "size": "5616.12"}, {"price": "0.02", "size": "2200"}, {"price": "0.03", "size": "9.53"}, {"price": "0.05", "size": "30"}, {"price": "0.06", "size": "33"}, {"price": "0.07", "size": "7.74"}, {"price": "0.08", "size": "770"}, {"price": "0.12", "size": "508.33"}, {"price": "0.16", "size": "350"}, {"price": "0.17", "size": "5.94"}, {"price": "0.2", "size": "140"}, {"price": "0.24", "size": "108.33"}, {"price": "0.28", "size": "85.71"}, {"price": "0.29", "size": "42"}, {"price": "0.32", "size": "62.5"}, {"price": "0.39", "size": "100"}, {"price": "0.4", "size": "5"}, {"price": "0.76", "size": "5"}], "asks": [{"price": "0.99", "size": "61.3"}, {"price": "0.98", "size": "49"}, {"price": "0.97", "size": "18.04"}], "event_type": "book", "last_trade_price": ""}, {"market": "0xeca572826dbd8548c7969c165c5abdca214bb94e7b7191fae36cc898482d7eb9", "asset_id": "88493018854609170398068504899501067700367542483730464912829188861413472007638", "timestamp": "1769381470344", "hash": "e913610d86c4c666ea132e4086485ba7a7ac6b85", "bids": [{"price": "0.01", "size": "74.87"}, {"price": "0.02", "size": "17.5"}, {"price": "0.03", "size": "22"}, {"price": "0.04", "size": "15.38"}, {"price": "0.05", "size": "30"}, {"price": "0.07", "size": "66.66"}, {"price": "0.08", "size": "11.9"}, {"price": "0.13", "size": "7.69"}, {"price": "0.14", "size": "76.66"}], "asks": [{"price": "0.99", "size": "73"}, {"price": "0.98", "size": "23.03"}, {"price": "0.96", "size": "12"}, {"price": "0.95", "size": "20"}, {"price": "0.94", "size": "33"}, {"price": "0.93", "size": "73.45"}, {"price": "0.92", "size": "36"}, {"price": "0.88", "size": "5.64"}, {"price": "0.87", "size": "76.66"}], "event_type": "book", "last_trade_price": ""}, {"market": "0xeca572826dbd8548c7969c165c5abdca214bb94e7b7191fae36cc898482d7eb9", "asset_id": "98075623222143547346037366837071572541450376316433615657989340175250414958486", "timestamp": "1769381470344", "hash": "7dd3399335a7270247f574424bde3f1f59764208", "bids": [{"price": "0.01", "size": "73"}, {"price": "0.02", "size": "23.03"}, {"price": "0.04", "size": "12"}, {"price": "0.05", "size": "20"}, {"price": "0.06", "size": "33"}, {"price": "0.07", "size": "73.45"}, {"price": "0.08", "size": "36"}, {"price": "0.12", "size": "5.64"}, {"price": "0.13", "size": "76.66"}], "asks": [{"price": "0.99", "size": "74.87"}, {"price": "0.98", "size": "17.5"}, {"price": "0.97", "size": "22"}, {"price": "0.96", "size": "15.38"}, {"price": "0.95", "size": "30"}, {"price": "0.93", "size": "66.66"}, {"price": "0.92", "size": "11.9"}, {"price": "0.87", "size": "7.69"}, {"price": "0.86", "size": "76.66"}], "event_type": "book", "last_trade_price": ""}]}
{"_local_timestamp": "2026-01-25T23:34:35.141463+00:00", "data": {"market": "0x45686d5a8bf5c8c3345c19d3b1af5cd96c4142fa971e6f58f7569935dfd852a1", "price_changes": [{"asset_id": "89360116714270893780179085960124265123732267737169869616840167951096944527305", "price": "0.4", "size": "0", "side": "BUY", "hash": "6782fa627d72b9369e99912242f531a04b8cc1be", "best_bid": "0.76", "best_ask": "0.97"}, {"asset_id": "13432621903631649165156306037190483686486704889711495381938238490251535633776", "price": "0.6", "size": "0", "side": "SELL", "hash": "41b34518563a08d080e55b39cf2c68b38b492c75", "best_bid": "0.03", "best_ask": "0.24"}], "timestamp": "1769384074921", "event_type": "price_change"}}
{"_local_timestamp": "2026-01-25T23:34:35.194429+00:00", "data": {"market": "0x45686d5a8bf5c8c3345c19d3b1af5cd96c4142fa971e6f58f7569935dfd852a1", "price_changes": [{"asset_id": "89360116714270893780179085960124265123732267737169869616840167951096944527305", "price": "0.4", "size": "5", "side": "BUY", "hash": "b5724b1a1cd587a7e8ca8f106e42b44d146ef375", "best_bid": "0.76", "best_ask": "0.97"}, {"asset_id": "13432621903631649165156306037190483686486704889711495381938238490251535633776", "price": "0.6", "size": "5", "side": "SELL", "hash": "1e592efed7d10063616b64aaf8239677e533efc0", "best_bid": "0.03", "best_ask": "0.24"}], "timestamp": "1769384074968", "event_type": "price_change"}}
{"_local_timestamp": "2026-01-25T23:34:39.444302+00:00", "data": {"market": "0x45686d5a8bf5c8c3345c19d3b1af5cd96c4142fa971e6f58f7569935dfd852a1", "price_changes": [{"asset_id": "13432621903631649165156306037190483686486704889711495381938238490251535633776", "price": "0.01", "size": "20.55", "side": "BUY", "hash": "bb30c27b9c3931724478bdd1f5bdf8306c681e6f", "best_bid": "0.03", "best_ask": "0.24"}, {"asset_id": "89360116714270893780179085960124265123732267737169869616840167951096944527305", "price": "0.99", "size": "20.55", "side": "SELL", "hash": "63a99214293e893acb7a5f9e384b2c518ac87670", "best_bid": "0.76", "best_ask": "0.97"}], "timestamp": "1769384079327", "event_type": "price_change"}}
{"_local_timestamp": "2026-01-25T23:34:39.690918+00:00", "data": {"market": "0x45686d5a8bf5c8c3345c19d3b1af5cd96c4142fa971e6f58f7569935dfd852a1", "price_changes": [{"asset_id": "13432621903631649165156306037190483686486704889711495381938238490251535633776", "price": "0.01", "size": "61.3", "side": "BUY", "hash": "bc1720ae6cfa0c07973388441701eac15e171de5", "best_bid": "0.03", "best_ask": "0.24"}, {"asset_id": "89360116714270893780179085960124265123732267737169869616840167951096944527305", "price": "0.99", "size": "61.3", "side": "SELL", "hash": "2813dd41fb9988a2efb2ca00c91f4a2801f7a746", "best_bid": "0.76", "best_ask": "0.97"}], "timestamp": "1769384079622", "event_type": "price_change"}}
