{"_local_timestamp": "2026-01-25T23:33:41.100001+00:00", "data": [{"market": "0x28c4adf797dd5b9c7bf353e858e3ca9918512e0a84233d165a59011f43d7084d", "asset_id": "6475712588769031386110083488235939935503265250908261928874611404975541499590", "timestamp": "1769384020533", "hash": "1a095f73326f68fc1f669e4dcfc5d6735364c542", "bids": [{"price": "0.01", "size": "4255"}, {"price": "0.02", "size": "1013.45"}, {"price": "0.03", "size": "4385.53"}, {"price": "0.04", "size": "511.87"}, {"price": "0.05", "size": "1350.87"}, {"price": "0.06", "size": "1080.19"}], "asks": [{"price": "0.99", "size": "5069.21"}, {"price": "0.98", "size": "1400"}, {"price": "0.97", "size": "500"}, {"price": "0.96", "size": "380.68"}, {"price": "0.95", "size": "30"}, {"price": "0.94", "size": "33"}, {"price": "0.91", "size": "900"}, {"price": "0.9", "size": "6.3"}, {"price": "0.86", "size": "792.85"}, {"price": "0.81", "size": "168.42"}, {"price": "0.8", "size": "500"}, {"price": "0.79", "size": "910"}, {"price": "0.78", "size": "50"}, {"price": "0.76", "size": "116.66"}, {"price": "0.72", "size": "100"}, {"price": "0.71", "size": "1937.65"}, {"price": "0.67", "size": "72.72"}, {"price": "0.66", "size": "50"}, {"price": "0.62", "size": "52.63"}, {"price": "0.6", "size": "20"}, {"price": "0.59", "size": "1522"}, {"price": "0.58", "size": "5"}, {"price": "0.31", "size": "255"}, {"price": "0.22", "size": "91.58"}, {"price": "0.21", "size": "151.08"}, {"price": "0.13", "size": "50"}, {"price": "0.11", "size": "521.39"}, {"price": "0.1", "size": "500"}, {"price": "0.09", "size": "1419.3"}, {"price": "0.08", "size": "232.75"}], "event_type": "book", "last_trade_price": "0.920"}, {"market": "0x28c4adf797dd5b9c7bf353e858e3ca9918512e0a84233d165a59011f43d7084d", "asset_id": "113960393331759082920433235528267622630322498487684522691447565399625085276592", "timestamp": "1769384020533", "hash": "b93ca6fad287480c2414f8ac72a63f474388e54a", "bids": [{"price": "0.01", "size": "5069.21"}, {"price": "0.02", "size": "1400"}, {"price": "0.03", "size": "500"}, {"price": "0.04", "size": "380.68"}, {"price": "0.05", "size": "30"}, {"price": "0.06", "size": "33"}, {"price": "0.09", "size": "900"}, {"price": "0.1", "size": "6.3"}, {"price": "0.14", "size": "792.85"}, {"price": "0.19", "size": "168.42"}, {"price": "0.2", "size": "500"}, {"price": "0.21", "size": "910"}, {"price": "0.22", "size": "50"}, {"price": "0.24", "size": "116.66"}, {"price": "0.28", "size": "100"}, {"price": "0.29", "size": "1937.65"}, {"price": "0.33", "size": "72.72"}, {"price": "0.34", "size": "50"}, {"price": "0.38", "size": "52.63"}, {"price": "0.4", "size": "20"}, {"price": "0.41", "size": "1522"}, {"price": "0.42", "size": "5"}, {"price": "0.69", "size": "255"}, {"price": "0.78", "size": "91.58"}, {"price": "0.79", "size": "151.08"}, {"price": "0.87", "size": "50"}, {"price": "0.89", "size": "521.39"}, {"price": "0.9", "size": "500"}, {"price": "0.91", "size": "1419.3"}, {"price": "0.92", "size": "232.75"}], "asks": [{"price": "0.99", "size": "4255"}, {"price": "0.98", "size": "1013.45"}, {"price": "0.97", "size": "4385.53"}, {"price": "0.96", "size": "511.87"}, {"price": "0.95", "size": "1350.87"}, {"price": "0.94", "size": "1080.19"}], "event_type": "book", "last_trade_price": "0.920"}]}
{"_local_timestamp": "2026-01-25T23:34:00.137590+00:00", "data": {"market": "0x28c4adf797dd5b9c7bf353e858e3ca9918512e0a84233d165a59011f43d7084d", "price_changes": [{"asset_id": "6475712588769031386110083488235939935503265250908261928874611404975541499590", "price": "0.05", "size": "1100.87", "side": "BUY", "hash": "a9241d5cafab3c4204150b1affa6da9bdea5187e", "best_bid": "0.06", "best_ask": "0.08"}, {"asset_id": "113960393331759082920433235528267622630322498487684522691447565399625085276592", "price": "0.95", "size": "1100.87", "side": "SELL", "hash": "51bae4d7deded4d14755710ce4584114123cb153", "best_bid": "0.92", "best_ask": "0.94"}], "timestamp": "1769384040055", "event_type": "price_change"}}
{"_local_timestamp": "2026-01-25T23:34:00.161366+00:00", "data": {"market": "0x28c4adf797dd5b9c7bf353e858e3ca9918512e0a84233d165a59011f43d7084d", "price_changes": [{"asset_id": "113960393331759082920433235528267622630322498487684522691447565399625085276592", "price": "0.91", "size": "1294.3", "side": "BUY", "hash": "f9226aab9448825ab425271228aa9aa43ed14b0d", "best_bid": "0.92", "best_ask": "0.94"}, {"asset_id": "6475712588769031386110083488235939935503265250908261928874611404975541499590", "price": "0.09", "size": "1294.3", "side": "SELL", "hash": "e2d9be210340e9ce2dae405b98f63fa6c78d6a08", "best_bid": "0.06", "best_ask": "0.08"}], "timestamp": "1769384040094", "event_type": "price_change"}}
{"_local_timestamp": "2026-01-25T23:34:19.877270+00:00", "data": {"market": "0x28c4adf797dd5b9c7bf353e858e3ca9918512e0a84233d165a59011f43d7084d", "price_changes": [{"asset_id": "113960393331759082920433235528267622630322498487684522691447565399625085276592", "price": "0.29", "size": "489.65", "side": "BUY", "hash": "06cb49591ebea27d35bf7c6791d1f83e01e660f5", "best_bid": "0.92", "best_ask": "0.94"}, {"asset_id": "6475712588769031386110083488235939935503265250908261928874611404975541499590", "price": "0.71", "size": "489.65", "side": "SELL", "hash": "83f6c5958ead7bfafa59d2124e106cc52241a16c", "best_bid": "0.06", "best_ask": "0.08"}], "timestamp": "1769384059754", "event_type": "price_change"}}
{"_local_timestamp": "2026-01-25T23:34:27.726434+00:00", "data": {"market": "0x28c4adf797dd5b9c7bf353e858e3ca9918512e0a84233d165a59011f43d7084d", "price_changes": [{"asset_id": "113960393331759082920433235528267622630322498487684522691447565399625085276592", "price": "0.28", "size": "0", "side": "BUY", "hash": "51b0b863ab9daeb2dc0628009ece3acee90f4e2d", "best_bid": "0.92", "best_ask": "0.94"}, {"asset_id": "6475712588769031386110083488235939935503265250908261928874611404975541499590", "price": "0.72", "size": "0", "side": "SELL", "hash": "ad1bf9c89e27285444db50431426072b553fa5ec", "best_bid": "0.06", "best_ask": "0.08"}], "timestamp": "1769384067575", "event_type": "price_change"}}
{"_local_timestamp": "2026-01-25T23:34:28.562950+00:00", "data": {"market": "0x28c4adf797dd5b9c7bf353e858e3ca9918512e0a84233d165a59011f43d7084d", "price_changes": [{"asset_id": "113960393331759082920433235528267622630322498487684522691447565399625085276592", "price": "0.22", "size": "150", "side": "BUY", "hash": "9459d5ec9db4ada9568bbd93f73c2e133a1c82d1", "best_bid": "0.92", "best_ask": "0.94"}, {"asset_id": "6475712588769031386110083488235939935503265250908261928874611404975541499590", "price": "0.78", "size": "150", "side": "SELL", "hash": "a5359ac79b51b4b41af7cf6efa8d0eb5490567cd", "best_bid": "0.06", "best_ask": "0.08"}], "timestamp": "1769384068157", "event_type": "price_change"}}
{"_local_timestamp": "2026-01-25T23:35:07.557695+00:00", "data": {"market": "0x28c4adf797dd5b9c7bf353e858e3ca9918512e0a84233d165a59011f43d7084d", "price_changes": [{"asset_id": "113960393331759082920433235528267622630322498487684522691447565399625085276592", "price": "0.22", "size": "2058", "side": "BUY", "hash": "9475507fae8b14db6e36ea84192abe7cdc2e6c4f", "best_bid": "0.92", "best_ask": "0.94"}, {"asset_id": "6475712588769031386110083488235939935503265250908261928874611404975541499590", "price": "0.78", "size": "2058", "side": "SELL", "hash": "e511bedf0674bc4e8713537d597f6eb07dc460fb", "best_bid": "0.06", "best_ask": "0.08"}], "timestamp": "1769384107479", "event_type": "price_change"}}
{"_local_timestamp": "2026-01-25T23:35:07.738473+00:00", "data": {"market": "0x28c4adf797dd5b9c7bf353e858e3ca9918512e0a84233d165a59011f43d7084d", "price_changes": [{"asset_id": "6475712588769031386110083488235939935503265250908261928874611404975541499590", "price": "0.05", "size": "1350.87", "side": "BUY", "hash": "e8481991e6f633b42a85b8144b99f0f553bfcfbd", "best_bid": "0.06", "best_ask": "0.08"}, {"asset_id": "113960393331759082920433235528267622630322498487684522691447565399625085276592", "price": "0.95", "size": "1350.87", "side": "SELL", "hash": "07377809750fe684455810d46cc74d9c96cdbe93", "best_bid": "0.92", "best_ask": "0.94"}], "timestamp": "1769384107648", "event_type": "price_change"}}
{"_local_timestamp": "2026-01-25T23:35:07.820113+00:00", "data": {"market": "0x28c4adf797dd5b9c7bf353e858e3ca9918512e0a84233d165a59011f43d7084d", "price_changes": [{"asset_id": "113960393331759082920433235528267622630322498487684522691447565399625085276592", "price": "0.91", "size": "1419.3", "side": "BUY", "hash": "8eaa271749871456f31c6d54b7eb12895680f579", "best_bid": "0.92", "best_ask": "0.94"}, {"asset_id": "6475712588769031386110083488235939935503265250908261928874611404975541499590", "price": "0.09", "size": "1419.3", "side": "SELL", "hash": "b823ec4d49fc607f90c21e614057df938cfad557", "best_bid": "0.06", "best_ask": "0.08"}], "timestamp": "1769384107756", "event_type": "price_change"}}
{"_local_timestamp": "2026-01-25T23:35:26.746765+00:00", "data": {"market": "0x28c4adf797dd5b9c7bf353e858e3ca9918512e0a84233d165a59011f43d7084d", "price_changes": [{"asset_id": "113960393331759082920433235528267622630322498487684522691447565399625085276592", "price": "0.22", "size": "2008", "side": "BUY", "hash": "e4abbbe059000220a9746cc34a4e6f8efbf3a4d6", "best_bid": "0.92", "best_ask": "0.94"}, {"asset_id": "6475712588769031386110083488235939935503265250908261928874611404975541499590", "price": "0.78", "size": "2008", "side": "SELL", "hash": "8b8bda141b9ea862e03126620b9d69fc575b49df", "best_bid": "0.06", "best_ask": "0.08"}], "timestamp": "1769384126576", "event_type": "price_change"}}
{"_local_timestamp": "2026-01-25T23:35:27.068327+00:00", "data": {"market": "0x28c4adf797dd5b9c7bf353e858e3ca9918512e0a84233d165a59011f43d7084d", "price_changes": [{"asset_id": "113960393331759082920433235528267622630322498487684522691447565399625085276592", "price": "0.29", "size": "539.65", "side": "BUY", "hash": "56b98e06c91ab1015975cf140647885f09f3b779", "best_bid": "0.92", "best_ask": "0.94"}, {"asset_id": "6475712588769031386110083488235939935503265250908261928874611404975541499590", "price": "0.71", "size": "539.65", "side": "SELL", "hash": "722a21a7895869b2128170f27344e83fc641add2", "best_bid": "0.06", "best_ask": "0.08"}], "timestamp": "1769384126899", "event_type": "price_change"}}
{"_local_timestamp": "2026-01-25T23:35:28.096022+00:00", "data": {"market": "0x28c4adf797dd5b9c7bf353e858e3ca9918512e0a84233d165a59011f43d7084d", "price_changes": [{"asset_id": "6475712588769031386110083488235939935503265250908261928874611404975541499590", "price": "0.02", "size": "1000", "side": "BUY", "hash": "5cf005c1f6491bae66495a770baeaff814122abb", "best_bid": "0.06", "best_ask": "0.08"}, {"asset_id": "113960393331759082920433235528267622630322498487684522691447565399625085276592", "price": "0.98", "size": "1000", "side": "SELL", "hash": "6003edada0229875ffc85cb0afc52fbcc1b53498", "best_bid": "0.92", "best_ask": "0.94"}], "timestamp": "1769384128030", "event_type": "price_change"}}
{"_local_timestamp": "2026-01-25T23:35:28.096441+00:00", "data": {"market": "0x28c4adf797dd5b9c7bf353e858e3ca9918512e0a84233d165a59011f43d7084d", "price_changes": [{"asset_id": "6475712588769031386110083488235939935503265250908261928874611404975541499590", "price": "0.04", "size": "500", "side": "BUY", "hash": "5cf005c1f6491bae66495a770baeaff814122abb", "best_bid": "0.06", "best_ask": "0.08"}, {"asset_id": "113960393331759082920433235528267622630322498487684522691447565399625085276592", "price": "0.96", "size": "500", "side": "SELL", "hash": "6003edada0229875ffc85cb0afc52fbcc1b53498", "best_bid": "0.92", "best_ask": "0.94"}], "timestamp": "1769384128030", "event_type": "price_change"}}
{"_local_timestamp": "2026-01-25T23:35:29.101133+00:00", "data": {"market": "0x28c4adf797dd5b9c7bf353e858e3ca9918512e0a84233d165a59011f43d7084d", "price_changes": [{"asset_id": "6475712588769031386110083488235939935503265250908261928874611404975541499590", "price": "0.04", "size": "511.87", "side": "BUY", "hash": "c1b6580942fb2697c352dd08fa88d8c5a11bb9e7", "best_bid": "0.06", "best_ask": "0.08"}, {"asset_id": "113960393331759082920433235528267622630322498487684522691447565399625085276592", "price": "0.96", "size": "511.87", "side": "SELL", "hash": "37fd075e30d8ef0922352743da38309f7183d5e7", "best_bid": "0.92", "best_ask": "0.94"}], "timestamp": "1769384129024", "event_type": "price_change"}}
{"_local_timestamp": "2026-01-25T23:35:29.101552+00:00", "data": {"market": "0x28c4adf797dd5b9c7bf353e858e3ca9918512e0a84233d165a59011f43d7084d", "price_changes": [{"asset_id": "6475712588769031386110083488235939935503265250908261928874611404975541499590", "price": "0.02", "size": "1013.45", "side": "BUY", "hash": "f151729c3a770fa213c1bb842cfb54aa35e3e89f", "best_bid": "0.06", "best_ask": "0.08"}, {"asset_id": "113960393331759082920433235528267622630322498487684522691447565399625085276592", "price": "0.98", "size": "1013.45", "side": "SELL", "hash": "236bd1413428455a9b0590294dc9d703434de83e", "best_bid": "0.92", "best_ask": "0.94"}], "timestamp": "1769384129025", "event_type": "price_change"}}
{"_local_timestamp": "2026-01-25T23:36:02.386959+00:00", "data": {"market": "0x28c4adf797dd5b9c7bf353e858e3ca9918512e0a84233d165a59011f43d7084d", "price_changes": [{"asset_id": "113960393331759082920433235528267622630322498487684522691447565399625085276592", "price": "0.21", "size": "810", "side": "BUY", "hash": "9ede5d8f8ac836266c92d531e87a1061e4be1fdc", "best_bid": "0.92", "best_ask": "0.94"}, {"asset_id": "6475712588769031386110083488235939935503265250908261928874611404975541499590", "price": "0.79", "size": "810", "side": "SELL", "hash": "8d68ef7ac72a12463242bd556217f7d03a8f2aa1", "best_bid": "0.06", "best_ask": "0.08"}], "timestamp": "1769384162270", "event_type": "price_change"}}
{"_local_timestamp": "2026-01-25T23:36:02.660850+00:00", "data": {"market": "0x28c4adf797dd5b9c7bf353e858e3ca9918512e0a84233d165a59011f43d7084d", "price_changes": [{"asset_id": "113960393331759082920433235528267622630322498487684522691447565399625085276592", "price": "0.22", "size": "2108", "side": "BUY", "hash": "874b66c3761e291c79829283ce5fe89ea0ede54d", "best_bid": "0.92", "best_ask": "0.94"}, {"asset_id": "6475712588769031386110083488235939935503265250908261928874611404975541499590", "price": "0.78", "size": "2108", "side": "SELL", "hash": "f20450be0793aa91ef4263c0a2e939b0ae9c05ef", "best_bid": "0.06", "best_ask": "0.08"}], "timestamp": "1769384162553", "event_type": "price_change"}}
{"_local_timestamp": "2026-01-25T23:36:05.380994+00:00", "data": {"market": "0x28c4adf797dd5b9c7bf353e858e3ca9918512e0a84233d165a59011f43d7084d", "price_changes": [{"asset_id": "113960393331759082920433235528267622630322498487684522691447565399625085276592", "price": "0.95", "size": "1414.87", "side": "SELL", "hash": "9202656d48f41886583fd396edcc1c7b6a612a2e", "best_bid": "0.92", "best_ask": "0.94"}, {"asset_id": "6475712588769031386110083488235939935503265250908261928874611404975541499590", "price": "0.05", "size": "1414.87", "side": "BUY", "hash": "20070c019df17247d8bac3700165eedcd3926dc5", "best_bid": "0.06", "best_ask": "0.08"}], "timestamp": "1769384165311", "event_type": "price_change"}}
{"_local_timestamp": "2026-01-25T23:36:12.075496+00:00", "data": {"market": "0x28c4adf797dd5b9c7bf353e858e3ca9918512e0a84233d165a59011f43d7084d", "price_changes": [{"asset_id": "6475712588769031386110083488235939935503265250908261928874611404975541499590", "price": "0.09", "size": "1356.64", "side": "SELL", "hash": "b4e8d2e04600eb7c99633b5971a61995c3226f96", "best_bid": "0.06", "best_ask": "0.08"}, {"asset_id": "113960393331759082920433235528267622630322498487684522691447565399625085276592", "price": "0.91", "size": "1356.64", "side": "BUY", "hash": "bcbf0b16667bc089598b957538e00dae44b29c6e", "best_bid": "0.92", "best_ask": "0.94"}], "timestamp": "1769384172000", "event_type": "price_change"}}
{"_local_timestamp": "2026-01-25T23:36:12.096989+00:00", "data": {"market": "0x28c4adf797dd5b9c7bf353e858e3ca9918512e0a84233d165a59011f43d7084d", "price_changes": [{"asset_id": "6475712588769031386110083488235939935503265250908261928874611404975541499590", "price": "0.05", "size": "1352.21", "side": "BUY", "hash": "af08939f0a659ebc23464d63ab956b273c634a00", "best_bid": "0.06", "best_ask": "0.08"}, {"asset_id": "113960393331759082920433235528267622630322498487684522691447565399625085276592", "price": "0.95", "size": "1352.21", "side": "SELL", "hash": "2c95d9a0f2f8b0dd294eb6fdfdd554d962f47e29", "best_bid": "0.92", "best_ask": "0.94"}], "timestamp": "1769384172001", "event_type": "price_change"}}
{"_local_timestamp": "2026-01-25T23:36:15.512690+00:00", "data": {"market": "0x28c4adf797dd5b9c7bf353e858e3ca9918512e0a84233d165a59011f43d7084d", "price_changes": [{"asset_id": "6475712588769031386110083488235939935503265250908261928874611404975541499590", "price": "0.09", "size": "1419.3", "side": "SELL", "hash": "f1efbdf47f656eda8382d67e19e4a5dfbf353939", "best_bid": "0.06", "best_ask": "0.08"}, {"asset_id": "113960393331759082920433235528267622630322498487684522691447565399625085276592", "price": "0.91", "size": "1419.3", "side": "BUY", "hash": "25849409fa239ec3c66d118496884d3b537af044", "best_bid": "0.92", "best_ask": "0.94"}], "timestamp": "1769384175438", "event_type": "price_change"}}
{"_local_timestamp": "2026-01-25T23:36:15.515765+00:00", "data": {"market": "0x28c4adf797dd5b9c7bf353e858e3ca9918512e0a84233d165a59011f43d7084d", "price_changes": [{"asset_id": "6475712588769031386110083488235939935503265250908261928874611404975541499590", "price": "0.05", "size": "1414.87", "side": "BUY", "hash": "441c043ea73dc37c8c6837d7a083b344cd47078d", "best_bid": "0.06", "best_ask": "0.08"}, {"asset_id": "113960393331759082920433235528267622630322498487684522691447565399625085276592", "price": "0.95", "size": "1414.87", "side": "SELL", "hash": "d2d7c71a5c5aa8adff8143499a44435ce30e0b2e", "best_bid": "0.92", "best_ask": "0.94"}], "timestamp": "1769384175438", "event_type": "price_change"}}
{"_local_timestamp": "2026-01-25T23:36:55.273437+00:00", "data": {"market": "0x28c4adf797dd5b9c7bf353e858e3ca9918512e0a84233d165a59011f43d7084d", "price_changes": [{"asset_id": "113960393331759082920433235528267622630322498487684522691447565399625085276592", "price": "0.22", "size": "2008", "side": "BUY", "hash": "bed038edb88617a0e33f1fa614cf8d2921b9a30a", "best_bid": "0.92", "best_ask": "0.94"}, {"asset_id": "6475712588769031386110083488235939935503265250908261928874611404975541499590", "price": "0.78", "size": "2008", "side": "SELL", "hash": "55e715ead3cebf4bc8855915e10bc8b080ef84c4", "best_bid": "0.06", "best_ask": "0.08"}], "timestamp": "1769384215024", "event_type": "price_change"}}
{"_local_timestamp": "2026-01-25T23:36:56.052797+00:00", "data": {"market": "0x28c4adf797dd5b9c7bf353e858e3ca9918512e0a84233d165a59011f43d7084d", "price_changes": [{"asset_id": "113960393331759082920433235528267622630322498487684522691447565399625085276592", "price": "0.21", "size": "910", "side": "BUY", "hash": "2e6690141223972b43b3d9b8f85b818ca581ac14", "best_bid": "0.92", "best_ask": "0.94"}, {"asset_id": "6475712588769031386110083488235939935503265250908261928874611404975541499590", "price": "0.79", "size": "910", "side": "SELL", "hash": "b4b1e0c7b15aa04e54b80b6bdadffbe9ec546a15", "best_bid": "0.06", "best_ask": "0.08"}], "timestamp": "1769384215649", "event_type": "price_change"}}
{"_local_timestamp": "2026-01-25T23:36:57.723062+00:00", "data": {"market": "0x28c4adf797dd5b9c7bf353e858e3ca9918512e0a84233d165a59011f43d7084d", "price_changes": [{"asset_id": "113960393331759082920433235528267622630322498487684522691447565399625085276592", "price": "0.29", "size": "239.65", "side": "BUY", "hash": "4a4552c7bdd55befed0e8233bef242a42907ce35", "best_bid": "0.92", "best_ask": "0.94"}, {"asset_id": "6475712588769031386110083488235939935503265250908261928874611404975541499590", "price": "0.71", "size": "239.65", "side": "SELL", "hash": "f086f12046af5894d5f8650aea305a426335fae1", "best_bid": "0.06", "best_ask": "0.08"}], "timestamp": "1769384217231", "event_type": "price_change"}}
{"_local_timestamp": "2026-01-25T23:37:13.106244+00:00", "data": {"market": "0x28c4adf797dd5b9c7bf353e858e3ca9918512e0a84233d165a59011f43d7084d", "price_changes": [{"asset_id": "113960393331759082920433235528267622630322498487684522691447565399625085276592", "price": "0.29", "size": "189.65", "side": "BUY", "hash": "030b720bd7b928dd34e21f2a6f53d53430263f4b", "best_bid": "0.92", "best_ask": "0.94"}, {"asset_id": "6475712588769031386110083488235939935503265250908261928874611404975541499590", "price": "0.71", "size": "189.65", "side": "SELL", "hash": "3ba1d658d50e948916633d5e068e654444eb561b", "best_bid": "0.06", "best_ask": "0.08"}], "timestamp": "1769384232995", "event_type": "price_change"}}
{"_local_timestamp": "2026-01-25T23:37:13.493163+00:00", "data": {"market": "0x28c4adf797dd5b9c7bf353e858e3ca9918512e0a84233d165a59011f43d7084d", "price_changes": [{"asset_id": "113960393331759082920433235528267622630322498487684522691447565399625085276592", "price": "0.22", "size": "2058", "side": "BUY", "hash": "afb98623ab705843415aefcd876a2c493af67f94", "best_bid": "0.92", "best_ask": "0.94"}, {"asset_id": "6475712588769031386110083488235939935503265250908261928874611404975541499590", "price": "0.78", "size": "2058", "side": "SELL", "hash": "402745165957c9ccdc17450c4cf0e4b82e646423", "best_bid": "0.06", "best_ask": "0.08"}], "timestamp": "1769384233367", "event_type": "price_change"}}
{"_local_timestamp": "2026-01-25T23:37:28.981200+00:00", "data": {"market": "0x28c4adf797dd5b9c7bf353e858e3ca9918512e0a84233d165a59011f43d7084d", "price_changes": [{"asset_id": "113960393331759082920433235528267622630322498487684522691447565399625085276592", "price": "0.23", "size": "300", "side": "BUY", "hash": "54e03392f572747802505637224f9efc82094836", "best_bid": "0.92", "best_ask": "0.94"}, {"asset_id": "6475712588769031386110083488235939935503265250908261928874611404975541499590", "price": "0.77", "size": "300", "side": "SELL", "hash": "66016ded9c79176343d5ad46e83962cf340f081d", "best_bid": "0.06", "best_ask": "0.08"}], "timestamp": "1769384248915", "event_type": "price_change"}}
{"_local_timestamp": "2026-01-25T23:37:45.499418+00:00", "data": {"market": "0x28c4adf797dd5b9c7bf353e858e3ca9918512e0a84233d165a59011f43d7084d", "price_changes": [{"asset_id": "6475712588769031386110083488235939935503265250908261928874611404975541499590", "price": "0.05", "size": "1164.87", "side": "BUY", "hash": "b6b7944c29e5973bfb7fdeff48c915b26a6d8ee3", "best_bid": "0.06", "best_ask": "0.08"}, {"asset_id": "113960393331759082920433235528267622630322498487684522691447565399625085276592", "price": "0.95", "size": "1164.87", "side": "SELL", "hash": "7b234ca0c4368d230bc0f7818df2982f25fd45a0", "best_bid": "0.92", "best_ask": "0.94"}], "timestamp": "1769384265433", "event_type": "price_change"}}
{"_local_timestamp": "2026-01-25T23:37:45.557803+00:00", "data": {"market": "0x28c4adf797dd5b9c7bf353e858e3ca9918512e0a84233d165a59011f43d7084d", "price_changes": [{"asset_id": "113960393331759082920433235528267622630322498487684522691447565399625085276592", "price": "0.91", "size": "1294.3", "side": "BUY", "hash": "1f8a365a163a73a934a8776b9dee0a43eeec49c5", "best_bid": "0.92", "best_ask": "0.94"}, {"asset_id": "6475712588769031386110083488235939935503265250908261928874611404975541499590", "price": "0.09", "size": "1294.3", "side": "SELL", "hash": "cc0b37b28e2131964f92413868040a4062a652f5", "best_bid": "0.06", "best_ask": "0.08"}], "timestamp": "1769384265474", "event_type": "price_change"}}
{"_local_timestamp": "2026-01-25T23:38:21.260942+00:00", "data": {"market": "0x28c4adf797dd5b9c7bf353e858e3ca9918512e0a84233d165a59011f43d7084d", "price_changes": [{"asset_id": "113960393331759082920433235528267622630322498487684522691447565399625085276592", "price": "0.21", "size": "860", "side": "BUY", "hash": "4c8cd1ecfbaa9a6f9874d5e80c625652953896cb", "best_bid": "0.92", "best_ask": "0.94"}, {"asset_id": "6475712588769031386110083488235939935503265250908261928874611404975541499590", "price": "0.79", "size": "860", "side": "SELL", "hash": "35bf1a875c92643fff25ad532611076e353cdcf3", "best_bid": "0.06", "best_ask": "0.08"}], "timestamp": "1769384301121", "event_type": "price_change"}}
{"_local_timestamp": "2026-01-25T23:38:21.639625+00:00", "data": {"market": "0x28c4adf797dd5b9c7bf353e858e3ca9918512e0a84233d165a59011f43d7084d", "price_changes": [{"asset_id": "113960393331759082920433235528267622630322498487684522691447565399625085276592", "price": "0.22", "size": "2108", "side": "BUY", "hash": "108f44ec8884eb7be3a35232fef06e95ab240476", "best_bid": "0.92", "best_ask": "0.94"}, {"asset_id": "6475712588769031386110083488235939935503265250908261928874611404975541499590", "price": "0.78", "size": "2108", "side": "SELL", "hash": "cd25aa7d5b1f7bf1a5ab647b7a71ef3222d89b3f", "best_bid": "0.06", "best_ask": "0.08"}], "timestamp": "1769384301464", "event_type": "price_change"}}
{"_local_timestamp": "2026-01-25T23:38:50.096290+00:00", "data": {"market": "0x28c4adf797dd5b9c7bf353e858e3ca9918512e0a84233d165a59011f43d7084d", "price_changes": [{"asset_id": "6475712588769031386110083488235939935503265250908261928874611404975541499590", "price": "0.01", "size": "3255", "side": "BUY", "hash": "ccbefd16c0603ca417381192c2066bc41e5f5060", "best_bid": "0.06", "best_ask": "0.08"}, {"asset_id": "113960393331759082920433235528267622630322498487684522691447565399625085276592", "price": "0.99", "size": "3255", "side": "SELL", "hash": "b0a21bc6f00612c1448039120c6c804844271ceb", "best_bid": "0.92", "best_ask": "0.94"}], "timestamp": "1769384330003", "event_type": "price_change"}}
{"_local_timestamp": "2026-01-25T23:38:52.946625+00:00", "data": {"market": "0x28c4adf797dd5b9c7bf353e858e3ca9918512e0a84233d165a59011f43d7084d", "price_changes": [{"asset_id": "6475712588769031386110083488235939935503265250908261928874611404975541499590", "price": "0.01", "size": "4255", "side": "BUY", "hash": "b06d0a09ef3474058c59dcee04dd8e99d841599d", "best_bid": "0.06", "best_ask": "0.08"}, {"asset_id": "113960393331759082920433235528267622630322498487684522691447565399625085276592", "price": "0.99", "size": "4255", "side": "SELL", "hash": "6375b88726c45888213820bb86c838a7718ad48d", "best_bid": "0.92", "best_ask": "0.94"}], "timestamp": "1769384332876", "event_type": "price_change"}}
{"_local_timestamp": "2026-01-25T23:39:16.122152+00:00", "data": {"market": "0x28c4adf797dd5b9c7bf353e858e3ca9918512e0a84233d165a59011f43d7084d", "price_changes": [{"asset_id": "6475712588769031386110083488235939935503265250908261928874611404975541499590", "price": "0.02", "size": "1000", "side": "BUY", "hash": "a40e75fee8d0498504bd6d8c7d8e1420d0aeb81d", "best_bid": "0.06", "best_ask": "0.08"}, {"asset_id": "113960393331759082920433235528267622630322498487684522691447565399625085276592", "price": "0.98", "size": "1000", "side": "SELL", "hash": "5778faacde59716fcd3ffc7118fe363c93937b45", "best_bid": "0.92", "best_ask": "0.94"}], "timestamp": "1769384356008", "event_type": "price_change"}}
{"_local_timestamp": "2026-01-25T23:39:16.122590+00:00", "data": {"market": "0x28c4adf797dd5b9c7bf353e858e3ca9918512e0a84233d165a59011f43d7084d", "price_changes": [{"asset_id": "6475712588769031386110083488235939935503265250908261928874611404975541499590", "price": "0.04", "size": "500", "side": "BUY", "hash": "a40e75fee8d0498504bd6d8c7d8e1420d0aeb81d", "best_bid": "0.06", "best_ask": "0.08"}, {"asset_id": "113960393331759082920433235528267622630322498487684522691447565399625085276592", "price": "0.96", "size": "500", "side": "SELL", "hash": "5778faacde59716fcd3ffc7118fe363c93937b45", "best_bid": "0.92", "best_ask": "0.94"}], "timestamp": "1769384356008", "event_type": "price_change"}}
{"_local_timestamp": "2026-01-25T23:39:17.443964+00:00", "data": {"market": "0x28c4adf797dd5b9c7bf353e858e3ca9918512e0a84233d165a59011f43d7084d", "price_changes": [{"asset_id": "6475712588769031386110083488235939935503265250908261928874611404975541499590", "price": "0.04", "size": "511.87", "side": "BUY", "hash": "96a164fa25500d9e9914793fcb2f7f00f57ef2e9", "best_bid": "0.06", "best_ask": "0.08"}, {"asset_id": "113960393331759082920433235528267622630322498487684522691447565399625085276592", "price": "0.96", "size": "511.87", "side": "SELL", "hash": "f74d150c8cc5fe25cac68159a9f308d6fc9a09ef", "best_bid": "0.92", "best_ask": "0.94"}], "timestamp": "1769384357234", "event_type": "price_change"}}
{"_local_timestamp": "2026-01-25T23:39:17.444533+00:00", "data": {"market": "0x28c4adf797dd5b9c7bf353e858e3ca9918512e0a84233d165a59011f43d7084d", "price_changes": [{"asset_id": "6475712588769031386110083488235939935503265250908261928874611404975541499590", "price": "0.02", "size": "1013.45", "side": "BUY", "hash": "3123883d9af43915f54e98d652f0448623591827", "best_bid": "0.06", "best_ask": "0.08"}, {"asset_id": "113960393331759082920433235528267622630322498487684522691447565399625085276592", "price": "0.98", "size": "1013.45", "side": "SELL", "hash": "13de7dbd2bdd17cb6d3da59517ef6fd54af4416a", "best_bid": "0.92", "best_ask": "0.94"}], "timestamp": "1769384357237", "event_type": "price_change"}}
{"_local_timestamp": "2026-01-25T23:39:20.580027+00:00", "data": {"market": "0x28c4adf797dd5b9c7bf353e858e3ca9918512e0a84233d165a59011f43d7084d", "price_changes": [{"asset_id": "113960393331759082920433235528267622630322498487684522691447565399625085276592", "price": "0.22", "size": "200", "side": "BUY", "hash": "025d4556a188523794276daedfd565aa7422090a", "best_bid": "0.92", "best_ask": "0.94"}, {"asset_id": "6475712588769031386110083488235939935503265250908261928874611404975541499590", "price": "0.78", "size": "200", "side": "SELL", "hash": "f09fd1a59b2d02205c99a1fa6ee680c100efb910", "best_bid": "0.06", "best_ask": "0.08"}], "timestamp": "1769384360340", "event_type": "price_change"}}
{"_local_timestamp": "2026-01-25T23:39:22.379018+00:00", "data": {"market": "0x28c4adf797dd5b9c7bf353e858e3ca9918512e0a84233d165a59011f43d7084d", "price_changes": [{"asset_id": "113960393331759082920433235528267622630322498487684522691447565399625085276592", "price": "0.21", "size": "760", "side": "BUY", "hash": "0c5a48b28b7cdcb0ac96b069e1a81923aebd4175", "best_bid": "0.92", "best_ask": "0.94"}, {"asset_id": "6475712588769031386110083488235939935503265250908261928874611404975541499590", "price": "0.79", "size": "760", "side": "SELL", "hash": "020a8868236715c4560c5aff49226ab482827c43", "best_bid": "0.06", "best_ask": "0.08"}], "timestamp": "1769384362202", "event_type": "price_change"}}
{"_local_timestamp": "2026-01-25T23:39:22.963816+00:00", "data": {"market": "0x28c4adf797dd5b9c7bf353e858e3ca9918512e0a84233d165a59011f43d7084d", "price_changes": [{"asset_id": "113960393331759082920433235528267622630322498487684522691447565399625085276592", "price": "0.22", "size": "300", "side": "BUY", "hash": "011dd6112bc99f0504809f4d535a30a7cdb76e3d", "best_bid": "0.92", "best_ask": "0.94"}, {"asset_id": "6475712588769031386110083488235939935503265250908261928874611404975541499590", "price": "0.78", "size": "300", "side": "SELL", "hash": "bf3b59b7717918942cabbd82fad57a510664082d", "best_bid": "0.06", "best_ask": "0.08"}], "timestamp": "1769384362733", "event_type": "price_change"}}
