{"_local_timestamp": "2026-01-25T23:33:41.100001+00:00", "data": [{"market": "0x28c4adf797dd5b9c7bf353e858e3ca9918512e0a84233d165a59011f43d7084d", "asset_id": "6475712588769031386110083488235939935503265250908261928874611404975541499590", "timestamp": "1769384020533", "hash": "1a095f73326f68fc1f669e4dcfc5d6735364c542", "bids": [{"price": "0.01", "size": "4255"}, {"price": "0.02", "size": "1013.45"}, {"price": "0.03", "size": "4385.53"}, {"price": "0.04", "size": "511.87"}, {"price": "0.05", "size": "1350.87"}, {"price": "0.06", "size": "1080.19"}], "asks": [{"price": "0.99", "size": "5069.21"}, {"price": "0.98", "size": "1400"}, {"price": "0.97", "size": "500"}, {"price": "0.96", "size": "380.68"}, {"price": "0.95", "size": "30"}, {"price": "0.94", "size": "33"}, {"price": "0.91", "size": "900"}, {"price": "0.9", "size": "6.3"}, {"price": "0.86", "size": "792.85"}, {"price": "0.81", "size": "168.42"}, {"price": "0.8", "size": "500"}, {"price": "0.79", "size": "910"}, {"price": "0.78", "size": "50"}, {"price": "0.76", "size": "116.66"}, {"price": "0.72", "size": "100"}, {"price": "0.71", "size": "1937.65"}, {"price": "0.67", "size": "72.72"}, {"price": "0.66", "size": "50"}, {"price": "0.62", "size": "52.63"}, {"price": "0.6", "size": "20"}, {"price": "0.59", "size": "1522"}, {"price": "0.58", "size": "5"}, {"price": "0.31", "size": "255"}, {"price": "0.22", "size": "91.58"}, {"price": "0.21", "size": "151.08"}, {"price": "0.13", "size": "50"}, {"price": "0.11", "size": "521.39"}, {"price": "0.1", "size": "500"}, {"price": "0.09", "size": "1419.3"}, {"price": "0.08", "size": "232.75"}], "event_type": "book", "last_trade_price": "0.920"}, {"market": "0x28c4adf797dd5b9c7bf353e858e3ca9918512e0a84233d165a59011f43d7084d", "asset_id": "113960393331759082920433235528267622630322498487684522691447565399625085276592", "timestamp": "1769384020533", "hash": "b93ca6fad287480c2414f8ac72a63f474388e54a", "bids": [{"price": "0.01", "size": "5069.21"}, {"price": "0.02", "size": "1400"}, {"price": "0.03", "size": "500"}, {"price": "0.04", "size": "380.68"}, {"price": "0.05", "size": "30"}, {"price": "0.06", "size": "33"}, {"price": "0.09", "size": "900"}, {"price": "0.1", "size": "6.3"}, {"price": "0.14", "size": "792.85"}, {"price": "0.19", "size": "168.42"}, {"price": "0.2", "size": "500"}, {"price": "0.21", "size": "910"}, {"price": "0.22", "size": "50"}, {"price": "0.24", "size": "116.66"}, {"price": "0.28", "size": "100"}, {"price": "0.29", "size": "1937.65"}, {"price": "0.33", "size": "72.72"}, {"price": "0.34", "size": "50"}, {"price": "0.38", "size": "52.63"}, {"price": "0.4", "size": "20"}, {"price": "0.41", "size": "1522"}, {"price": "0.42", "size": "5"}, {"price": "0.69", "size": "255"}, {"price": "0.78", "size": "91.58"}, {"price": "0.79", "size": "151.08"}, {"price": "0.87", "size": "50"}, {"price": "0.89", "size": "521.39"}, {"price": "0.9", "size": "500"}, {"price": "0.91", "size": "1419.3"}, {"price": "0.92", "size": "232.75"}], "asks": [{"price": "0.99", "size": "4255"}, {"price": "0.98", "size": "1013.45"}, {"price": "0.97", "size": "4385.53"}, {"price": "0.96", "size": "511.87"}, {"price": "0.95", "size": "1350.87"}, {"price": "0.94", "size": "1080.19"}], "event_type": "book", "last_trade_price": "0.920"}]}
{"_local_timestamp": "2026-01-25T23:34:00.137590+00:00", "data": {"market": "0x28c4adf797dd5b9c7bf353e858e3ca9918512e0a84233d165a59011f43d7084d", "price_changes": [{"asset_id": "6475712588769031386110083488235939935503265250908261928874611404975541499590", "price": "0.05", "size": "1100.87", "side": "BUY", "hash": "a9241d5cafab3c4204150b1affa6da9bdea5187e", "best_bid": "0.06", "best_ask": "0.08"}, {"asset_id": "113960393331759082920433235528267622630322498487684522691447565399625085276592", "price": "0.95", "size": "1100.87", "side": "SELL", "hash": "51bae4d7deded4d14755710ce4584114123cb153", "best_bid": "0.92", "best_ask": "0.94"}], "timestamp": "1769384040055", "event_type": "price_change"}}
{"_local_timestamp": "2026-01-25T23:34:00.161366+00:00", "data": {"market": "0x28c4adf797dd5b9c7bf353e858e3ca9918512e0a84233d165a59011f43d7084d", "price_changes": [{"asset_id": "113960393331759082920433235528267622630322498487684522691447565399625085276592", "price": "0.91", "size": "1294.3", "side": "BUY", "hash": "f9226aab9448825ab425271228aa9aa43ed14b0d", "best_bid": "0.92", "best_ask": "0.94"}, {"asset_id": "6475712588769031386110083488235939935503265250908261928874611404975541499590", "price": "0.09", "size": "1294.3", "side": "SELL", "hash": "e2d9be210340e9ce2dae405b98f63fa6c78d6a08", "best_bid": "0.06", "best_ask": "0.08"}], "timestamp": "1769384040094", "event_type": "price_change"}}
{"_local_timestamp": "2026-01-25T23:34:19.877270+00:00", "data": {"market": "0x28c4adf797dd5b9c7bf353e858e3ca9918512e0a84233d165a59011f43d7084d", "price_changes": [{"asset_id": "113960393331759082920433235528267622630322498487684522691447565399625085276592", "price": "0.29", "size": "489.65", "side": "BUY", "hash": "06cb49591ebea27d35bf7c6791d1f83e01e660f5", "best_bid": "0.92", "best_ask": "0.94"}, {"asset_id": "6475712588769031386110083488235939935503265250908261928874611404975541499590", "price": "0.71", "size": "489.65", "side": "SELL", "hash": "83f6c5958ead7bfafa59d2124e106cc52241a16c", "best_bid": "0.06", "best_ask": "0.08"}], "timestamp": "1769384059754", "event_type": "price_change"}}
{"_local_timestamp": "2026-01-25T23:34:27.726434+00:00", "data": {"market": "0x28c4adf797dd5b9c7bf353e858e3ca9918512e0a84233d165a59011f43d7084d", "price_changes": [{"asset_id": "113960393331759082920433235528267622630322498487684522691447565399625085276592", "price": "0.28", "size": "0", "side": "BUY", "hash": "51b0b863ab9daeb2dc0628009ece3acee90f4e2d", "best_bid": "0.92", "best_ask": "0.94"}, {"asset_id": "6475712588769031386110083488235939935503265250908261928874611404975541499590", "price": "0.72", "size": "0", "side": "SELL", "hash": "ad1bf9c89e27285444db50431426072b553fa5ec", "best_bid": "0.06", "best_ask": "0.08"}], "timestamp": "1769384067575", "event_type": "price_change"}}
{"_local_timestamp": "2026-01-25T23:34:28.562950+00:00", "data": {"market": "0x28c4adf797dd5b9c7bf353e858e3ca9918512e0a84233d165a59011f43d7084d", "price_changes": [{"asset_id": "113960393331759082920433235528267622630322498487684522691447565399625085276592", "price": "0.22", "size": "150", "side": "BUY", "hash": "9459d5ec9db4ada9568bbd93f73c2e133a1c82d1", "best_bid": "0.92", "best_ask": "0.94"}, {"asset_id": "6475712588769031386110083488235939935503265250908261928874611404975541499590", "price": "0.78", "size": "150", "side": "SELL", "hash": "a5359ac79b51b4b41af7cf6efa8d0eb5490567cd", "best_bid": "0.06", "best_ask": "0.08"}], "timestamp": "1769384068157", "event_type": "price_change"}}
{"_local_timestamp": "2026-01-25T23:35:07.557695+00:00", "data": {"market": "0x28c4adf797dd5b9c7bf353e858e3ca9918512e0a84233d165a59011f43d7084d", "price_changes": [{"asset_id": "113960393331759082920433235528267622630322498487684522691447565399625085276592", "price": "0.22", "size": "2058", "side": "BUY", "hash": "9475507fae8b14db6e36ea84192abe7cdc2e6c4f", "best_bid": "0.92", "best_ask": "0.94"}, {"asset_id": "6475712588769031386110083488235939935503265250908261928874611404975541499590", "price": "0.78", "size": "2058", "side": "SELL", "hash": "e511bedf0674bc4e8713537d597f6eb07dc460fb", "best_bid": "0.06", "best_ask": "0.08"}], "timestamp": "1769384107479", "event_type": "price_change"}}
{"_local_timestamp": "2026-01-25T23:35:07.738473+00:00", "data": {"market": "0x28c4adf797dd5b9c7bf353e858e3ca9918512e0a84233d165a59011f43d7084d", "price_changes": [{"asset_id": "6475712588769031386110083488235939935503265250908261928874611404975541499590", "price": "0.05", "size": "1350.87", "side": "BUY", "hash": "e8481991e6f633b42a85b8144b99f0f553bfcfbd", "best_bid": "0.06", "best_ask": "0.08"}, {"asset_id": "113960393331759082920433235528267622630322498487684522691447565399625085276592", "price": "0.95", "size": "1350.87", "side": "SELL", "hash": "07377809750fe684455810d46cc74d9c96cdbe93", "best_bid": "0.92", "best_ask": "0.94"}], "timestamp": "1769384107648", "event_type": "price_change"}}
{"_local_timestamp": "2026-01-25T23:35:07.820113+00:00", "data": {"market": "0x28c4adf797dd5b9c7bf353e858e3ca9918512e0a84233d165a59011f43d7084d", "price_changes": [{"asset_id": "113960393331759082920433235528267622630322498487684522691447565399625085276592", "price": "0.91", "size": "1419.3", "side": "BUY", "hash": "8eaa271749871456f31c6d54b7eb12895680f579", "best_bid": "0.92", "best_ask": "0.94"}, {"asset_id": "6475712588769031386110083488235939935503265250908261928874611404975541499590", "price": "0.09", "size": "1419.3", "side": "SELL", "hash": "b823ec4d49fc607f90c21e614057df938cfad557", "best_bid": "0.06", "best_ask": "0.08"}], "timestamp": "1769384107756", "event_type": "price_change"}}
{"_local_timestamp": "2026-01-25T23:35:26.746765+00:00", "data": {"market": "0x28c4adf797dd5b9c7bf353e858e3ca9918512e0a84233d165a59011f43d7084d", "price_changes": [{"asset_id": "113960393331759082920433235528267622630322498487684522691447565399625085276592", "price": "0.22", "size": "2008", "side": "BUY", "hash": "e4abbbe059000220a9746cc34a4e6f8efbf3a4d6", "best_bid": "0.92", "best_ask": "0.94"}, {"asset_id": "6475712588769031386110083488235939935503265250908261928874611404975541499590", "price": "0.78", "size": "2008", "side": "SELL", "hash": "8b8bda141b9ea862e03126620b9d69fc575b49df", "best_bid": "0.06", "best_ask": "0.08"}], "timestamp": "1769384126576", "event_type": "price_change"}}
{"_local_timestamp": "2026-01-25T23:35:27.068327+00:00", "data": {"market": "0x28c4adf797dd5b9c7bf353e858e3ca9918512e0a84233d165a59011f43d7084d", "price_changes": [{"asset_id": "113960393331759082920433235528267622630322498487684522691447565399625085276592", "price": "0.29", "size": "539.65", "side": "BUY", "hash": "56b98e06c91ab1015975cf140647885f09f3b779", "best_bid": "0.92", "best_ask": "0.94"}, {"asset_id": "6475712588769031386110083488235939935503265250908261928874611404975541499590", "price": "0.71", "size": "539.65", "side": "SELL", "hash": "722a21a7895869b2128170f27344e83fc641add2", "best_bid": "0.06", "best_ask": "0.08"}], "timestamp": "1769384126899", "event_type": "price_change"}}
{"_local_timestamp": "2026-01-25T23:35:28.096022+00:00", "data": {"market": "0x28c4adf797dd5b9c7bf353e858e3ca9918512e0a84233d165a59011f43d7084d", "price_changes": [{"asset_id": "6475712588769031386110083488235939935503265250908261928874611404975541499590", "price": "0.02", "size": "1000", "side": "BUY", "hash": "5cf005c1f6491bae66495a770baeaff814122abb", "best_bid": "0.06", "best_ask": "0.08"}, {"asset_id": "113960393331759082920433235528267622630322498487684522691447565399625085276592", "price": "0.98", "size": "1000", "side": "SELL", "hash": "6003edada0229875ffc85cb0afc52fbcc1b53498", "best_bid": "0.92", "best_ask": "0.94"}], "timestamp": "1769384128030", "event_type": "price_change"}}
{"_local_timestamp": "2026-01-25T23:35:28.096441+00:00", "data": {"market": "0x28c4adf797dd5b9c7bf353e858e3ca9918512e0a84233d165a59011f43d7084d", "price_changes": [{"asset_id": "6475712588769031386110083488235939935503265250908261928874611404975541499590", "price": "0.04", "size": "500", "side": "BUY", "hash": "5cf005c1f6491bae66495a770baeaff814122abb", "best_bid": "0.06", "best_ask": "0.08"}, {"asset_id": "113960393331759082920433235528267622630322498487684522691447565399625085276592", "price": "0.96", "size": "500", "side": "SELL", "hash": "6003edada0229875ffc85cb0afc52fbcc1b53498", "best_bid": "0.92", "best_ask": "0.94"}], "timestamp": "1769384128030", "event_type": "price_change"}}
{"_local_timestamp": "2026-01-25T23:35:29.101133+00:00", "data": {"market": "0x28c4adf797dd5b9c7bf353e858e3ca9918512e0a84233d165a59011f43d7084d", "price_changes": [{"asset_id": "6475712588769031386110083488235939935503265250908261928874611404975541499590", "price": "0.04", "size": "511.87", "side": "BUY", "hash": "c1b6580942fb2697c352dd08fa88d8c5a11bb9e7", "best_bid": "0.06", "best_ask": "0.08"}, {"asset_id": "113960393331759082920433235528267622630322498487684522691447565399625085276592", "price": "0.96", "size": "511.87", "side": "SELL", "hash": "37fd075e30d8ef0922352743da38309f7183d5e7", "best_bid": "0.92", "best_ask": "0.94"}], "timestamp": "1769384129024", "event_type": "price_change"}}
{"_local_timestamp": "2026-01-25T23:35:29.101552+00:00", "data": {"market": "0x28c4adf797dd5b9c7bf353e858e3ca9918512e0a84233d165a59011f43d7084d", "price_changes": [{"asset_id": "6475712588769031386110083488235939935503265250908261928874611404975541499590", "price": "0.02", "size": "1013.45", "side": "BUY", "hash": "f151729c3a770fa213c1bb842cfb54aa35e3e89f", "best_bid": "0.06", "best_ask": "0.08"}, {"asset_id": "113960393331759082920433235528267622630322498487684522691447565399625085276592", "price": "0.98", "size": "1013.45", "side": "SELL", "hash": "236bd1413428455a9b0590294dc9d703434de83e", "best_bid": "0.92", "best_ask": "0.94"}], "timestamp": "1769384129025", "event_type": "price_change"}}
