{"_local_timestamp": "2026-01-25T23:33:33.024506+00:00", "data": [{"market": "0x06490a306636bc4cbd2707c913664aaf202db85551ad54f51a5de263084af142", "asset_id": "19630185954595007155306553992473072214721346573404090665535694272597216393906", "timestamp": "1769383999337", "hash": "31c646947e8cd2816ba499fc8bd72bddb240bc47", "bids": [{"price": "0.01", "size": "2575.25"}, {"price": "0.02", "size": "108.56"}, {"price": "0.03", "size": "200"}, {"price": "0.04", "size": "105.8"}, {"price": "0.05", "size": "130"}, {"price": "0.06", "size": "233"}, {"price": "0.07", "size": "5.54"}, {"price": "0.11", "size": "225"}, {"price": "0.16", "size": "157.01"}, {"price": "0.22", "size": "200"}, {"price": "0.27", "size": "73.66"}, {"price": "0.28", "size": "20"}, {"price": "0.53", "size": "66.66"}], "asks": [{"price": "0.99", "size": "75.16"}, {"price": "0.98", "size": "25.56"}, {"price": "0.97", "size": "56.33"}, {"price": "0.96", "size": "97"}, {"price": "0.95", "size": "6"}, {"price": "0.94", "size": "72.93"}], "event_type": "book", "last_trade_price": ""}, {"market": "0x06490a306636bc4cbd2707c913664aaf202db85551ad54f51a5de263084af142", "asset_id": "106118271685589326812636160176961007010878728261891952476506984528476028145249", "timestamp": "1769383999337", "hash": "9d442b3fcbd1bb1fd03f55c55fe1849aa3cbc9e8", "bids": [{"price": "0.01", "size": "75.16"}, {"price": "0.02", "size": "25.56"}, {"price": "0.03", "size": "56.33"}, {"price": "0.04", "size": "97"}, {"price": "0.05", "size": "6"}, {"price": "0.06", "size": "72.93"}], "asks": [{"price": "0.99", "size": "2575.25"}, {"price": "0.98", "size": "108.56"}, {"price": "0.97", "size": "200"}, {"price": "0.96", "size": "105.8"}, {"price": "0.95", "size": "130"}, {"price": "0.94", "size": "233"}, {"price": "0.93", "size": "5.54"}, {"price": "0.89", "size": "225"}, {"price": "0.84", "size": "157.01"}, {"price": "0.78", "size": "200"}, {"price": "0.73", "size": "73.66"}, {"price": "0.72", "size": "20"}, {"price": "0.47", "size": "66.66"}], "event_type": "book", "last_trade_price": ""}, {"market": "0xbd170150af81f000d76f1dd82c6cd95d416f011eddd1cfd284c9f19201747621", "asset_id": "25606522774893959736045763151595381737278418490862594684827826612970734165778", "timestamp": "1769383974665", "hash": "96514654a272d95385d1399c1b14e976ad8fe978", "bids": [{"price": "0.01", "size": "5810.35"}, {"price": "0.02", "size": "2200"}, {"price": "0.03", "size": "9.68"}, {"price": "0.05", "size": "30"}, {"price": "0.06", "size": "33"}, {"price": "0.09", "size": "500"}, {"price": "0.1", "size": "6.06"}, {"price": "0.14", "size": "550"}, {"price": "0.18", "size": "5"}, {"price": "0.2", "size": "566.66"}, {"price": "0.21", "size": "100"}, {"price": "0.27", "size": "95"}, {"price": "0.36", "size": "66.66"}, {"price": "0.5", "size": "100"}, {"price": "0.51", "size": "66.66"}], "asks": [{"price": "0.99", "size": "76.59"}, {"price": "0.98", "size": "243.23"}, {"price": "0.97", "size": "145.6"}, {"price": "0.96", "size": "38.59"}, {"price": "0.95", "size": "21.99"}, {"price": "0.91", "size": "39.99"}], "event_type": "book", "last_trade_price": ""}, {"market": "0xbd170150af81f000d76f1dd82c6cd95d416f011eddd1cfd284c9f19201747621", "asset_id": "82922474319281728992031328218556520198589994372858423721126320590951133838371", "timestamp": "1769383974665", "hash": "bebf4f01a26aaef8fd51b700ce4fc282626cca19", "bids": [{"price": "0.01", "size": "76.59"}, {"price": "0.02", "size": "243.23"}, {"price": "0.03", "size": "145.6"}, {"price": "0.04", "size": "38.59"}, {"price": "0.05", "size": "21.99"}, {"price": "0.09", "size": "39.99"}], "asks": [{"price": "0.99", "size": "5810.35"}, {"price": "0.98", "size": "2200"}, {"price": "0.97", "size": "9.68"}, {"price": "0.95", "size": "30"}, {"price": "0.94", "size": "33"}, {"price": "0.91", "size": "500"}, {"price": "0.9", "size": "6.06"}, {"price": "0.86", "size": "550"}, {"price": "0.82", "size": "5"}, {"price": "0.8", "size": "566.66"}, {"price": "0.79", "size": "100"}, {"price": "0.73", "size": "95"}, {"price": "0.64", "size": "66.66"}, {"price": "0.5", "size": "100"}, {"price": "0.49", "size": "66.66"}], "event_type": "book", "last_trade_price": ""}]}
{"_local_timestamp": "2026-01-25T23:34:01.661981+00:00", "data": {"market": "0x06490a306636bc4cbd2707c913664aaf202db85551ad54f51a5de263084af142", "price_changes": [{"asset_id": "19630185954595007155306553992473072214721346573404090665535694272597216393906", "price": "0.01", "size": "3575.25", "side": "BUY", "hash": "0c5ed595bd9d40b673148172b876f6055a02b8e9", "best_bid": "0.53", "best_ask": "0.94"}, {"asset_id": "106118271685589326812636160176961007010878728261891952476506984528476028145249", "price": "0.99", "size": "3575.25", "side": "SELL", "hash": "221734492b401e2d2ba342b554dca814e8153443", "best_bid": "0.06", "best_ask": "0.47"}], "timestamp": "1769384041574", "event_type": "price_change"}}
{"_local_timestamp": "2026-01-25T23:34:01.664431+00:00", "data": {"market": "0x06490a306636bc4cbd2707c913664aaf202db85551ad54f51a5de263084af142", "price_changes": [{"asset_id": "19630185954595007155306553992473072214721346573404090665535694272597216393906", "price": "0.06", "size": "433", "side": "BUY", "hash": "ea00587708d7aad6e643460dd8299a449d240f8d", "best_bid": "0.53", "best_ask": "0.94"}, {"asset_id": "106118271685589326812636160176961007010878728261891952476506984528476028145249", "price": "0.94", "size": "433", "side": "SELL", "hash": "641aff9d02b895485e9645d38bb9aae7c6a1a1a3", "best_bid": "0.06", "best_ask": "0.47"}], "timestamp": "1769384041575", "event_type": "price_change"}}
{"_local_timestamp": "2026-01-25T23:34:01.668182+00:00", "data": {"market": "0x06490a306636bc4cbd2707c913664aaf202db85551ad54f51a5de263084af142", "price_changes": [{"asset_id": "19630185954595007155306553992473072214721346573404090665535694272597216393906", "price": "0.02", "size": "508.56", "side": "BUY", "hash": "403094f232ad7074ff1748e28190c08f11030988", "best_bid": "0.53", "best_ask": "0.94"}, {"asset_id": "106118271685589326812636160176961007010878728261891952476506984528476028145249", "price": "0.98", "size": "508.56", "side": "SELL", "hash": "c4b0a57bf8e919c5a2e4ca6cb81ba61773c2891d", "best_bid": "0.06", "best_ask": "0.47"}], "timestamp": "1769384041577", "event_type": "price_change"}}
{"_local_timestamp": "2026-01-25T23:34:12.972765+00:00", "data": {"market": "0x06490a306636bc4cbd2707c913664aaf202db85551ad54f51a5de263084af142", "price_changes": [{"asset_id": "19630185954595007155306553992473072214721346573404090665535694272597216393906", "price": "0.05", "size": "30", "side": "BUY", "hash": "c44dcbd78da46d58013ec9eeceb54c82b7836da2", "best_bid": "0.53", "best_ask": "0.94"}, {"asset_id": "106118271685589326812636160176961007010878728261891952476506984528476028145249", "price": "0.95", "size": "30", "side": "SELL", "hash": "befd5ce8d53d0b0fad708c6ac0d02fd8f3de2ab7", "best_bid": "0.06", "best_ask": "0.47"}], "timestamp": "1769384052812", "event_type": "price_change"}}
{"_local_timestamp": "2026-01-25T23:34:13.363737+00:00", "data": {"market": "0x06490a306636bc4cbd2707c913664aaf202db85551ad54f51a5de263084af142", "price_changes": [{"asset_id": "19630185954595007155306553992473072214721346573404090665535694272597216393906", "price": "0.02", "size": "608.56", "side": "BUY", "hash": "5fe4541efc1088370fd7ac77b9ba655a27ad0a35", "best_bid": "0.53", "best_ask": "0.94"}, {"asset_id": "106118271685589326812636160176961007010878728261891952476506984528476028145249", "price": "0.98", "size": "608.56", "side": "SELL", "hash": "ff037ac49f970666beb0320fe4336e1b095b2271", "best_bid": "0.06", "best_ask": "0.47"}], "timestamp": "1769384053284", "event_type": "price_change"}}
