{"_local_timestamp": "2026-01-25T23:33:33.024506+00:00", "data": [{"market": "0x06490a306636bc4cbd2707c913664aaf202db85551ad54f51a5de263084af142", "asset_id": "19630185954595007155306553992473072214721346573404090665535694272597216393906", "timestamp": "1769383999337", "hash": "31c646947e8cd2816ba499fc8bd72bddb240bc47", "bids": [{"price": "0.01", "size": "2575.25"}, {"price": "0.02", "size": "108.56"}, {"price": "0.03", "size": "200"}, {"price": "0.04", "size": "105.8"}, {"price": "0.05", "size": "130"}, {"price": "0.06", "size": "233"}, {"price": "0.07", "size": "5.54"}, {"price": "0.11", "size": "225"}, {"price": "0.16", "size": "157.01"}, {"price": "0.22", "size": "200"}, {"price": "0.27", "size": "73.66"}, {"price": "0.28", "size": "20"}, {"price": "0.53", "size": "66.66"}], "asks": [{"price": "0.99", "size": "75.16"}, {"price": "0.98", "size": "25.56"}, {"price": "0.97", "size": "56.33"}, {"price": "0.96", "size": "97"}, {"price": "0.95", "size": "6"}, {"price": "0.94", "size": "72.93"}], "event_type": "book", "last_trade_price": ""}, {"market": "0x06490a306636bc4cbd2707c913664aaf202db85551ad54f51a5de263084af142", "asset_id": "106118271685589326812636160176961007010878728261891952476506984528476028145249", "timestamp": "1769383999337", "hash": "9d442b3fcbd1bb1fd03f55c55fe1849aa3cbc9e8", "bids": [{"price": "0.01", "size": "75.16"}, {"price": "0.02", "size": "25.56"}, {"price": "0.03", "size": "56.33"}, {"price": "0.04", "size": "97"}, {"price": "0.05", "size": "6"}, {"price": "0.06", "size": "72.93"}], "asks": [{"price": "0.99", "size": "2575.25"}, {"price": "0.98", "size": "108.56"}, {"price": "0.97", "size": "200"}, {"price": "0.96", "size": "105.8"}, {"price": "0.95", "size": "130"}, {"price": "0.94", "size": "233"}, {"price": "0.93", "size": "5.54"}, {"price": "0.89", "size": "225"}, {"price": "0.84", "size": "157.01"}, {"price": "0.78", "size": "200"}, {"price": "0.73", "size": "73.66"}, {"price": "0.72", "size": "20"}, {"price": "0.47", "size": "66.66"}], "event_type": "book", "last_trade_price": ""}, {"market": "0xbd170150af81f000d76f1dd82c6cd95d416f011eddd1cfd284c9f19201747621", "asset_id": "25606522774893959736045763151595381737278418490862594684827826612970734165778", "timestamp": "1769383974665", "hash": "96514654a272d95385d1399c1b14e976ad8fe978", "bids": [{"price": "0.01", "size": "5810.35"}, {"price": "0.02", "size": "2200"}, {"price": "0.03", "size": "9.68"}, {"price": "0.05", "size": "30"}, {"price": "0.06", "size": "33"}, {"price": "0.09", "size": "500"}, {"price": "0.1", "size": "6.06"}, {"price": "0.14", "size": "550"}, {"price": "0.18", "size": "5"}, {"price": "0.2", "size": "566.66"}, {"price": "0.21", "size": "100"}, {"price": "0.27", "size": "95"}, {"price": "0.36", "size": "66.66"}, {"price": "0.5", "size": "100"}, {"price": "0.51", "size": "66.66"}], "asks": [{"price": "0.99", "size": "76.59"}, {"price": "0.98", "size": "243.23"}, {"price": "0.97", "size": "145.6"}, {"price": "0.96", "size": "38.59"}, {"price": "0.95", "size": "21.99"}, {"price": "0.91", "size": "39.99"}], "event_type": "book", "last_trade_price": ""}, {"market": "0xbd170150af81f000d76f1dd82c6cd95d416f011eddd1cfd284c9f19201747621", "asset_id": "82922474319281728992031328218556520198589994372858423721126320590951133838371", "timestamp": "1769383974665", "hash": "bebf4f01a26aaef8fd51b700ce4fc282626cca19", "bids": [{"price": "0.01", "size": "76.59"}, {"price": "0.02", "size": "243.23"}, {"price": "0.03", "size": "145.6"}, {"price": "0.04", "size": "38.59"}, {"price": "0.05", "size": "21.99"}, {"price": "0.09", "size": "39.99"}], "asks": [{"price": "0.99", "size": "5810.35"}, {"price": "0.98", "size": "2200"}, {"price": "0.97", "size": "9.68"}, {"price": "0.95", "size": "30"}, {"price": "0.94", "size": "33"}, {"price": "0.91", "size": "500"}, {"price": "0.9", "size": "6.06"}, {"price": "0.86", "size": "550"}, {"price": "0.82", "size": "5"}, {"price": "0.8", "size": "566.66"}, {"price": "0.79", "size": "100"}, {"price": "0.73", "size": "95"}, {"price": "0.64", "size": "66.66"}, {"price": "0.5", "size": "100"}, {"price": "0.49", "size": "66.66"}], "event_type": "book", "last_trade_price": ""}]}
{"_local_timestamp": "2026-01-25T23:34:01.661981+00:00", "data": {"market": "0x06490a306636bc4cbd2707c913664aaf202db85551ad54f51a5de263084af142", "price_changes": [{"asset_id": "19630185954595007155306553992473072214721346573404090665535694272597216393906", "price": "0.01", "size": "3575.25", "side": "BUY", "hash": "0c5ed595bd9d40b673148172b876f6055a02b8e9", "best_bid": "0.53", "best_ask": "0.94"}, {"asset_id": "106118271685589326812636160176961007010878728261891952476506984528476028145249", "price": "0.99", "size": "3575.25", "side": "SELL", "hash": "221734492b401e2d2ba342b554dca814e8153443", "best_bid": "0.06", "best_ask": "0.47"}], "timestamp": "1769384041574", "event_type": "price_change"}}
{"_local_timestamp": "2026-01-25T23:34:01.664431+00:00", "data": {"market": "0x06490a306636bc4cbd2707c913664aaf202db85551ad54f51a5de263084af142", "price_changes": [{"asset_id": "19630185954595007155306553992473072214721346573404090665535694272597216393906", "price": "0.06", "size": "433", "side": "BUY", "hash": "ea00587708d7aad6e643460dd8299a449d240f8d", "best_bid": "0.53", "best_ask": "0.94"}, {"asset_id": "106118271685589326812636160176961007010878728261891952476506984528476028145249", "price": "0.94", "size": "433", "side": "SELL", "hash": "641aff9d02b895485e9645d38bb9aae7c6a1a1a3", "best_bid": "0.06", "best_ask": "0.47"}], "timestamp": "1769384041575", "event_type": "price_change"}}
{"_local_timestamp": "2026-01-25T23:34:01.668182+00:00", "data": {"market": "0x06490a306636bc4cbd2707c913664aaf202db85551ad54f51a5de263084af142", "price_changes": [{"asset_id": "19630185954595007155306553992473072214721346573404090665535694272597216393906", "price": "0.02", "size": "508.56", "side": "BUY", "hash": "403094f232ad7074ff1748e28190c08f11030988", "best_bid": "0.53", "best_ask": "0.94"}, {"asset_id": "106118271685589326812636160176961007010878728261891952476506984528476028145249", "price": "0.98", "size": "508.56", "side": "SELL", "hash": "c4b0a57bf8e919c5a2e4ca6cb81ba61773c2891d", "best_bid": "0.06", "best_ask": "0.47"}], "timestamp": "1769384041577", "event_type": "price_change"}}
{"_local_timestamp": "2026-01-25T23:34:12.972765+00:00", "data": {"market": "0x06490a306636bc4cbd2707c913664aaf202db85551ad54f51a5de263084af142", "price_changes": [{"asset_id": "19630185954595007155306553992473072214721346573404090665535694272597216393906", "price": "0.05", "size": "30", "side": "BUY", "hash": "c44dcbd78da46d58013ec9eeceb54c82b7836da2", "best_bid": "0.53", "best_ask": "0.94"}, {"asset_id": "106118271685589326812636160176961007010878728261891952476506984528476028145249", "price": "0.95", "size": "30", "side": "SELL", "hash": "befd5ce8d53d0b0fad708c6ac0d02fd8f3de2ab7", "best_bid": "0.06", "best_ask": "0.47"}], "timestamp": "1769384052812", "event_type": "price_change"}}
{"_local_timestamp": "2026-01-25T23:34:13.363737+00:00", "data": {"market": "0x06490a306636bc4cbd2707c913664aaf202db85551ad54f51a5de263084af142", "price_changes": [{"asset_id": "19630185954595007155306553992473072214721346573404090665535694272597216393906", "price": "0.02", "size": "608.56", "side": "BUY", "hash": "5fe4541efc1088370fd7ac77b9ba655a27ad0a35", "best_bid": "0.53", "best_ask": "0.94"}, {"asset_id": "106118271685589326812636160176961007010878728261891952476506984528476028145249", "price": "0.98", "size": "608.56", "side": "SELL", "hash": "ff037ac49f970666beb0320fe4336e1b095b2271", "best_bid": "0.06", "best_ask": "0.47"}], "timestamp": "1769384053284", "event_type": "price_change"}}
{"_local_timestamp": "2026-01-25T23:34:19.927551+00:00", "data": {"market": "0xbd170150af81f000d76f1dd82c6cd95d416f011eddd1cfd284c9f19201747621", "price_changes": [{"asset_id": "25606522774893959736045763151595381737278418490862594684827826612970734165778", "price": "0.18", "size": "0", "side": "BUY", "hash": "6dfd26e5eccb68096e1d2366a642b0508b844ed2", "best_bid": "0.51", "best_ask": "0.91"}, {"asset_id": "82922474319281728992031328218556520198589994372858423721126320590951133838371", "price": "0.82", "size": "0", "side": "SELL", "hash": "dcca21814fa9d1aa7548196a458d74a975c94b82", "best_bid": "0.09", "best_ask": "0.49"}], "timestamp": "1769384059770", "event_type": "price_change"}}
{"_local_timestamp": "2026-01-25T23:34:20.114155+00:00", "data": {"market": "0xbd170150af81f000d76f1dd82c6cd95d416f011eddd1cfd284c9f19201747621", "price_changes": [{"asset_id": "25606522774893959736045763151595381737278418490862594684827826612970734165778", "price": "0.18", "size": "5", "side": "BUY", "hash": "d36f9f77073668cc4f926cdf5f418ab7eb8a750c", "best_bid": "0.51", "best_ask": "0.91"}, {"asset_id": "82922474319281728992031328218556520198589994372858423721126320590951133838371", "price": "0.82", "size": "5", "side": "SELL", "hash": "67fb5b9398cd7d48e5e67c1591c7527c6a279ecd", "best_bid": "0.09", "best_ask": "0.49"}], "timestamp": "1769384060028", "event_type": "price_change"}}
{"_local_timestamp": "2026-01-25T23:34:28.673877+00:00", "data": {"market": "0x06490a306636bc4cbd2707c913664aaf202db85551ad54f51a5de263084af142", "price_changes": [{"asset_id": "19630185954595007155306553992473072214721346573404090665535694272597216393906", "price": "0.01", "size": "3875.25", "side": "BUY", "hash": "11757fc3858c0dfe981445acc3f3a2e9e7f4a952", "best_bid": "0.53", "best_ask": "0.94"}, {"asset_id": "106118271685589326812636160176961007010878728261891952476506984528476028145249", "price": "0.99", "size": "3875.25", "side": "SELL", "hash": "9bee5cca57ed3978ec4855230f9dd16b35c0e87b", "best_bid": "0.06", "best_ask": "0.47"}], "timestamp": "1769384068144", "event_type": "price_change"}}
{"_local_timestamp": "2026-01-25T23:34:30.408054+00:00", "data": {"market": "0x06490a306636bc4cbd2707c913664aaf202db85551ad54f51a5de263084af142", "price_changes": [{"asset_id": "19630185954595007155306553992473072214721346573404090665535694272597216393906", "price": "0.16", "size": "150", "side": "BUY", "hash": "54cd919ad2577ee64d7512d6cfd6c2d5d929560b", "best_bid": "0.53", "best_ask": "0.94"}, {"asset_id": "106118271685589326812636160176961007010878728261891952476506984528476028145249", "price": "0.84", "size": "150", "side": "SELL", "hash": "9b35320e637c8aeaac213de5de29edaa89cb3209", "best_bid": "0.06", "best_ask": "0.47"}], "timestamp": "1769384070078", "event_type": "price_change"}}
{"_local_timestamp": "2026-01-25T23:34:30.785655+00:00", "data": {"market": "0x06490a306636bc4cbd2707c913664aaf202db85551ad54f51a5de263084af142", "price_changes": [{"asset_id": "19630185954595007155306553992473072214721346573404090665535694272597216393906", "price": "0.17", "size": "6.6", "side": "BUY", "hash": "56d9ba88f5f408e7ff470917fbe3c424c38327e2", "best_bid": "0.53", "best_ask": "0.94"}, {"asset_id": "106118271685589326812636160176961007010878728261891952476506984528476028145249", "price": "0.83", "size": "6.6", "side": "SELL", "hash": "34b93e9595fd747311791c23a98835a8e4af950a", "best_bid": "0.06", "best_ask": "0.47"}], "timestamp": "1769384070482", "event_type": "price_change"}}
{"_local_timestamp": "2026-01-25T23:34:40.738483+00:00", "data": {"market": "0x06490a306636bc4cbd2707c913664aaf202db85551ad54f51a5de263084af142", "price_changes": [{"asset_id": "19630185954595007155306553992473072214721346573404090665535694272597216393906", "price": "0.02", "size": "1408.56", "side": "BUY", "hash": "c9b2ac5c3175686afde3ecab01dce8e2c0a04186", "best_bid": "0.53", "best_ask": "0.94"}, {"asset_id": "106118271685589326812636160176961007010878728261891952476506984528476028145249", "price": "0.98", "size": "1408.56", "side": "SELL", "hash": "096205cc76d3b73dbeba7eb9b47b5a4f9669a810", "best_bid": "0.06", "best_ask": "0.47"}], "timestamp": "1769384080643", "event_type": "price_change"}}
{"_local_timestamp": "2026-01-25T23:35:07.854786+00:00", "data": {"market": "0x06490a306636bc4cbd2707c913664aaf202db85551ad54f51a5de263084af142", "price_changes": [{"asset_id": "19630185954595007155306553992473072214721346573404090665535694272597216393906", "price": "0.53", "size": "0", "side": "BUY", "hash": "5b34eaf02145b7bab1053f5e08c3ec5b5d309c4d", "best_bid": "0.28", "best_ask": "0.94"}, {"asset_id": "106118271685589326812636160176961007010878728261891952476506984528476028145249", "price": "0.47", "size": "0", "side": "SELL", "hash": "840f581ab371d9c4506feaaaaac04f21377de038", "best_bid": "0.06", "best_ask": "0.72"}], "timestamp": "1769384107788", "event_type": "price_change"}}
{"_local_timestamp": "2026-01-25T23:35:07.876788+00:00", "data": {"market": "0x06490a306636bc4cbd2707c913664aaf202db85551ad54f51a5de263084af142", "price_changes": [{"asset_id": "19630185954595007155306553992473072214721346573404090665535694272597216393906", "price": "0.4", "size": "20", "side": "BUY", "hash": "e0746b0bccd8d6173d0c3b482ec59c697a3d36d3", "best_bid": "0.4", "best_ask": "0.94"}, {"asset_id": "106118271685589326812636160176961007010878728261891952476506984528476028145249", "price": "0.6", "size": "20", "side": "SELL", "hash": "7ac1b835e7d651a0cce4a038c6d68d6e70c757d7", "best_bid": "0.06", "best_ask": "0.6"}], "timestamp": "1769384107811", "event_type": "price_change"}}
{"_local_timestamp": "2026-01-25T23:35:08.228359+00:00", "data": {"market": "0x06490a306636bc4cbd2707c913664aaf202db85551ad54f51a5de263084af142", "price_changes": [{"asset_id": "19630185954595007155306553992473072214721346573404090665535694272597216393906", "price": "0.15", "size": "66.66", "side": "BUY", "hash": "7dcbda1c1658ffb5c9c5afb39038f3632eecac6f", "best_bid": "0.4", "best_ask": "0.94"}, {"asset_id": "106118271685589326812636160176961007010878728261891952476506984528476028145249", "price": "0.85", "size": "66.66", "side": "SELL", "hash": "80d2fd1bea909e6e271620ac9e6fe41e7222b989", "best_bid": "0.06", "best_ask": "0.6"}], "timestamp": "1769384108163", "event_type": "price_change"}}
{"_local_timestamp": "2026-01-25T23:35:09.380285+00:00", "data": {"market": "0x06490a306636bc4cbd2707c913664aaf202db85551ad54f51a5de263084af142", "price_changes": [{"asset_id": "19630185954595007155306553992473072214721346573404090665535694272597216393906", "price": "0.28", "size": "0", "side": "BUY", "hash": "72f741bfe48f7261ed91b3b794f4d13dba6e254d", "best_bid": "0.4", "best_ask": "0.94"}, {"asset_id": "106118271685589326812636160176961007010878728261891952476506984528476028145249", "price": "0.72", "size": "0", "side": "SELL", "hash": "5de1394e88c41db7f080dd6036112519d6610eaf", "best_bid": "0.06", "best_ask": "0.6"}], "timestamp": "1769384109318", "event_type": "price_change"}}
{"_local_timestamp": "2026-01-25T23:35:09.416057+00:00", "data": {"market": "0x06490a306636bc4cbd2707c913664aaf202db85551ad54f51a5de263084af142", "price_changes": [{"asset_id": "19630185954595007155306553992473072214721346573404090665535694272597216393906", "price": "0.41", "size": "20", "side": "BUY", "hash": "1261831d86bd6db9259bfef20efc1c2bbdab6f53", "best_bid": "0.41", "best_ask": "0.94"}, {"asset_id": "106118271685589326812636160176961007010878728261891952476506984528476028145249", "price": "0.59", "size": "20", "side": "SELL", "hash": "30afb2700b120b1949e9c2dbd1563462cb970278", "best_bid": "0.06", "best_ask": "0.59"}], "timestamp": "1769384109347", "event_type": "price_change"}}
{"_local_timestamp": "2026-01-25T23:35:09.457728+00:00", "data": {"market": "0x06490a306636bc4cbd2707c913664aaf202db85551ad54f51a5de263084af142", "price_changes": [{"asset_id": "19630185954595007155306553992473072214721346573404090665535694272597216393906", "price": "0.4", "size": "0", "side": "BUY", "hash": "c60e2576caf1948caf87a874ee29b206ee5af634", "best_bid": "0.41", "best_ask": "0.94"}, {"asset_id": "106118271685589326812636160176961007010878728261891952476506984528476028145249", "price": "0.6", "size": "0", "side": "SELL", "hash": "9f1245c1da6d88dd9b5e3202b8d1501fdb351131", "best_bid": "0.06", "best_ask": "0.59"}], "timestamp": "1769384109372", "event_type": "price_change"}}
{"_local_timestamp": "2026-01-25T23:35:09.458737+00:00", "data": {"market": "0x06490a306636bc4cbd2707c913664aaf202db85551ad54f51a5de263084af142", "price_changes": [{"asset_id": "19630185954595007155306553992473072214721346573404090665535694272597216393906", "price": "0.44", "size": "20", "side": "BUY", "hash": "c96eec2aaf54cf1415753b97b312949402063706", "best_bid": "0.44", "best_ask": "0.94"}, {"asset_id": "106118271685589326812636160176961007010878728261891952476506984528476028145249", "price": "0.56", "size": "20", "side": "SELL", "hash": "5471f2275521f0ff4acaaa42b85e68f853a4f9b6", "best_bid": "0.06", "best_ask": "0.56"}], "timestamp": "1769384109390", "event_type": "price_change"}}
{"_local_timestamp": "2026-01-25T23:35:11.182208+00:00", "data": {"market": "0x06490a306636bc4cbd2707c913664aaf202db85551ad54f51a5de263084af142", "price_changes": [{"asset_id": "19630185954595007155306553992473072214721346573404090665535694272597216393906", "price": "0.41", "size": "0", "side": "BUY", "hash": "635d4d1afd53a0ab3bb713a915dadf5a9516b094", "best_bid": "0.44", "best_ask": "0.94"}, {"asset_id": "106118271685589326812636160176961007010878728261891952476506984528476028145249", "price": "0.59", "size": "0", "side": "SELL", "hash": "d3f548b688874a304b2333a98483a6a2d87fde46", "best_bid": "0.06", "best_ask": "0.56"}], "timestamp": "1769384111021", "event_type": "price_change"}}
{"_local_timestamp": "2026-01-25T23:35:11.241647+00:00", "data": {"market": "0x06490a306636bc4cbd2707c913664aaf202db85551ad54f51a5de263084af142", "price_changes": [{"asset_id": "19630185954595007155306553992473072214721346573404090665535694272597216393906", "price": "0.45", "size": "20", "side": "BUY", "hash": "38d8200f38316f04bb252e0ff7a9f07ccfa602df", "best_bid": "0.45", "best_ask": "0.94"}, {"asset_id": "106118271685589326812636160176961007010878728261891952476506984528476028145249", "price": "0.55", "size": "20", "side": "SELL", "hash": "c51beae45d88e907065c8ae37b6b0eb3f6fa2d75", "best_bid": "0.06", "best_ask": "0.55"}], "timestamp": "1769384111049", "event_type": "price_change"}}
{"_local_timestamp": "2026-01-25T23:35:11.269347+00:00", "data": {"market": "0x06490a306636bc4cbd2707c913664aaf202db85551ad54f51a5de263084af142", "price_changes": [{"asset_id": "19630185954595007155306553992473072214721346573404090665535694272597216393906", "price": "0.44", "size": "0", "side": "BUY", "hash": "067dfd2abc46c8e2a518d305042f702938ffec88", "best_bid": "0.45", "best_ask": "0.94"}, {"asset_id": "106118271685589326812636160176961007010878728261891952476506984528476028145249", "price": "0.56", "size": "0", "side": "SELL", "hash": "f9704a81d588cf4dea594748bc821fa84254dc5c", "best_bid": "0.06", "best_ask": "0.55"}], "timestamp": "1769384111086", "event_type": "price_change"}}
{"_local_timestamp": "2026-01-25T23:35:11.282170+00:00", "data": {"market": "0x06490a306636bc4cbd2707c913664aaf202db85551ad54f51a5de263084af142", "price_changes": [{"asset_id": "19630185954595007155306553992473072214721346573404090665535694272597216393906", "price": "0.48", "size": "20", "side": "BUY", "hash": "111f492c42afa14ffe961afc8bc8b031960e4ace", "best_bid": "0.48", "best_ask": "0.94"}, {"asset_id": "106118271685589326812636160176961007010878728261891952476506984528476028145249", "price": "0.52", "size": "20", "side": "SELL", "hash": "106ba12b5ff9272dc7e7e9a2813be7720c2a21eb", "best_bid": "0.06", "best_ask": "0.52"}], "timestamp": "1769384111109", "event_type": "price_change"}}
{"_local_timestamp": "2026-01-25T23:35:12.184110+00:00", "data": {"market": "0x06490a306636bc4cbd2707c913664aaf202db85551ad54f51a5de263084af142", "price_changes": [{"asset_id": "19630185954595007155306553992473072214721346573404090665535694272597216393906", "price": "0.45", "size": "0", "side": "BUY", "hash": "df4cd423882c7d08b2614d5148247c146c7d59b9", "best_bid": "0.48", "best_ask": "0.94"}, {"asset_id": "106118271685589326812636160176961007010878728261891952476506984528476028145249", "price": "0.55", "size": "0", "side": "SELL", "hash": "bf2a9975f257d4a0f3e46e1e2e9008cc53a0ee4e", "best_bid": "0.06", "best_ask": "0.52"}], "timestamp": "1769384112083", "event_type": "price_change"}}
{"_local_timestamp": "2026-01-25T23:35:12.200590+00:00", "data": {"market": "0x06490a306636bc4cbd2707c913664aaf202db85551ad54f51a5de263084af142", "price_changes": [{"asset_id": "19630185954595007155306553992473072214721346573404090665535694272597216393906", "price": "0.28", "size": "20", "side": "BUY", "hash": "2db4285e3629367bb393b6440967e93bd90d4e7f", "best_bid": "0.48", "best_ask": "0.94"}, {"asset_id": "106118271685589326812636160176961007010878728261891952476506984528476028145249", "price": "0.72", "size": "20", "side": "SELL", "hash": "6877386f769d7b1cb6540845f516b0643faca745", "best_bid": "0.06", "best_ask": "0.52"}], "timestamp": "1769384112111", "event_type": "price_change"}}
{"_local_timestamp": "2026-01-25T23:35:27.852697+00:00", "data": {"market": "0x06490a306636bc4cbd2707c913664aaf202db85551ad54f51a5de263084af142", "price_changes": [{"asset_id": "19630185954595007155306553992473072214721346573404090665535694272597216393906", "price": "0.49", "size": "100", "side": "BUY", "hash": "c4e267926a4f57883ddef9b29af870e81e515afa", "best_bid": "0.49", "best_ask": "0.94"}, {"asset_id": "106118271685589326812636160176961007010878728261891952476506984528476028145249", "price": "0.51", "size": "100", "side": "SELL", "hash": "1ace208df49b416cb59c566a8686e9059aa1db5f", "best_bid": "0.06", "best_ask": "0.51"}], "timestamp": "1769384127620", "event_type": "price_change"}}
{"_local_timestamp": "2026-01-25T23:35:27.853494+00:00", "data": {"market": "0x06490a306636bc4cbd2707c913664aaf202db85551ad54f51a5de263084af142", "price_changes": [{"asset_id": "19630185954595007155306553992473072214721346573404090665535694272597216393906", "price": "0.48", "size": "120", "side": "BUY", "hash": "10f2a5e745099ef3ab88f73a8b3b2351c44ec813", "best_bid": "0.49", "best_ask": "0.94"}, {"asset_id": "106118271685589326812636160176961007010878728261891952476506984528476028145249", "price": "0.52", "size": "120", "side": "SELL", "hash": "bd8ed978bd4a32195c286aeac2992f03b820f002", "best_bid": "0.06", "best_ask": "0.51"}], "timestamp": "1769384127621", "event_type": "price_change"}}
{"_local_timestamp": "2026-01-25T23:35:27.866705+00:00", "data": {"market": "0x06490a306636bc4cbd2707c913664aaf202db85551ad54f51a5de263084af142", "price_changes": [{"asset_id": "19630185954595007155306553992473072214721346573404090665535694272597216393906", "price": "0.48", "size": "100", "side": "BUY", "hash": "8421e460989efb4e468858faa501d5434fbf888f", "best_bid": "0.49", "best_ask": "0.94"}, {"asset_id": "106118271685589326812636160176961007010878728261891952476506984528476028145249", "price": "0.52", "size": "100", "side": "SELL", "hash": "7bf336097a05a5b11947c49e05ee7823aa2c315d", "best_bid": "0.06", "best_ask": "0.51"}], "timestamp": "1769384127640", "event_type": "price_change"}}
{"_local_timestamp": "2026-01-25T23:35:27.883793+00:00", "data": {"market": "0x06490a306636bc4cbd2707c913664aaf202db85551ad54f51a5de263084af142", "price_changes": [{"asset_id": "19630185954595007155306553992473072214721346573404090665535694272597216393906", "price": "0.5", "size": "20", "side": "BUY", "hash": "44a378021f5acacee3253d1d3b0290b56e39ee35", "best_bid": "0.5", "best_ask": "0.94"}, {"asset_id": "106118271685589326812636160176961007010878728261891952476506984528476028145249", "price": "0.5", "size": "20", "side": "SELL", "hash": "1c0fa8dd6eca7305415f3bd75ff53cbcb2e5fb40", "best_bid": "0.06", "best_ask": "0.5"}], "timestamp": "1769384127662", "event_type": "price_change"}}
{"_local_timestamp": "2026-01-25T23:35:33.570380+00:00", "data": {"market": "0xbd170150af81f000d76f1dd82c6cd95d416f011eddd1cfd284c9f19201747621", "price_changes": [{"asset_id": "25606522774893959736045763151595381737278418490862594684827826612970734165778", "price": "0.18", "size": "0", "side": "BUY", "hash": "ded69f34edf8b9271cda5bbe284543ba7f6adffa", "best_bid": "0.51", "best_ask": "0.91"}, {"asset_id": "82922474319281728992031328218556520198589994372858423721126320590951133838371", "price": "0.82", "size": "0", "side": "SELL", "hash": "a104397748c24e2d40071dd7a1f6e5095951599f", "best_bid": "0.09", "best_ask": "0.49"}], "timestamp": "1769384133344", "event_type": "price_change"}}
{"_local_timestamp": "2026-01-25T23:35:33.866576+00:00", "data": {"market": "0xbd170150af81f000d76f1dd82c6cd95d416f011eddd1cfd284c9f19201747621", "price_changes": [{"asset_id": "25606522774893959736045763151595381737278418490862594684827826612970734165778", "price": "0.18", "size": "5", "side": "BUY", "hash": "11655a209e72dd4a8b7d4bf223b5259cba30428f", "best_bid": "0.51", "best_ask": "0.91"}, {"asset_id": "82922474319281728992031328218556520198589994372858423721126320590951133838371", "price": "0.82", "size": "5", "side": "SELL", "hash": "04092d5f23c57f9168715ed67d9c434b3d88841a", "best_bid": "0.09", "best_ask": "0.49"}], "timestamp": "1769384133668", "event_type": "price_change"}}
{"_local_timestamp": "2026-01-25T23:35:38.742901+00:00", "data": {"market": "0x06490a306636bc4cbd2707c913664aaf202db85551ad54f51a5de263084af142", "price_changes": [{"asset_id": "19630185954595007155306553992473072214721346573404090665535694272597216393906", "price": "0.06", "size": "233", "side": "BUY", "hash": "a719e9514129cb14c900e9852a6dc000802c58cb", "best_bid": "0.5", "best_ask": "0.94"}, {"asset_id": "106118271685589326812636160176961007010878728261891952476506984528476028145249", "price": "0.94", "size": "233", "side": "SELL", "hash": "358797c245b8756fe9b741b1f54b914f79fcbe46", "best_bid": "0.06", "best_ask": "0.5"}], "timestamp": "1769384138675", "event_type": "price_change"}}
{"_local_timestamp": "2026-01-25T23:35:38.743278+00:00", "data": {"market": "0x06490a306636bc4cbd2707c913664aaf202db85551ad54f51a5de263084af142", "price_changes": [{"asset_id": "19630185954595007155306553992473072214721346573404090665535694272597216393906", "price": "0.02", "size": "1008.56", "side": "BUY", "hash": "a719e9514129cb14c900e9852a6dc000802c58cb", "best_bid": "0.5", "best_ask": "0.94"}, {"asset_id": "106118271685589326812636160176961007010878728261891952476506984528476028145249", "price": "0.98", "size": "1008.56", "side": "SELL", "hash": "358797c245b8756fe9b741b1f54b914f79fcbe46", "best_bid": "0.06", "best_ask": "0.5"}], "timestamp": "1769384138675", "event_type": "price_change"}}
{"_local_timestamp": "2026-01-25T23:35:50.003620+00:00", "data": {"market": "0x06490a306636bc4cbd2707c913664aaf202db85551ad54f51a5de263084af142", "price_changes": [{"asset_id": "19630185954595007155306553992473072214721346573404090665535694272597216393906", "price": "0.48", "size": "0", "side": "BUY", "hash": "70990793a2c3fdf4be0dc998b57a79ee39e83453", "best_bid": "0.5", "best_ask": "0.94"}, {"asset_id": "106118271685589326812636160176961007010878728261891952476506984528476028145249", "price": "0.52", "size": "0", "side": "SELL", "hash": "ab912be6116945f5ace5854515ddca4701d74e33", "best_bid": "0.06", "best_ask": "0.5"}], "timestamp": "1769384149936", "event_type": "price_change"}}
{"_local_timestamp": "2026-01-25T23:36:02.384252+00:00", "data": {"market": "0x06490a306636bc4cbd2707c913664aaf202db85551ad54f51a5de263084af142", "price_changes": [{"asset_id": "19630185954595007155306553992473072214721346573404090665535694272597216393906", "price": "0.11", "size": "0", "side": "BUY", "hash": "87fdd76e8a7a17988a89e0cd8a23c31c52771f2f", "best_bid": "0.5", "best_ask": "0.94"}, {"asset_id": "106118271685589326812636160176961007010878728261891952476506984528476028145249", "price": "0.89", "size": "0", "side": "SELL", "hash": "f6dc62d21502989ac353c6fc3629fdafb09f8901", "best_bid": "0.06", "best_ask": "0.5"}], "timestamp": "1769384162266", "event_type": "price_change"}}
{"_local_timestamp": "2026-01-25T23:36:02.654772+00:00", "data": {"market": "0x06490a306636bc4cbd2707c913664aaf202db85551ad54f51a5de263084af142", "price_changes": [{"asset_id": "19630185954595007155306553992473072214721346573404090665535694272597216393906", "price": "0.15", "size": "291.66", "side": "BUY", "hash": "9b8ed1e9ac9135042e955275fbf0084041c96927", "best_bid": "0.5", "best_ask": "0.94"}, {"asset_id": "106118271685589326812636160176961007010878728261891952476506984528476028145249", "price": "0.85", "size": "291.66", "side": "SELL", "hash": "79781d59c2b8c7b406d54469d9ef952ceeb6f280", "best_bid": "0.06", "best_ask": "0.5"}], "timestamp": "1769384162553", "event_type": "price_change"}}
