{"_local_timestamp": "2026-01-25T23:33:24.492158+00:00", "data": [{"market": "0x7656f6b5d8988d3c56dd8c8de877aa5399bea999afea78b520191b752c2c5e7a", "asset_id": "27601966694841917960961251896892498011332304187209747178453587866001165773488", "timestamp": "1769383901924", "hash": "2130358ad5ef590a6f2f353b020dbd5eab9c340b", "bids": [{"price": "0.001", "size": "8962.99"}, {"price": "0.002", "size": "687.92"}, {"price": "0.003", "size": "74.49"}, {"price": "0.004", "size": "114"}, {"price": "0.005", "size": "86.56"}, {"price": "0.01", "size": "10"}, {"price": "0.011", "size": "9.43"}, {"price": "0.02", "size": "500"}, {"price": "0.021", "size": "51"}, {"price": "0.022", "size": "1007.15"}, {"price": "0.023", "size": "251.8"}, {"price": "0.024", "size": "45.4"}], "asks": [{"price": "0.999", "size": "4209.13"}, {"price": "0.998", "size": "250"}, {"price": "0.997", "size": "408.3"}, {"price": "0.996", "size": "200"}, {"price": "0.994", "size": "200"}, {"price": "0.993", "size": "100"}, {"price": "0.992", "size": "12.27"}, {"price": "0.99", "size": "10"}, {"price": "0.989", "size": "9.09"}, {"price": "0.95", "size": "30"}, {"price": "0.949", "size": "39"}, {"price": "0.948", "size": "38"}, {"price": "0.947", "size": "14.46"}, {"price": "0.069", "size": "13.86"}, {"price": "0.068", "size": "6.87"}], "event_type": "book", "last_trade_price": ""}, {"market": "0x7656f6b5d8988d3c56dd8c8de877aa5399bea999afea78b520191b752c2c5e7a", "asset_id": "60390216528157029440342636134207891973542047549304882602354573391655500936261", "timestamp": "1769383901924", "hash": "1aa79ddcd531b738f03200c7080d81c08cbf76f5", "bids": [{"price": "0.001", "size": "4209.13"}, {"price": "0.002", "size": "250"}, {"price": "0.003", "size": "408.3"}, {"price": "0.004", "size": "200"}, {"price": "0.006", "size": "200"}, {"price": "0.007", "size": "100"}, {"price": "0.008", "size": "12.27"}, {"price": "0.01", "size": "10"}, {"price": "0.011", "size": "9.09"}, {"price": "0.05", "size": "30"}, {"price": "0.051", "size": "39"}, {"price": "0.052", "size": "38"}, {"price": "0.053", "size": "14.46"}, {"price": "0.931", "size": "13.86"}, {"price": "0.932", "size": "6.87"}], "asks": [{"price": "0.999", "size": "8962.99"}, {"price": "0.998", "size": "687.92"}, {"price": "0.997", "size": "74.49"}, {"price": "0.996", "size": "114"}, {"price": "0.995", "size": "86.56"}, {"price": "0.99", "size": "10"}, {"price": "0.989", "size": "9.43"}, {"price": "0.98", "size": "500"}, {"price": "0.979", "size": "51"}, {"price": "0.978", "size": "1007.15"}, {"price": "0.977", "size": "251.8"}, {"price": "0.976", "size": "45.4"}], "event_type": "book", "last_trade_price": ""}]}
{"_local_timestamp": "2026-01-25T23:35:29.446980+00:00", "data": {"market": "0x7656f6b5d8988d3c56dd8c8de877aa5399bea999afea78b520191b752c2c5e7a", "price_changes": [{"asset_id": "27601966694841917960961251896892498011332304187209747178453587866001165773488", "price": "0.003", "size": "28.61", "side": "BUY", "hash": "4db9f1295073665d26edd0edd9b239f02fb086de", "best_bid": "0.024", "best_ask": "0.068"}, {"asset_id": "60390216528157029440342636134207891973542047549304882602354573391655500936261", "price": "0.997", "size": "28.61", "side": "SELL", "hash": "4c2095cdecf211abc9053f3c659e1e54ab787bdf", "best_bid": "0.932", "best_ask": "0.976"}], "timestamp": "1769384129372", "event_type": "price_change"}}
{"_local_timestamp": "2026-01-25T23:35:32.860441+00:00", "data": {"market": "0x7656f6b5d8988d3c56dd8c8de877aa5399bea999afea78b520191b752c2c5e7a", "price_changes": [{"asset_id": "27601966694841917960961251896892498011332304187209747178453587866001165773488", "price": "0.005", "size": "92.01", "side": "BUY", "hash": "19ea261cc114c59d3b616f0f74c8a20b0f1fd407", "best_bid": "0.024", "best_ask": "0.068"}, {"asset_id": "60390216528157029440342636134207891973542047549304882602354573391655500936261", "price": "0.995", "size": "92.01", "side": "SELL", "hash": "23f64f908c3d42ca54ef4de8ff87aaee30dda3c8", "best_bid": "0.932", "best_ask": "0.976"}], "timestamp": "1769384132787", "event_type": "price_change"}}
{"_local_timestamp": "2026-01-25T23:35:32.860855+00:00", "data": {"market": "0x7656f6b5d8988d3c56dd8c8de877aa5399bea999afea78b520191b752c2c5e7a", "price_changes": [{"asset_id": "27601966694841917960961251896892498011332304187209747178453587866001165773488", "price": "0.003", "size": "76.35", "side": "BUY", "hash": "58db149803e158e8458b7f07876bdf4dbb7d1a51", "best_bid": "0.024", "best_ask": "0.068"}, {"asset_id": "60390216528157029440342636134207891973542047549304882602354573391655500936261", "price": "0.997", "size": "76.35", "side": "SELL", "hash": "ac5e3be13dcb52bc55d27f90c40068cb2a77f260", "best_bid": "0.932", "best_ask": "0.976"}], "timestamp": "1769384132788", "event_type": "price_change"}}
{"_local_timestamp": "2026-01-25T23:36:58.788513+00:00", "data": {"market": "0x7656f6b5d8988d3c56dd8c8de877aa5399bea999afea78b520191b752c2c5e7a", "price_changes": [{"asset_id": "60390216528157029440342636134207891973542047549304882602354573391655500936261", "price": "0.002", "size": "350", "side": "BUY", "hash": "524c2af40979c352a2cb6d82e2923ae23df198d2", "best_bid": "0.932", "best_ask": "0.976"}, {"asset_id": "27601966694841917960961251896892498011332304187209747178453587866001165773488", "price": "0.998", "size": "350", "side": "SELL", "hash": "4164cd6a6780824ccbd85a85f62014d551a3d8fc", "best_bid": "0.024", "best_ask": "0.068"}], "timestamp": "1769384218476", "event_type": "price_change"}}
