{"_local_timestamp": "2026-01-25T23:34:23.882907+00:00", "data": [{"market": "0x5fb05d410438dc807ed2e160d5f45005b49596d50e21042fbec733726a90ffc0", "asset_id": "6759488527389082721062651121568981528622028305880952261250478477341571371898", "timestamp": "1769366226225", "hash": "d21538add971f55f5bff4b146d6cc32dd8b17503", "bids": [{"price": "0.01", "size": "192.95"}, {"price": "0.02", "size": "40.15"}, {"price": "0.03", "size": "100"}, {"price": "0.04", "size": "46.38"}, {"price": "0.05", "size": "77.17"}, {"price": "0.06", "size": "33"}], "asks": [{"price": "0.99", "size": "368.52"}, {"price": "0.98", "size": "207.75"}, {"price": "0.97", "size": "199.87"}, {"price": "0.96", "size": "50"}], "event_type": "book", "last_trade_price": ""}, {"market": "0x01eb34f567610559fda5ae4d95c5b3491896c68392d64650fb3b43318d15ac27", "asset_id": "3655869384687336322100636668729204258083777650839621077243985063074664536420", "timestamp": "1769383915436", "hash": "a9a46967b0b3a73ad63228c95a7442ef1e939be0", "bids": [{"price": "0.01", "size": "397.99"}, {"price": "0.02", "size": "150.48"}, {"price": "0.03", "size": "255.99"}, {"price": "0.04", "size": "50"}], "asks": [{"price": "0.99", "size": "192.95"}, {"price": "0.98", "size": "40.15"}, {"price": "0.97", "size": "100"}, {"price": "0.96", "size": "46.38"}, {"price": "0.95", "size": "77.17"}, {"price": "0.94", "size": "33"}], "event_type": "book", "last_trade_price": ""}, {"market": "0x1e9ee1651580f55851d9da849cab29692ec8ee9a9ac0f23e8695fe2b56cbb320", "asset_id": "81304370847864350078994267588556864566167351322225750241183615443795897120063", "timestamp": "1769366214738", "hash": "d967709c43e1166296b2ef6c6eb1b23ac2c30dce", "bids": [{"price": "0.01", "size": "192.95"}, {"price": "0.02", "size": "40.15"}, {"price": "0.03", "size": "190"}, {"price": "0.04", "size": "59.38"}, {"price": "0.05", "size": "37.17"}, {"price": "0.06", "size": "33"}], "asks": [{"price": "0.99", "size": "368.52"}, {"price": "0.98", "size": "132.75"}, {"price": "0.97", "size": "260.87"}, {"price": "0.96", "size": "50"}], "event_type": "book", "last_trade_price": ""}, {"market": "0x913e5b3930887eaa37625c342fe2cd0104e5d5d8cc4403bdb30236132e3fd349", "asset_id": "19199591189418602217011456334234796782163616468118244326096030164691429300966", "timestamp": "1769366213380", "hash": "01354d8c33cb4fdd4d34afa56f2d847911ed7038", "bids": [{"price": "0.01", "size": "368.52"}, {"price": "0.02", "size": "175"}, {"price": "0.03", "size": "179"}, {"price": "0.04", "size": "50"}], "asks": [{"price": "0.99", "size": "192.95"}, {"price": "0.98", "size": "40.15"}, {"price": "0.97", "size": "190"}, {"price": "0.96", "size": "59.38"}, {"price": "0.95", "size": "37.17"}, {"price": "0.94", "size": "33"}], "event_type": "book", "last_trade_price": ""}, {"market": "0x29b069d5996d01462da32983c04c55c6f902aaeb6296b36be779a42839eae683", "asset_id": "48874471215021262019977432930164647811396581608245350535039029785194169514137", "timestamp": "1769383978555", "hash": "97d9305f6bc853d391d45360cd9f485e6fb40ddc", "bids": [{"price": "0.01", "size": "375.02"}, {"price": "0.02", "size": "136.21"}, {"price": "0.03", "size": "256"}, {"price": "0.04", "size": "50"}, {"price": "0.05", "size": "23.99"}], "asks": [{"price": "0.99", "size": "192.95"}, {"price": "0.98", "size": "40.15"}, {"price": "0.97", "size": "100"}, {"price": "0.96", "size": "46.38"}, {"price": "0.95", "size": "77.17"}, {"price": "0.94", "size": "33"}], "event_type": "book", "last_trade_price": ""}, {"market": "0x913e5b3930887eaa37625c342fe2cd0104e5d5d8cc4403bdb30236132e3fd349", "asset_id": "67869419707679635386935362235596810530733305322378801101228640514972262288619", "timestamp": "1769366213380", "hash": "8140aba75e8ab862a5ca6676145b7c06617485f4", "bids": [{"price": "0.01", "size": "192.95"}, {"price": "0.02", "size": "40.15"}, {"price": "0.03", "size": "190"}, {"price": "0.04", "size": "59.38"}, {"price": "0.05", "size": "37.17"}, {"price": "0.06", "size": "33"}], "asks": [{"price": "0.99", "size": "368.52"}, {"price": "0.98", "size": "175"}, {"price": "0.97", "size": "179"}, {"price": "0.96", "size": "50"}], "event_type": "book", "last_trade_price": ""}, {"market": "0xe579dc7f8185033fe0309cbaa24f5475aed2ffa9c6feb5e135d5ccff534ed716", "asset_id": "14982814521569915161447743201893653233722482039238542754884072142033283214800", "timestamp": "1769366223479", "hash": "60724eb6a50a1f37a315f72afc7c92d0e2ca61a2", "bids": [{"price": "0.01", "size": "368.52"}, {"price": "0.02", "size": "207.75"}, {"price": "0.03", "size": "199.87"}, {"price": "0.04", "size": "50"}], "asks": [{"price": "0.99", "size": "192.95"}, {"price": "0.98", "size": "40.15"}, {"price": "0.97", "size": "100"}, {"price": "0.96", "size": "46.38"}, {"price": "0.95", "size": "77.17"}, {"price": "0.94", "size": "33"}], "event_type": "book", "last_trade_price": ""}, {"market": "0x2a55f37320ccebbc1e86d3e3184637eb992f0568c3f39a9cc8d652bdb4250b74", "asset_id": "32893423763873903686070926194687387864093289981520277593806493538905157696002", "timestamp": "1769366230322", "hash": "6855dd396740dc658e24e1b169d305599b07ffdb", "bids": [{"price": "0.01", "size": "368.52"}, {"price": "0.02", "size": "132.75"}, {"price": "0.03", "size": "260.87"}, {"price": "0.04", "size": "50"}], "asks": [{"price": "0.99", "size": "192.95"}, {"price": "0.98", "size": "40.15"}, {"price": "0.97", "size": "100"}, {"price": "0.96", "size": "46.38"}, {"price": "0.95", "size": "77.17"}, {"price": "0.94", "size": "33"}], "event_type": "book", "last_trade_price": ""}, {"market": "0x3a9e17dbb5baae82b526dfab34d4ea62555f4fad7a7914e1c3d5687ab86ee02d", "asset_id": "12671547171471993598642624126725307799515773802221268397886398640460276612803", "timestamp": "1769383913010", "hash": "5c0abe93fcd75074715ed78df5fd2c61f0b2db1b", "bids": [{"price": "0.01", "size": "192.95"}, {"price": "0.02", "size": "40.15"}, {"price": "0.03", "size": "190"}, {"price": "0.04", "size": "59.38"}, {"price": "0.05", "size": "37.17"}, {"price": "0.06", "size": "33"}], "asks": [{"price": "0.99", "size": "374.59"}, {"price": "0.98", "size": "136.44"}, {"price": "0.97", "size": "255.99"}, {"price": "0.96", "size": "50"}], "event_type": "book", "last_trade_price": ""}, {"market": "0x01eb34f567610559fda5ae4d95c5b3491896c68392d64650fb3b43318d15ac27", "asset_id": "9433112277549858316597166062223926904899061057322333611652835192170927800116", "timestamp": "1769383915436", "hash": "b2f667ad06145451d3d1c76dbeab89761d9534e4", "bids": [{"price": "0.01", "size": "192.95"}, {"price": "0.02", "size": "40.15"}, {"price": "0.03", "size": "100"}, {"price": "0.04", "size": "46.38"}, {"price": "0.05", "size": "77.17"}, {"price": "0.06", "size": "33"}], "asks": [{"price": "0.99", "size": "397.99"}, {"price": "0.98", "size": "150.48"}, {"price": "0.97", "size": "255.99"}, {"price": "0.96", "size": "50"}], "event_type": "book", "last_trade_price": ""}, {"market": "0x7108caede289f309d9750bb91ee37d629b14037841de55dde4234d8ac134e77a", "asset_id": "95601758105298746773655689719228087686149032852735843806235932273474680995161", "timestamp": "1769383978451", "hash": "b0815635a4cb1082840b31a24460a100a674d8f6", "bids": [{"price": "0.01", "size": "192.95"}, {"price": "0.02", "size": "40.15"}, {"price": "0.03", "size": "190"}, {"price": "0.04", "size": "59.38"}, {"price": "0.05", "size": "37.17"}, {"price": "0.06", "size": "33"}], "asks": [{"price": "0.99", "size": "374.46"}, {"price": "0.98", "size": "136.49"}, {"price": "0.97", "size": "256"}, {"price": "0.96", "size": "50"}, {"price": "0.95", "size": "23.99"}], "event_type": "book", "last_trade_price": ""}, {"market": "0x2a55f37320ccebbc1e86d3e3184637eb992f0568c3f39a9cc8d652bdb4250b74", "asset_id": "92622388998114441753724319934984275672290415201008832145626976922214414466801", "timestamp": "1769366230322", "hash": "a368fac98334ead27bdd4321482d485739522765", "bids": [{"price": "0.01", "size": "192.95"}, {"price": "0.02", "size": "40.15"}, {"price": "0.03", "size": "100"}, {"price": "0.04", "size": "46.38"}, {"price": "0.05", "size": "77.17"}, {"price": "0.06", "size": "33"}], "asks": [{"price": "0.99", "size": "368.52"}, {"price": "0.98", "size": "132.75"}, {"price": "0.97", "size": "260.87"}, {"price": "0.96", "size": "50"}], "event_type": "book", "last_trade_price": ""}, {"market": "0x413937a994f88f497cd0591585faeb68ac315514a7a1cfd6c81b5bd7c4e9b16b", "asset_id": "112826308527890942076291395567706747026102852024163361352400391617267421790459", "timestamp": "1769383912695", "hash": "a253034a79c3a77b7deeadc64827239192f2abae", "bids": [{"price": "0.01", "size": "375.02"}, {"price": "0.02", "size": "136.21"}, {"price": "0.03", "size": "256"}, {"price": "0.04", "size": "50"}], "asks": [{"price": "0.99", "size": "192.95"}, {"price": "0.98", "size": "40.15"}, {"price": "0.97", "size": "100"}, {"price": "0.96", "size": "46.38"}, {"price": "0.95", "size": "77.17"}, {"price": "0.94", "size": "33"}], "event_type": "book", "last_trade_price": ""}, {"market": "0x7108caede289f309d9750bb91ee37d629b14037841de55dde4234d8ac134e77a", "asset_id": "53442756491000423966535740086609348114786495670967874327581038512882394501730", "timestamp": "1769383978451", "hash": "3fedee892d6a132ff8a12a9ab705d1fb0d42d30c", "bids": [{"price": "0.01", "size": "374.46"}, {"price": "0.02", "size": "136.49"}, {"price": "0.03", "size": "256"}, {"price": "0.04", "size": "50"}, {"price": "0.05", "size": "23.99"}], "asks": [{"price": "0.99", "size": "192.95"}, {"price": "0.98", "size": "40.15"}, {"price": "0.97", "size": "190"}, {"price": "0.96", "size": "59.38"}, {"price": "0.95", "size": "37.17"}, {"price": "0.94", "size": "33"}], "event_type": "book", "last_trade_price": ""}, {"market": "0x3a9e17dbb5baae82b526dfab34d4ea62555f4fad7a7914e1c3d5687ab86ee02d", "asset_id": "87498758405830308146893832789371000995317693153555143975940189877364175333794", "timestamp": "1769383913010", "hash": "285f650cc89e4151f29b5304775284111ed0f57a", "bids": [{"price": "0.01", "size": "374.59"}, {"price": "0.02", "size": "136.44"}, {"price": "0.03", "size": "255.99"}, {"price": "0.04", "size": "50"}], "asks": [{"price": "0.99", "size": "192.95"}, {"price": "0.98", "size": "40.15"}, {"price": "0.97", "size": "190"}, {"price": "0.96", "size": "59.38"}, {"price": "0.95", "size": "37.17"}, {"price": "0.94", "size": "33"}], "event_type": "book", "last_trade_price": ""}, {"market": "0x35632f123dcf700d1998313e2bb870750364786bd574b4d15c2d765cd09476a2", "asset_id": "41617941198633984725979029552846343155292114735440655155056931520565940387138", "timestamp": "1769366216059", "hash": "078fb532c91a5a96cb0ff041e44ab735b216baaa", "bids": [{"price": "0.01", "size": "368.52"}, {"price": "0.02", "size": "132.75"}, {"price": "0.03", "size": "260.87"}, {"price": "0.04", "size": "50"}], "asks": [{"price": "0.99", "size": "192.95"}, {"price": "0.98", "size": "40.15"}, {"price": "0.97", "size": "190"}, {"price": "0.96", "size": "59.38"}, {"price": "0.95", "size": "37.17"}, {"price": "0.94", "size": "33"}], "event_type": "book", "last_trade_price": ""}, {"market": "0xb61b5a209b3f92e8f187112334c2b0ed68137d9006df21264b0b39576a102ae8", "asset_id": "104137875859218382836620889216890096516401016156627752138490051674861812382950", "timestamp": "1769366217424", "hash": "ae616d80b8899d8b702ac5bb72e3c879f04d2d7b", "bids": [{"price": "0.01", "size": "192.95"}, {"price": "0.02", "size": "40.15"}, {"price": "0.03", "size": "190"}, {"price": "0.04", "size": "59.38"}, {"price": "0.05", "size": "37.17"}, {"price": "0.06", "size": "33"}], "asks": [{"price": "0.99", "size": "368.52"}, {"price": "0.98", "size": "207.75"}, {"price": "0.97", "size": "199.87"}, {"price": "0.96", "size": "50"}], "event_type": "book", "last_trade_price": ""}, {"market": "0x5fb05d410438dc807ed2e160d5f45005b49596d50e21042fbec733726a90ffc0", "asset_id": "24584731485293309007635235099860379034554595887021134637033058275504690872225", "timestamp": "1769366226225", "hash": "2785c755578769a225daaca6f8e645455bb7adf6", "bids": [{"price": "0.01", "size": "368.52"}, {"price": "0.02", "size": "207.75"}, {"price": "0.03", "size": "199.87"}, {"price": "0.04", "size": "50"}], "asks": [{"price": "0.99", "size": "192.95"}, {"price": "0.98", "size": "40.15"}, {"price": "0.97", "size": "100"}, {"price": "0.96", "size": "46.38"}, {"price": "0.95", "size": "77.17"}, {"price": "0.94", "size": "33"}], "event_type": "book", "last_trade_price": ""}, {"market": "0xb61b5a209b3f92e8f187112334c2b0ed68137d9006df21264b0b39576a102ae8", "asset_id": "71471714536475406209383221841670599807187058922464564286594722975556721385415", "timestamp": "1769366217424", "hash": "1ec723457ae81740e395da50ca0ff30298256777", "bids": [{"price": "0.01", "size": "368.52"}, {"price": "0.02", "size": "207.75"}, {"price": "0.03", "size": "199.87"}, {"price": "0.04", "size": "50"}], "asks": [{"price": "0.99", "size": "192.95"}, {"price": "0.98", "size": "40.15"}, {"price": "0.97", "size": "190"}, {"price": "0.96", "size": "59.38"}, {"price": "0.95", "size": "37.17"}, {"price": "0.94", "size": "33"}], "event_type": "book", "last_trade_price": ""}, {"market": "0x6a219b5ae8cac894c720b505a86861be016072c5f7d513934154b4c59641ef07", "asset_id": "23707844575343244651581420676438541875187738855808793955460886111425353756994", "timestamp": "1769366220812", "hash": "326ccdad920bd59c98ee0f14584f08363f49eebc", "bids": [{"price": "0.01", "size": "192.95"}, {"price": "0.02", "size": "40.15"}, {"price": "0.03", "size": "195"}, {"price": "0.04", "size": "59.38"}, {"price": "0.05", "size": "37.17"}, {"price": "0.06", "size": "33"}], "asks": [{"price": "0.99", "size": "368.52"}, {"price": "0.98", "size": "132.75"}, {"price": "0.97", "size": "260.87"}, {"price": "0.96", "size": "50"}], "event_type": "book", "last_trade_price": ""}, {"market": "0x413937a994f88f497cd0591585faeb68ac315514a7a1cfd6c81b5bd7c4e9b16b", "asset_id": "28533444223174418281335033229462337471756372892844389810571002900528056412675", "timestamp": "1769383912695", "hash": "0447443e604694144851ee46eb8dc7ea15e419b4", "bids": [{"price": "0.01", "size": "192.95"}, {"price": "0.02", "size": "40.15"}, {"price": "0.03", "size": "100"}, {"price": "0.04", "size": "46.38"}, {"price": "0.05", "size": "77.17"}, {"price": "0.06", "size": "33"}], "asks": [{"price": "0.99", "size": "375.02"}, {"price": "0.98", "size": "136.21"}, {"price": "0.97", "size": "256"}, {"price": "0.96", "size": "50"}], "event_type": "book", "last_trade_price": ""}, {"market": "0x6b2c35c68b472c1286a88b0aee8a317334b3de9d8aeac7a6a554ce9a95cd8aa7", "asset_id": "81320858037745001723082830229494932653842638163762676691480475097803998587282", "timestamp": "1769383912695", "hash": "b28849a44166937bed2e4ab178e5063351d4f649", "bids": [{"price": "0.01", "size": "192.95"}, {"price": "0.02", "size": "40.15"}, {"price": "0.03", "size": "190"}, {"price": "0.04", "size": "59.38"}, {"price": "0.05", "size": "37.17"}, {"price": "0.06", "size": "33"}], "asks": [{"price": "0.99", "size": "374.6"}, {"price": "0.98", "size": "136.44"}, {"price": "0.97", "size": "255.99"}, {"price": "0.96", "size": "50"}], "event_type": "book", "last_trade_price": ""}, {"market": "0x35632f123dcf700d1998313e2bb870750364786bd574b4d15c2d765cd09476a2", "asset_id": "75976187976379501182048972519469118507406875636523162798037333122558094015136", "timestamp": "1769366216059", "hash": "2159be928a8ffc113be9b7f815f81955956fa577", "bids": [{"price": "0.01", "size": "192.95"}, {"price": "0.02", "size": "40.15"}, {"price": "0.03", "size": "190"}, {"price": "0.04", "size": "59.38"}, {"price": "0.05", "size": "37.17"}, {"price": "0.06", "size": "33"}], "asks": [{"price": "0.99", "size": "368.52"}, {"price": "0.98", "size": "132.75"}, {"price": "0.97", "size": "260.87"}, {"price": "0.96", "size": "50"}], "event_type": "book", "last_trade_price": ""}, {"market": "0x6a219b5ae8cac894c720b505a86861be016072c5f7d513934154b4c59641ef07", "asset_id": "62942027435221102128457873340562968099338143052799489679947094121487910657000", "timestamp": "1769366220812", "hash": "ef9ea7193a1feab2550506d85268437dccaa36fe", "bids": [{"price": "0.01", "size": "368.52"}, {"price": "0.02", "size": "132.75"}, {"price": "0.03", "size": "260.87"}, {"price": "0.04", "size": "50"}], "asks": [{"price": "0.99", "size": "192.95"}, {"price": "0.98", "size": "40.15"}, {"price": "0.97", "size": "195"}, {"price": "0.96", "size": "59.38"}, {"price": "0.95", "size": "37.17"}, {"price": "0.94", "size": "33"}], "event_type": "book", "last_trade_price": ""}, {"market": "0x1e9ee1651580f55851d9da849cab29692ec8ee9a9ac0f23e8695fe2b56cbb320", "asset_id": "88750707320999484541536021618049371652890514126029931663926737514072152988433", "timestamp": "1769366214738", "hash": "155b442a25b3104c3548ccbaf798d3cba10773af", "bids": [{"price": "0.01", "size": "368.52"}, {"price": "0.02", "size": "132.75"}, {"price": "0.03", "size": "260.87"}, {"price": "0.04", "size": "50"}], "asks": [{"price": "0.99", "size": "192.95"}, {"price": "0.98", "size": "40.15"}, {"price": "0.97", "size": "190"}, {"price": "0.96", "size": "59.38"}, {"price": "0.95", "size": "37.17"}, {"price": "0.94", "size": "33"}], "event_type": "book", "last_trade_price": ""}, {"market": "0xe579dc7f8185033fe0309cbaa24f5475aed2ffa9c6feb5e135d5ccff534ed716", "asset_id": "99733361105955618554026524319852544206337504887435873336055653531255419999761", "timestamp": "1769366223479", "hash": "27c4b9777670b6e3fb8a2e7f5e3bbe2d0fad9ebe", "bids": [{"price": "0.01", "size": "192.95"}, {"price": "0.02", "size": "40.15"}, {"price": "0.03", "size": "100"}, {"price": "0.04", "size": "46.38"}, {"price": "0.05", "size": "77.17"}, {"price": "0.06", "size": "33"}], "asks": [{"price": "0.99", "size": "368.52"}, {"price": "0.98", "size": "207.75"}, {"price": "0.97", "size": "199.87"}, {"price": "0.96", "size": "50"}], "event_type": "book", "last_trade_price": ""}, {"market": "0x6b2c35c68b472c1286a88b0aee8a317334b3de9d8aeac7a6a554ce9a95cd8aa7", "asset_id": "87302179081783984181691608899505982272395606346919674297475406972324636484806", "timestamp": "1769383912695", "hash": "0a171e7c763e68f09ffb4dcdac11c3e5b03be2ba", "bids": [{"price": "0.01", "size": "374.6"}, {"price": "0.02", "size": "136.44"}, {"price": "0.03", "size": "255.99"}, {"price": "0.04", "size": "50"}], "asks": [{"price": "0.99", "size": "192.95"}, {"price": "0.98", "size": "40.15"}, {"price": "0.97", "size": "190"}, {"price": "0.96", "size": "59.38"}, {"price": "0.95", "size": "37.17"}, {"price": "0.94", "size": "33"}], "event_type": "book", "last_trade_price": ""}, {"market": "0x29b069d5996d01462da32983c04c55c6f902aaeb6296b36be779a42839eae683", "asset_id": "31672689425130251750074954012317697278792373553054137130418730105206276494733", "timestamp": "1769383978555", "hash": "a683928203f9c25fdb80a0d68043466ca6800b30", "bids": [{"price": "0.01", "size": "192.95"}, {"price": "0.02", "size": "40.15"}, {"price": "0.03", "size": "100"}, {"price": "0.04", "size": "46.38"}, {"price": "0.05", "size": "77.17"}, {"price": "0.06", "size": "33"}], "asks": [{"price": "0.99", "size": "375.02"}, {"price": "0.98", "size": "136.21"}, {"price": "0.97", "size": "256"}, {"price": "0.96", "size": "50"}, {"price": "0.95", "size": "23.99"}], "event_type": "book", "last_trade_price": ""}]}
{"_local_timestamp": "2026-01-25T23:34:33.968288+00:00", "data": {"market": "0x7108caede289f309d9750bb91ee37d629b14037841de55dde4234d8ac134e77a", "price_changes": [{"asset_id": "53442756491000423966535740086609348114786495670967874327581038512882394501730", "price": "0.05", "size": "0", "side": "BUY", "hash": "79c4e0138eaf7394f1cb69742a280c9e53cf7cc3", "best_bid": "0.04", "best_ask": "0.94"}, {"asset_id": "95601758105298746773655689719228087686149032852735843806235932273474680995161", "price": "0.95", "size": "0", "side": "SELL", "hash": "17e47789153310954639ea4dadeacc2461d7b07a", "best_bid": "0.06", "best_ask": "0.96"}], "timestamp": "1769384073891", "event_type": "price_change"}}
{"_local_timestamp": "2026-01-25T23:34:34.056274+00:00", "data": {"market": "0x29b069d5996d01462da32983c04c55c6f902aaeb6296b36be779a42839eae683", "price_changes": [{"asset_id": "48874471215021262019977432930164647811396581608245350535039029785194169514137", "price": "0.05", "size": "0", "side": "BUY", "hash": "a41232fa3b4f1df8bd30d938d7a58ddffee787f7", "best_bid": "0.04", "best_ask": "0.94"}, {"asset_id": "31672689425130251750074954012317697278792373553054137130418730105206276494733", "price": "0.95", "size": "0", "side": "SELL", "hash": "c24e456d964869e41af472790043ee3b01042d5f", "best_bid": "0.06", "best_ask": "0.96"}], "timestamp": "1769384073982", "event_type": "price_change"}}
{"_local_timestamp": "2026-01-25T23:36:05.653648+00:00", "data": {"market": "0x7108caede289f309d9750bb91ee37d629b14037841de55dde4234d8ac134e77a", "price_changes": [{"asset_id": "53442756491000423966535740086609348114786495670967874327581038512882394501730", "price": "0.05", "size": "23.99", "side": "BUY", "hash": "85aa6a4d1be10de8e71ed83bc45d0953cad2ac23", "best_bid": "0.05", "best_ask": "0.94"}, {"asset_id": "95601758105298746773655689719228087686149032852735843806235932273474680995161", "price": "0.95", "size": "23.99", "side": "SELL", "hash": "4d0a18211bcf9f1353c290b22c7c7fcf36798621", "best_bid": "0.06", "best_ask": "0.95"}], "timestamp": "1769384165580", "event_type": "price_change"}}
{"_local_timestamp": "2026-01-25T23:36:05.654822+00:00", "data": {"market": "0x29b069d5996d01462da32983c04c55c6f902aaeb6296b36be779a42839eae683", "price_changes": [{"asset_id": "48874471215021262019977432930164647811396581608245350535039029785194169514137", "price": "0.05", "size": "23.99", "side": "BUY", "hash": "4e424d467a46d9a1655a8a3f9b879850648aba05", "best_bid": "0.05", "best_ask": "0.94"}, {"asset_id": "31672689425130251750074954012317697278792373553054137130418730105206276494733", "price": "0.95", "size": "23.99", "side": "SELL", "hash": "c9e66dc234244c61219a67f22ab7b1c4e65b436e", "best_bid": "0.06", "best_ask": "0.95"}], "timestamp": "1769384165580", "event_type": "price_change"}}
{"_local_timestamp": "2026-01-25T23:36:53.581002+00:00", "data": {"market": "0x6b2c35c68b472c1286a88b0aee8a317334b3de9d8aeac7a6a554ce9a95cd8aa7", "price_changes": [{"asset_id": "87302179081783984181691608899505982272395606346919674297475406972324636484806", "price": "0.01", "size": "351.2", "side": "BUY", "hash": "b7ff1ba9e1253f793f30a5bf71b9ee8dddc1b2f3", "best_bid": "0.04", "best_ask": "0.94"}, {"asset_id": "81320858037745001723082830229494932653842638163762676691480475097803998587282", "price": "0.99", "size": "351.2", "side": "SELL", "hash": "4af2a2f195aaf63ef080739772f3a4f076d746b7", "best_bid": "0.06", "best_ask": "0.96"}], "timestamp": "1769384213457", "event_type": "price_change"}}
{"_local_timestamp": "2026-01-25T23:36:53.581448+00:00", "data": {"market": "0x6b2c35c68b472c1286a88b0aee8a317334b3de9d8aeac7a6a554ce9a95cd8aa7", "price_changes": [{"asset_id": "87302179081783984181691608899505982272395606346919674297475406972324636484806", "price": "0.02", "size": "122.42", "side": "BUY", "hash": "b7ff1ba9e1253f793f30a5bf71b9ee8dddc1b2f3", "best_bid": "0.04", "best_ask": "0.94"}, {"asset_id": "81320858037745001723082830229494932653842638163762676691480475097803998587282", "price": "0.98", "size": "122.42", "side": "SELL", "hash": "4af2a2f195aaf63ef080739772f3a4f076d746b7", "best_bid": "0.06", "best_ask": "0.96"}], "timestamp": "1769384213457", "event_type": "price_change"}}
{"_local_timestamp": "2026-01-25T23:36:53.894314+00:00", "data": {"market": "0x6b2c35c68b472c1286a88b0aee8a317334b3de9d8aeac7a6a554ce9a95cd8aa7", "price_changes": [{"asset_id": "87302179081783984181691608899505982272395606346919674297475406972324636484806", "price": "0.01", "size": "374.59", "side": "BUY", "hash": "11e4fe52fa7cef2c9755c796f4489f9bce9e6287", "best_bid": "0.04", "best_ask": "0.94"}, {"asset_id": "81320858037745001723082830229494932653842638163762676691480475097803998587282", "price": "0.99", "size": "374.59", "side": "SELL", "hash": "4437f77a8ba3d66cf82974003e88d5e44be0bb3f", "best_bid": "0.06", "best_ask": "0.96"}], "timestamp": "1769384213780", "event_type": "price_change"}}
{"_local_timestamp": "2026-01-25T23:36:53.894708+00:00", "data": {"market": "0x6b2c35c68b472c1286a88b0aee8a317334b3de9d8aeac7a6a554ce9a95cd8aa7", "price_changes": [{"asset_id": "87302179081783984181691608899505982272395606346919674297475406972324636484806", "price": "0.02", "size": "136.44", "side": "BUY", "hash": "4f75ca936efefdf54755fe4de1e1fd8983808c7c", "best_bid": "0.04", "best_ask": "0.94"}, {"asset_id": "81320858037745001723082830229494932653842638163762676691480475097803998587282", "price": "0.98", "size": "136.44", "side": "SELL", "hash": "12f3a566f8e060f2081aa4a02f14bba74a2908d0", "best_bid": "0.06", "best_ask": "0.96"}], "timestamp": "1769384213781", "event_type": "price_change"}}
{"_local_timestamp": "2026-01-25T23:37:28.406646+00:00", "data": {"market": "0x29b069d5996d01462da32983c04c55c6f902aaeb6296b36be779a42839eae683", "price_changes": [{"asset_id": "48874471215021262019977432930164647811396581608245350535039029785194169514137", "price": "0.01", "size": "348.93", "side": "BUY", "hash": "60719200ef8b7b8aaff90161a2aaa92e9f15dede", "best_bid": "0.05", "best_ask": "0.94"}, {"asset_id": "31672689425130251750074954012317697278792373553054137130418730105206276494733", "price": "0.99", "size": "348.93", "side": "SELL", "hash": "ea74420b5b9f5498012f25d8b6d879cd331e8b0e", "best_bid": "0.06", "best_ask": "0.95"}], "timestamp": "1769384248338", "event_type": "price_change"}}
{"_local_timestamp": "2026-01-25T23:37:28.416064+00:00", "data": {"market": "0x29b069d5996d01462da32983c04c55c6f902aaeb6296b36be779a42839eae683", "price_changes": [{"asset_id": "48874471215021262019977432930164647811396581608245350535039029785194169514137", "price": "0.02", "size": "122.4", "side": "BUY", "hash": "60719200ef8b7b8aaff90161a2aaa92e9f15dede", "best_bid": "0.05", "best_ask": "0.94"}, {"asset_id": "31672689425130251750074954012317697278792373553054137130418730105206276494733", "price": "0.98", "size": "122.4", "side": "SELL", "hash": "ea74420b5b9f5498012f25d8b6d879cd331e8b0e", "best_bid": "0.06", "best_ask": "0.95"}], "timestamp": "1769384248338", "event_type": "price_change"}}
{"_local_timestamp": "2026-01-25T23:37:28.800488+00:00", "data": {"market": "0x29b069d5996d01462da32983c04c55c6f902aaeb6296b36be779a42839eae683", "price_changes": [{"asset_id": "48874471215021262019977432930164647811396581608245350535039029785194169514137", "price": "0.04", "size": "63.42", "side": "BUY", "hash": "48b3be3a13a136f7b09f535577eb488295b55657", "best_bid": "0.05", "best_ask": "0.94"}, {"asset_id": "31672689425130251750074954012317697278792373553054137130418730105206276494733", "price": "0.96", "size": "63.42", "side": "SELL", "hash": "1e77ac07bfe057ee78e15fd87b8c70f9fc76cf71", "best_bid": "0.06", "best_ask": "0.95"}], "timestamp": "1769384248730", "event_type": "price_change"}}
{"_local_timestamp": "2026-01-25T23:37:38.748255+00:00", "data": {"market": "0x3a9e17dbb5baae82b526dfab34d4ea62555f4fad7a7914e1c3d5687ab86ee02d", "price_changes": [{"asset_id": "87498758405830308146893832789371000995317693153555143975940189877364175333794", "price": "0.01", "size": "351.19", "side": "BUY", "hash": "33fa76c6f805fcdcc85de3c53ec51e887c438c15", "best_bid": "0.04", "best_ask": "0.94"}, {"asset_id": "12671547171471993598642624126725307799515773802221268397886398640460276612803", "price": "0.99", "size": "351.19", "side": "SELL", "hash": "c104f1114bde031a1c26bc5f6aae574a76ee4588", "best_bid": "0.06", "best_ask": "0.96"}], "timestamp": "1769384258683", "event_type": "price_change"}}
{"_local_timestamp": "2026-01-25T23:37:38.748629+00:00", "data": {"market": "0x3a9e17dbb5baae82b526dfab34d4ea62555f4fad7a7914e1c3d5687ab86ee02d", "price_changes": [{"asset_id": "87498758405830308146893832789371000995317693153555143975940189877364175333794", "price": "0.02", "size": "122.41", "side": "BUY", "hash": "33fa76c6f805fcdcc85de3c53ec51e887c438c15", "best_bid": "0.04", "best_ask": "0.94"}, {"asset_id": "12671547171471993598642624126725307799515773802221268397886398640460276612803", "price": "0.98", "size": "122.41", "side": "SELL", "hash": "c104f1114bde031a1c26bc5f6aae574a76ee4588", "best_bid": "0.06", "best_ask": "0.96"}], "timestamp": "1769384258683", "event_type": "price_change"}}
{"_local_timestamp": "2026-01-25T23:37:39.004739+00:00", "data": {"market": "0x3a9e17dbb5baae82b526dfab34d4ea62555f4fad7a7914e1c3d5687ab86ee02d", "price_changes": [{"asset_id": "87498758405830308146893832789371000995317693153555143975940189877364175333794", "price": "0.01", "size": "374.58", "side": "BUY", "hash": "1d3fba101cd042955b092f2f518cac90e3b59e9c", "best_bid": "0.04", "best_ask": "0.94"}, {"asset_id": "12671547171471993598642624126725307799515773802221268397886398640460276612803", "price": "0.99", "size": "374.58", "side": "SELL", "hash": "c36e53d51d7534e841bea7f3c2d08a8f03d2add3", "best_bid": "0.06", "best_ask": "0.96"}], "timestamp": "1769384258936", "event_type": "price_change"}}
{"_local_timestamp": "2026-01-25T23:37:39.005219+00:00", "data": {"market": "0x3a9e17dbb5baae82b526dfab34d4ea62555f4fad7a7914e1c3d5687ab86ee02d", "price_changes": [{"asset_id": "87498758405830308146893832789371000995317693153555143975940189877364175333794", "price": "0.02", "size": "136.44", "side": "BUY", "hash": "fe4a772e2b5fa321ef2b33bddd54d389f84462a2", "best_bid": "0.04", "best_ask": "0.94"}, {"asset_id": "12671547171471993598642624126725307799515773802221268397886398640460276612803", "price": "0.98", "size": "136.44", "side": "SELL", "hash": "fce374f9d913064d68eef44271e584ce3217dd99", "best_bid": "0.06", "best_ask": "0.96"}], "timestamp": "1769384258937", "event_type": "price_change"}}
{"_local_timestamp": "2026-01-25T23:37:39.609003+00:00", "data": {"market": "0x413937a994f88f497cd0591585faeb68ac315514a7a1cfd6c81b5bd7c4e9b16b", "price_changes": [{"asset_id": "112826308527890942076291395567706747026102852024163361352400391617267421790459", "price": "0.01", "size": "348.93", "side": "BUY", "hash": "d1f1d4c9cea6b4a0c974cf07a0cb06e027205332", "best_bid": "0.04", "best_ask": "0.94"}, {"asset_id": "28533444223174418281335033229462337471756372892844389810571002900528056412675", "price": "0.99", "size": "348.93", "side": "SELL", "hash": "c02db62e403c31ca00a92c65f6a20d1563bc0c55", "best_bid": "0.06", "best_ask": "0.96"}], "timestamp": "1769384259541", "event_type": "price_change"}}
{"_local_timestamp": "2026-01-25T23:37:39.609794+00:00", "data": {"market": "0x413937a994f88f497cd0591585faeb68ac315514a7a1cfd6c81b5bd7c4e9b16b", "price_changes": [{"asset_id": "112826308527890942076291395567706747026102852024163361352400391617267421790459", "price": "0.02", "size": "122.4", "side": "BUY", "hash": "d1f1d4c9cea6b4a0c974cf07a0cb06e027205332", "best_bid": "0.04", "best_ask": "0.94"}, {"asset_id": "28533444223174418281335033229462337471756372892844389810571002900528056412675", "price": "0.98", "size": "122.4", "side": "SELL", "hash": "c02db62e403c31ca00a92c65f6a20d1563bc0c55", "best_bid": "0.06", "best_ask": "0.96"}], "timestamp": "1769384259541", "event_type": "price_change"}}
{"_local_timestamp": "2026-01-25T23:37:39.888049+00:00", "data": {"market": "0x413937a994f88f497cd0591585faeb68ac315514a7a1cfd6c81b5bd7c4e9b16b", "price_changes": [{"asset_id": "112826308527890942076291395567706747026102852024163361352400391617267421790459", "price": "0.01", "size": "375.01", "side": "BUY", "hash": "3f00d7a2da04c880a9c3896b64eaa2cd1956b6dc", "best_bid": "0.04", "best_ask": "0.94"}, {"asset_id": "28533444223174418281335033229462337471756372892844389810571002900528056412675", "price": "0.99", "size": "375.01", "side": "SELL", "hash": "cf819ef7b8437a6efcc8d0ff131f2ee31fc098ae", "best_bid": "0.06", "best_ask": "0.96"}], "timestamp": "1769384259822", "event_type": "price_change"}}
{"_local_timestamp": "2026-01-25T23:37:39.897084+00:00", "data": {"market": "0x413937a994f88f497cd0591585faeb68ac315514a7a1cfd6c81b5bd7c4e9b16b", "price_changes": [{"asset_id": "112826308527890942076291395567706747026102852024163361352400391617267421790459", "price": "0.02", "size": "136.21", "side": "BUY", "hash": "e980d37340fbe67ae8c91bb0fffa1e6b1b1d92f3", "best_bid": "0.04", "best_ask": "0.94"}, {"asset_id": "28533444223174418281335033229462337471756372892844389810571002900528056412675", "price": "0.98", "size": "136.21", "side": "SELL", "hash": "8d8774bd74bb3908bc90d34ceac4c881a368d417", "best_bid": "0.06", "best_ask": "0.96"}], "timestamp": "1769384259823", "event_type": "price_change"}}
{"_local_timestamp": "2026-01-25T23:37:41.367468+00:00", "data": {"market": "0x01eb34f567610559fda5ae4d95c5b3491896c68392d64650fb3b43318d15ac27", "price_changes": [{"asset_id": "3655869384687336322100636668729204258083777650839621077243985063074664536420", "price": "0.01", "size": "374.6", "side": "BUY", "hash": "99d96d300325af0caad72a3b3600faab94110a2f", "best_bid": "0.04", "best_ask": "0.94"}, {"asset_id": "9433112277549858316597166062223926904899061057322333611652835192170927800116", "price": "0.99", "size": "374.6", "side": "SELL", "hash": "046f933895d0137d0adb30e3544dcf70c5c7696d", "best_bid": "0.06", "best_ask": "0.96"}], "timestamp": "1769384261298", "event_type": "price_change"}}
{"_local_timestamp": "2026-01-25T23:37:41.368147+00:00", "data": {"market": "0x01eb34f567610559fda5ae4d95c5b3491896c68392d64650fb3b43318d15ac27", "price_changes": [{"asset_id": "3655869384687336322100636668729204258083777650839621077243985063074664536420", "price": "0.02", "size": "136.45", "side": "BUY", "hash": "99d96d300325af0caad72a3b3600faab94110a2f", "best_bid": "0.04", "best_ask": "0.94"}, {"asset_id": "9433112277549858316597166062223926904899061057322333611652835192170927800116", "price": "0.98", "size": "136.45", "side": "SELL", "hash": "046f933895d0137d0adb30e3544dcf70c5c7696d", "best_bid": "0.06", "best_ask": "0.96"}], "timestamp": "1769384261298", "event_type": "price_change"}}
{"_local_timestamp": "2026-01-25T23:37:41.619577+00:00", "data": {"market": "0x01eb34f567610559fda5ae4d95c5b3491896c68392d64650fb3b43318d15ac27", "price_changes": [{"asset_id": "3655869384687336322100636668729204258083777650839621077243985063074664536420", "price": "0.01", "size": "397.98", "side": "BUY", "hash": "1f4607270231dfda0e81359c00e187f9f916fdb2", "best_bid": "0.04", "best_ask": "0.94"}, {"asset_id": "9433112277549858316597166062223926904899061057322333611652835192170927800116", "price": "0.99", "size": "397.98", "side": "SELL", "hash": "bb00d59aa675ffce99522c6ac587c36c5d33b870", "best_bid": "0.06", "best_ask": "0.96"}], "timestamp": "1769384261553", "event_type": "price_change"}}
{"_local_timestamp": "2026-01-25T23:37:41.636147+00:00", "data": {"market": "0x01eb34f567610559fda5ae4d95c5b3491896c68392d64650fb3b43318d15ac27", "price_changes": [{"asset_id": "3655869384687336322100636668729204258083777650839621077243985063074664536420", "price": "0.02", "size": "150.48", "side": "BUY", "hash": "3e566cc20463809e0778febf3d4ddaa4e3dd7c41", "best_bid": "0.04", "best_ask": "0.94"}, {"asset_id": "9433112277549858316597166062223926904899061057322333611652835192170927800116", "price": "0.98", "size": "150.48", "side": "SELL", "hash": "46748f64fba2f0fa461c8740b40bcfcee4cff23b", "best_bid": "0.06", "best_ask": "0.96"}], "timestamp": "1769384261560", "event_type": "price_change"}}
{"_local_timestamp": "2026-01-25T23:37:43.538304+00:00", "data": {"market": "0x29b069d5996d01462da32983c04c55c6f902aaeb6296b36be779a42839eae683", "price_changes": [{"asset_id": "48874471215021262019977432930164647811396581608245350535039029785194169514137", "price": "0.05", "size": "0", "side": "BUY", "hash": "03af29841e3f5e75349af31501b5ce4a7d823298", "best_bid": "0.04", "best_ask": "0.94"}, {"asset_id": "31672689425130251750074954012317697278792373553054137130418730105206276494733", "price": "0.95", "size": "0", "side": "SELL", "hash": "f5eea0b53efebe465d6bf18ecc35be7017e8d19e", "best_bid": "0.06", "best_ask": "0.96"}], "timestamp": "1769384263467", "event_type": "price_change"}}
{"_local_timestamp": "2026-01-25T23:37:43.538733+00:00", "data": {"market": "0x7108caede289f309d9750bb91ee37d629b14037841de55dde4234d8ac134e77a", "price_changes": [{"asset_id": "53442756491000423966535740086609348114786495670967874327581038512882394501730", "price": "0.05", "size": "0", "side": "BUY", "hash": "f886cd2f9e17d66d99b812bc2abd46a4229c0dc9", "best_bid": "0.04", "best_ask": "0.94"}, {"asset_id": "95601758105298746773655689719228087686149032852735843806235932273474680995161", "price": "0.95", "size": "0", "side": "SELL", "hash": "b1440bbc4435ca878ed42cfbd9a72463cc5a9ee0", "best_bid": "0.06", "best_ask": "0.96"}], "timestamp": "1769384263467", "event_type": "price_change"}}
{"_local_timestamp": "2026-01-25T23:37:46.456860+00:00", "data": {"market": "0x7108caede289f309d9750bb91ee37d629b14037841de55dde4234d8ac134e77a", "price_changes": [{"asset_id": "53442756491000423966535740086609348114786495670967874327581038512882394501730", "price": "0.01", "size": "348.98", "side": "BUY", "hash": "24d24a1aeb127cd1f97660eaeaeadc0f4c55c34b", "best_bid": "0.04", "best_ask": "0.94"}, {"asset_id": "95601758105298746773655689719228087686149032852735843806235932273474680995161", "price": "0.99", "size": "348.98", "side": "SELL", "hash": "3655a0c3341be277f14f80b556348bda1c94c18a", "best_bid": "0.06", "best_ask": "0.96"}], "timestamp": "1769384266340", "event_type": "price_change"}}
{"_local_timestamp": "2026-01-25T23:37:46.457323+00:00", "data": {"market": "0x7108caede289f309d9750bb91ee37d629b14037841de55dde4234d8ac134e77a", "price_changes": [{"asset_id": "53442756491000423966535740086609348114786495670967874327581038512882394501730", "price": "0.02", "size": "120.7", "side": "BUY", "hash": "24d24a1aeb127cd1f97660eaeaeadc0f4c55c34b", "best_bid": "0.04", "best_ask": "0.94"}, {"asset_id": "95601758105298746773655689719228087686149032852735843806235932273474680995161", "price": "0.98", "size": "120.7", "side": "SELL", "hash": "3655a0c3341be277f14f80b556348bda1c94c18a", "best_bid": "0.06", "best_ask": "0.96"}], "timestamp": "1769384266340", "event_type": "price_change"}}
{"_local_timestamp": "2026-01-25T23:37:46.680248+00:00", "data": {"market": "0x7108caede289f309d9750bb91ee37d629b14037841de55dde4234d8ac134e77a", "price_changes": [{"asset_id": "53442756491000423966535740086609348114786495670967874327581038512882394501730", "price": "0.02", "size": "136.49", "side": "BUY", "hash": "ddc74f54a73d04cdaccf862c9e2d9aa545c8627f", "best_bid": "0.04", "best_ask": "0.94"}, {"asset_id": "95601758105298746773655689719228087686149032852735843806235932273474680995161", "price": "0.98", "size": "136.49", "side": "SELL", "hash": "9a54cbe9df0628c9ab05d15dddeaed9d73e20968", "best_bid": "0.06", "best_ask": "0.96"}], "timestamp": "1769384266609", "event_type": "price_change"}}
{"_local_timestamp": "2026-01-25T23:37:46.680772+00:00", "data": {"market": "0x7108caede289f309d9750bb91ee37d629b14037841de55dde4234d8ac134e77a", "price_changes": [{"asset_id": "53442756491000423966535740086609348114786495670967874327581038512882394501730", "price": "0.01", "size": "374.45", "side": "BUY", "hash": "9b6c3c60b8b3ce5144366d85637ae98f2a8e3878", "best_bid": "0.04", "best_ask": "0.94"}, {"asset_id": "95601758105298746773655689719228087686149032852735843806235932273474680995161", "price": "0.99", "size": "374.45", "side": "SELL", "hash": "3e3c1eb988b1d7d11b3e1a34aa1b1cd6061063a1", "best_bid": "0.06", "best_ask": "0.96"}], "timestamp": "1769384266610", "event_type": "price_change"}}
{"_local_timestamp": "2026-01-25T23:37:46.703735+00:00", "data": {"market": "0x7108caede289f309d9750bb91ee37d629b14037841de55dde4234d8ac134e77a", "price_changes": [{"asset_id": "53442756491000423966535740086609348114786495670967874327581038512882394501730", "price": "0.01", "size": "399.92", "side": "BUY", "hash": "48822d33bdf4bc3b8f77ef1fd02e4297c5f97063", "best_bid": "0.04", "best_ask": "0.94"}, {"asset_id": "95601758105298746773655689719228087686149032852735843806235932273474680995161", "price": "0.99", "size": "399.92", "side": "SELL", "hash": "8a55f4a15727b8be2ad39b4db6c9f8fdbb5cab82", "best_bid": "0.06", "best_ask": "0.96"}], "timestamp": "1769384266638", "event_type": "price_change"}}
{"_local_timestamp": "2026-01-25T23:37:46.705830+00:00", "data": {"market": "0x7108caede289f309d9750bb91ee37d629b14037841de55dde4234d8ac134e77a", "price_changes": [{"asset_id": "53442756491000423966535740086609348114786495670967874327581038512882394501730", "price": "0.02", "size": "152.28", "side": "BUY", "hash": "bfd79376dafa7a5abea2b812583d6b146cffbf38", "best_bid": "0.04", "best_ask": "0.94"}, {"asset_id": "95601758105298746773655689719228087686149032852735843806235932273474680995161", "price": "0.98", "size": "152.28", "side": "SELL", "hash": "98f50db80374153478f3cd72107e3048c378d347", "best_bid": "0.06", "best_ask": "0.96"}], "timestamp": "1769384266640", "event_type": "price_change"}}
{"_local_timestamp": "2026-01-25T23:37:48.682166+00:00", "data": {"market": "0x29b069d5996d01462da32983c04c55c6f902aaeb6296b36be779a42839eae683", "price_changes": [{"asset_id": "48874471215021262019977432930164647811396581608245350535039029785194169514137", "price": "0.04", "size": "50", "side": "BUY", "hash": "44e9bbb669d41ca2ac60ea426e91aa8e2896e223", "best_bid": "0.04", "best_ask": "0.94"}, {"asset_id": "31672689425130251750074954012317697278792373553054137130418730105206276494733", "price": "0.96", "size": "50", "side": "SELL", "hash": "7f962b26953629399d83a5320b1202161c9b9521", "best_bid": "0.06", "best_ask": "0.96"}], "timestamp": "1769384268618", "event_type": "price_change"}}
{"_local_timestamp": "2026-01-25T23:39:12.369956+00:00", "data": {"market": "0x29b069d5996d01462da32983c04c55c6f902aaeb6296b36be779a42839eae683", "price_changes": [{"asset_id": "48874471215021262019977432930164647811396581608245350535039029785194169514137", "price": "0.05", "size": "23.99", "side": "BUY", "hash": "f302f46dc53ef61f20dcb5648a34c0f03a5b3445", "best_bid": "0.05", "best_ask": "0.94"}, {"asset_id": "31672689425130251750074954012317697278792373553054137130418730105206276494733", "price": "0.95", "size": "23.99", "side": "SELL", "hash": "f66304813d0b0da0ca00adf269112446a11d4f0a", "best_bid": "0.06", "best_ask": "0.95"}], "timestamp": "1769384352301", "event_type": "price_change"}}
{"_local_timestamp": "2026-01-25T23:39:12.470811+00:00", "data": {"market": "0x7108caede289f309d9750bb91ee37d629b14037841de55dde4234d8ac134e77a", "price_changes": [{"asset_id": "53442756491000423966535740086609348114786495670967874327581038512882394501730", "price": "0.05", "size": "23.99", "side": "BUY", "hash": "0c1191de5507ea5a3b36944ff5d2e713466b6bac", "best_bid": "0.05", "best_ask": "0.94"}, {"asset_id": "95601758105298746773655689719228087686149032852735843806235932273474680995161", "price": "0.95", "size": "23.99", "side": "SELL", "hash": "f502283c6a5fc0087dcc870fe6b83bf7b41633bb", "best_bid": "0.06", "best_ask": "0.95"}], "timestamp": "1769384352401", "event_type": "price_change"}}
