{"_local_timestamp": "2026-01-25T23:34:24.967517+00:00", "data": [{"market": "0x50a7654cf38bfd4c236de11e7cf567b266fdbc065bf838aa259373929254cd26", "asset_id": "78692422483725420156800323750253512418088548955341771545627893708717523774087", "timestamp": "1769366098227", "hash": "5824b4213d30ebd5eab6f9dff3f10b2e3dc4c7a5", "bids": [{"price": "0.01", "size": "318.54"}, {"price": "0.02", "size": "132.76"}, {"price": "0.03", "size": "272.88"}, {"price": "0.04", "size": "50"}], "asks": [{"price": "0.99", "size": "192.96"}, {"price": "0.98", "size": "40.17"}, {"price": "0.97", "size": "92"}, {"price": "0.96", "size": "83.38"}, {"price": "0.95", "size": "27.17"}, {"price": "0.94", "size": "33"}], "event_type": "book", "last_trade_price": ""}, {"market": "0x8e5e93738d39bfa96b5c71b68a5b97322294c8cedbe22a4a1a1ce3a24d7a1cd7", "asset_id": "4289278606893847085254190999368801698273252554244292015509049559218855376578", "timestamp": "1769383978950", "hash": "e36f6502cb8ab5721fd68d1e717db6df22ff5252", "bids": [{"price": "0.01", "size": "318.54"}, {"price": "0.02", "size": "132.76"}, {"price": "0.03", "size": "272.88"}, {"price": "0.04", "size": "50"}], "asks": [{"price": "0.99", "size": "324.61"}, {"price": "0.98", "size": "136.45"}, {"price": "0.97", "size": "235"}, {"price": "0.96", "size": "50"}, {"price": "0.95", "size": "23.99"}], "event_type": "book", "last_trade_price": ""}, {"market": "0x2ec05444b8206859177527f412919023335807559d3893bfdc244afefc5e47b0", "asset_id": "46389190561284496912293774303680445803680681901466073431112039669872696059793", "timestamp": "1769383823228", "hash": "e8ec3fcad9b546a37ce8422b9c4ba45d7b6f1a38", "bids": [{"price": "0.01", "size": "192.96"}, {"price": "0.02", "size": "40.17"}, {"price": "0.03", "size": "95"}, {"price": "0.04", "size": "83.38"}, {"price": "0.05", "size": "27.17"}, {"price": "0.06", "size": "33"}], "asks": [{"price": "0.99", "size": "324.61"}, {"price": "0.98", "size": "136.45"}, {"price": "0.97", "size": "280"}, {"price": "0.96", "size": "50"}], "event_type": "book", "last_trade_price": ""}, {"market": "0x2ec05444b8206859177527f412919023335807559d3893bfdc244afefc5e47b0", "asset_id": "36453257333060664302272578736638239402243609113870411579283920884153897843291", "timestamp": "1769383823228", "hash": "d9837c148b0588c5e2fc88782df3a25b0432d7d8", "bids": [{"price": "0.01", "size": "324.61"}, {"price": "0.02", "size": "136.45"}, {"price": "0.03", "size": "280"}, {"price": "0.04", "size": "50"}], "asks": [{"price": "0.99", "size": "192.96"}, {"price": "0.98", "size": "40.17"}, {"price": "0.97", "size": "95"}, {"price": "0.96", "size": "83.38"}, {"price": "0.95", "size": "27.17"}, {"price": "0.94", "size": "33"}], "event_type": "book", "last_trade_price": ""}, {"market": "0xb8ef2d3bcec165deadb82567f77b2388728cb72359e7360ac8961251a7e2afdd", "asset_id": "99119429639346216558506846907652364506124715164431712568772785133524081984811", "timestamp": "1769383978950", "hash": "0bd733741661b3648be35f7c35de3db1169d794a", "bids": [{"price": "0.01", "size": "324.61"}, {"price": "0.02", "size": "136.45"}, {"price": "0.03", "size": "280"}, {"price": "0.04", "size": "50"}], "asks": [{"price": "0.99", "size": "324.61"}, {"price": "0.98", "size": "136.45"}, {"price": "0.97", "size": "235"}, {"price": "0.96", "size": "50"}, {"price": "0.95", "size": "23.99"}], "event_type": "book", "last_trade_price": ""}, {"market": "0xcce8e134cc800c647578712ae1cacd0e7d637a419a6dee4f9c24796d51db0265", "asset_id": "65817102744065572480230294686806311631479345064141969816983875806228836264752", "timestamp": "1769383979052", "hash": "f7335c3820a86af8e3f9801188a4ba71eae178ab", "bids": [{"price": "0.01", "size": "318.54"}, {"price": "0.02", "size": "132.76"}, {"price": "0.03", "size": "203.88"}, {"price": "0.04", "size": "50"}], "asks": [{"price": "0.99", "size": "326.74"}, {"price": "0.98", "size": "135.38"}, {"price": "0.97", "size": "199"}, {"price": "0.96", "size": "50"}, {"price": "0.95", "size": "23.99"}], "event_type": "book", "last_trade_price": ""}, {"market": "0x8e5e93738d39bfa96b5c71b68a5b97322294c8cedbe22a4a1a1ce3a24d7a1cd7", "asset_id": "31665810693337854078333031179629564712987621075571279782098878118998024539942", "timestamp": "1769383978950", "hash": "0e899a2b1e498b33fc82be3899adf286436cfa4a", "bids": [{"price": "0.01", "size": "324.61"}, {"price": "0.02", "size": "136.45"}, {"price": "0.03", "size": "235"}, {"price": "0.04", "size": "50"}, {"price": "0.05", "size": "23.99"}], "asks": [{"price": "0.99", "size": "318.54"}, {"price": "0.98", "size": "132.76"}, {"price": "0.97", "size": "272.88"}, {"price": "0.96", "size": "50"}], "event_type": "book", "last_trade_price": ""}, {"market": "0xa553e9fab8c5b65206826c13c3af9b6be92d30c9c8201fd43f07e98d0bcfd579", "asset_id": "97888639872369939223919799390542737259247997322068019224307993159751348626803", "timestamp": "1769383823228", "hash": "fa85580740df0432dd88fdf703ef1344e51eb6c8", "bids": [{"price": "0.01", "size": "321.51"}, {"price": "0.02", "size": "138"}, {"price": "0.03", "size": "280"}, {"price": "0.04", "size": "50"}], "asks": [{"price": "0.99", "size": "192.96"}, {"price": "0.98", "size": "119.53"}, {"price": "0.97", "size": "25.6"}, {"price": "0.96", "size": "25"}, {"price": "0.95", "size": "87.17"}, {"price": "0.94", "size": "33"}], "event_type": "book", "last_trade_price": ""}, {"market": "0xfa92381f81b5adcfda62f2d53e77dae85a187f0e0fd6de82751d98f2783f4c82", "asset_id": "108340183697860237873537937757432633768541731341678932872023807481050268145294", "timestamp": "1769383978950", "hash": "d1e42686d36ed13f5257726a5f86e68482e4fe29", "bids": [{"price": "0.01", "size": "192.96"}, {"price": "0.02", "size": "40.17"}, {"price": "0.03", "size": "92"}, {"price": "0.04", "size": "83.38"}, {"price": "0.05", "size": "27.17"}, {"price": "0.06", "size": "33"}], "asks": [{"price": "0.99", "size": "324.61"}, {"price": "0.98", "size": "136.45"}, {"price": "0.97", "size": "268"}, {"price": "0.96", "size": "50"}, {"price": "0.95", "size": "23.99"}], "event_type": "book", "last_trade_price": ""}, {"market": "0x4d35158f35437b2a046f47ed834659a238f0eab9b6475c46b08a4fdbfb0a8371", "asset_id": "80526323222606421671338856587841249061831272164247760037444004984999868940383", "timestamp": "1769383978950", "hash": "8da7a09146c6942ad3cdf269d5b9a6f9978f8598", "bids": [{"price": "0.01", "size": "324.61"}, {"price": "0.02", "size": "136.45"}, {"price": "0.03", "size": "193"}, {"price": "0.04", "size": "50"}, {"price": "0.05", "size": "23.99"}], "asks": [{"price": "0.99", "size": "318.54"}, {"price": "0.98", "size": "132.76"}, {"price": "0.97", "size": "272.88"}, {"price": "0.96", "size": "50"}], "event_type": "book", "last_trade_price": ""}, {"market": "0xfa92381f81b5adcfda62f2d53e77dae85a187f0e0fd6de82751d98f2783f4c82", "asset_id": "99860339626233003377107831802845090972415981890567845419092028703436659773744", "timestamp": "1769383978950", "hash": "3ad91511d64a64fe0a167b98ee3142f5897f2e1d", "bids": [{"price": "0.01", "size": "324.61"}, {"price": "0.02", "size": "136.45"}, {"price": "0.03", "size": "268"}, {"price": "0.04", "size": "50"}, {"price": "0.05", "size": "23.99"}], "asks": [{"price": "0.99", "size": "192.96"}, {"price": "0.98", "size": "40.17"}, {"price": "0.97", "size": "92"}, {"price": "0.96", "size": "83.38"}, {"price": "0.95", "size": "27.17"}, {"price": "0.94", "size": "33"}], "event_type": "book", "last_trade_price": ""}, {"market": "0xcce8e134cc800c647578712ae1cacd0e7d637a419a6dee4f9c24796d51db0265", "asset_id": "42594116318814585990723848827387927348930790190064595765047508877479170108692", "timestamp": "1769383979052", "hash": "ce5eb83bf2cd16c698cdb146d303dc1cf3041cdc", "bids": [{"price": "0.01", "size": "326.74"}, {"price": "0.02", "size": "135.38"}, {"price": "0.03", "size": "199"}, {"price": "0.04", "size": "50"}, {"price": "0.05", "size": "23.99"}], "asks": [{"price": "0.99", "size": "318.54"}, {"price": "0.98", "size": "132.76"}, {"price": "0.97", "size": "203.88"}, {"price": "0.96", "size": "50"}], "event_type": "book", "last_trade_price": ""}, {"market": "0xc32eb2ef6e9ff79355cdd3cf5167bb2d296c2a4b94a6f9e91b62baf2a11fe915", "asset_id": "19353349643293160294017855897120942108968324163221470521949683147376822269864", "timestamp": "1769383978950", "hash": "06e28dd57c2f25121fb351f74cf2c15055cb1e22", "bids": [{"price": "0.01", "size": "318.54"}, {"price": "0.02", "size": "132.76"}, {"price": "0.03", "size": "203.88"}, {"price": "0.04", "size": "50"}], "asks": [{"price": "0.99", "size": "325.03"}, {"price": "0.98", "size": "136.24"}, {"price": "0.97", "size": "199"}, {"price": "0.96", "size": "50"}, {"price": "0.95", "size": "23.99"}], "event_type": "book", "last_trade_price": ""}, {"market": "0x6c69159feef34c18c8e4e2ccf6580a5d89a69d0a3834185402138ec13d6952e7", "asset_id": "17188538777625132692660656014689339104699325451015624831433972145591059141742", "timestamp": "1769383978950", "hash": "62c1f873a812065f7c6bd0bf189a7fbd3ba92ef4", "bids": [{"price": "0.01", "size": "323.24"}, {"price": "0.02", "size": "135.93"}, {"price": "0.03", "size": "199.8"}, {"price": "0.04", "size": "50"}, {"price": "0.05", "size": "23.99"}], "asks": [{"price": "0.99", "size": "324.5"}, {"price": "0.98", "size": "136.5"}, {"price": "0.97", "size": "199"}, {"price": "0.96", "size": "50"}], "event_type": "book", "last_trade_price": ""}, {"market": "0x50a7654cf38bfd4c236de11e7cf567b266fdbc065bf838aa259373929254cd26", "asset_id": "60349906698433546189098204381593377097633410965480292357677437321259982746328", "timestamp": "1769366098227", "hash": "7243c3d352010e142c36cd5852d7b8ebc65b5ab8", "bids": [{"price": "0.01", "size": "192.96"}, {"price": "0.02", "size": "40.17"}, {"price": "0.03", "size": "92"}, {"price": "0.04", "size": "83.38"}, {"price": "0.05", "size": "27.17"}, {"price": "0.06", "size": "33"}], "asks": [{"price": "0.99", "size": "318.54"}, {"price": "0.98", "size": "132.76"}, {"price": "0.97", "size": "272.88"}, {"price": "0.96", "size": "50"}], "event_type": "book", "last_trade_price": ""}, {"market": "0xfebcebce8643989027c547ea1c9b61dac0b47a03dc44ae742c56fc32ed7f4521", "asset_id": "68091805598215361887579543601922545950020242636143729645760544101001256572232", "timestamp": "1769383979052", "hash": "0f5128138c8210f33b2313fb3d3524008cc96da6", "bids": [{"price": "0.01", "size": "318.54"}, {"price": "0.02", "size": "132.76"}, {"price": "0.03", "size": "203.88"}, {"price": "0.04", "size": "50"}], "asks": [{"price": "0.99", "size": "325.03"}, {"price": "0.98", "size": "136.24"}, {"price": "0.97", "size": "199"}, {"price": "0.96", "size": "50"}, {"price": "0.95", "size": "23.99"}], "event_type": "book", "last_trade_price": ""}, {"market": "0x6c69159feef34c18c8e4e2ccf6580a5d89a69d0a3834185402138ec13d6952e7", "asset_id": "7155917747898226841630160054956272790663585315139518208542677863440461896871", "timestamp": "1769383978950", "hash": "5d3342d53c8209b578634682395d2a1c683fbc61", "bids": [{"price": "0.01", "size": "324.5"}, {"price": "0.02", "size": "136.5"}, {"price": "0.03", "size": "199"}, {"price": "0.04", "size": "50"}], "asks": [{"price": "0.99", "size": "323.24"}, {"price": "0.98", "size": "135.93"}, {"price": "0.97", "size": "199.8"}, {"price": "0.96", "size": "50"}, {"price": "0.95", "size": "23.99"}], "event_type": "book", "last_trade_price": ""}, {"market": "0x5921c31cf941f5bb16af83cf64e93faa3919ae44856a8a19f0ce5a8c7708bb04", "asset_id": "19882581017284074173837856337727250253994645865586624719511142546577763248135", "timestamp": "1769383979052", "hash": "ea7add580f46069c49bcb67501258fb01bc6e977", "bids": [{"price": "0.01", "size": "324.27"}, {"price": "0.02", "size": "136.62"}, {"price": "0.03", "size": "199"}, {"price": "0.04", "size": "50"}, {"price": "0.05", "size": "23.99"}], "asks": [{"price": "0.99", "size": "324.27"}, {"price": "0.98", "size": "136.62"}, {"price": "0.97", "size": "199"}, {"price": "0.96", "size": "50"}, {"price": "0.95", "size": "23.99"}], "event_type": "book", "last_trade_price": ""}, {"market": "0xbb8510952d1916afb304e953b9e5a3c7bfbb9b8d74429f04a77d3ce9abf59ede", "asset_id": "43863257746611880218937041751040871913582567578141446572924843850046623196609", "timestamp": "1769383978950", "hash": "f153302e81b2d91f4a26a8bc7405fd0893fba99e", "bids": [{"price": "0.01", "size": "324.28"}, {"price": "0.02", "size": "136.63"}, {"price": "0.03", "size": "198.99"}, {"price": "0.04", "size": "50"}], "asks": [{"price": "0.99", "size": "326.5"}, {"price": "0.98", "size": "135.5"}, {"price": "0.97", "size": "199"}, {"price": "0.96", "size": "50"}, {"price": "0.95", "size": "23.99"}], "event_type": "book", "last_trade_price": ""}, {"market": "0x1574c97d1e0b39e0aa6122623f9ef9417b11d5c391d65060264aa9979e0de387", "asset_id": "740605388710709512354418877329303473638121640739314648330344397295465148041", "timestamp": "1769383823698", "hash": "e800007aeaa399cd28b158755509914d3448f18c", "bids": [{"price": "0.01", "size": "192.96"}, {"price": "0.02", "size": "40.17"}, {"price": "0.03", "size": "92"}, {"price": "0.04", "size": "83.38"}, {"price": "0.05", "size": "27.17"}, {"price": "0.06", "size": "33"}], "asks": [{"price": "0.99", "size": "324.61"}, {"price": "0.98", "size": "136.45"}, {"price": "0.97", "size": "280"}, {"price": "0.96", "size": "50"}], "event_type": "book", "last_trade_price": ""}, {"market": "0xfebcebce8643989027c547ea1c9b61dac0b47a03dc44ae742c56fc32ed7f4521", "asset_id": "65259862989779526899113611940295663390181697886491735235503986258900972141603", "timestamp": "1769383979052", "hash": "aaf6ba5cfe1c32d1e73dfec2fea19919ea0eec9b", "bids": [{"price": "0.01", "size": "325.03"}, {"price": "0.02", "size": "136.24"}, {"price": "0.03", "size": "199"}, {"price": "0.04", "size": "50"}, {"price": "0.05", "size": "23.99"}], "asks": [{"price": "0.99", "size": "318.54"}, {"price": "0.98", "size": "132.76"}, {"price": "0.97", "size": "203.88"}, {"price": "0.96", "size": "50"}], "event_type": "book", "last_trade_price": ""}, {"market": "0x4d35158f35437b2a046f47ed834659a238f0eab9b6475c46b08a4fdbfb0a8371", "asset_id": "30476494742793499221416014095750917086512108938334884011193720383741587262581", "timestamp": "1769383978950", "hash": "a2b073786e3e7fbef45e8715f18ff33e9569e925", "bids": [{"price": "0.01", "size": "318.54"}, {"price": "0.02", "size": "132.76"}, {"price": "0.03", "size": "272.88"}, {"price": "0.04", "size": "50"}], "asks": [{"price": "0.99", "size": "324.61"}, {"price": "0.98", "size": "136.45"}, {"price": "0.97", "size": "193"}, {"price": "0.96", "size": "50"}, {"price": "0.95", "size": "23.99"}], "event_type": "book", "last_trade_price": ""}, {"market": "0xb8ef2d3bcec165deadb82567f77b2388728cb72359e7360ac8961251a7e2afdd", "asset_id": "86022011366679176850231859959431997001979507229477606673736375246628108109456", "timestamp": "1769383978950", "hash": "c9214803928276cbad7bf5582ee93e2888ae22da", "bids": [{"price": "0.01", "size": "324.61"}, {"price": "0.02", "size": "136.45"}, {"price": "0.03", "size": "235"}, {"price": "0.04", "size": "50"}, {"price": "0.05", "size": "23.99"}], "asks": [{"price": "0.99", "size": "324.61"}, {"price": "0.98", "size": "136.45"}, {"price": "0.97", "size": "280"}, {"price": "0.96", "size": "50"}], "event_type": "book", "last_trade_price": ""}, {"market": "0x5921c31cf941f5bb16af83cf64e93faa3919ae44856a8a19f0ce5a8c7708bb04", "asset_id": "112884328786807100192202904147068364993635663253354982517010699383897186239141", "timestamp": "1769383979052", "hash": "7334a51bcb27ec6374256d1a5697dfcb314bca70", "bids": [{"price": "0.01", "size": "324.27"}, {"price": "0.02", "size": "136.62"}, {"price": "0.03", "size": "199"}, {"price": "0.04", "size": "50"}, {"price": "0.05", "size": "23.99"}], "asks": [{"price": "0.99", "size": "324.27"}, {"price": "0.98", "size": "136.62"}, {"price": "0.97", "size": "199"}, {"price": "0.96", "size": "50"}, {"price": "0.95", "size": "23.99"}], "event_type": "book", "last_trade_price": ""}, {"market": "0xbb8510952d1916afb304e953b9e5a3c7bfbb9b8d74429f04a77d3ce9abf59ede", "asset_id": "28122100507487988913975082995339253590983376110617853907860490631003390921001", "timestamp": "1769383978950", "hash": "2338fba677c7c3c45f0f8acbb3e4cbbccf29ab7c", "bids": [{"price": "0.01", "size": "326.5"}, {"price": "0.02", "size": "135.5"}, {"price": "0.03", "size": "199"}, {"price": "0.04", "size": "50"}, {"price": "0.05", "size": "23.99"}], "asks": [{"price": "0.99", "size": "324.28"}, {"price": "0.98", "size": "136.63"}, {"price": "0.97", "size": "198.99"}, {"price": "0.96", "size": "50"}], "event_type": "book", "last_trade_price": ""}, {"market": "0xa553e9fab8c5b65206826c13c3af9b6be92d30c9c8201fd43f07e98d0bcfd579", "asset_id": "115635820593063196378846946739661482628925643991759375782603606130357845478093", "timestamp": "1769383823228", "hash": "ade98b48702d8443cde3eb09a6fb3307cab83ff5", "bids": [{"price": "0.01", "size": "192.96"}, {"price": "0.02", "size": "119.53"}, {"price": "0.03", "size": "25.6"}, {"price": "0.04", "size": "25"}, {"price": "0.05", "size": "87.17"}, {"price": "0.06", "size": "33"}], "asks": [{"price": "0.99", "size": "321.51"}, {"price": "0.98", "size": "138"}, {"price": "0.97", "size": "280"}, {"price": "0.96", "size": "50"}], "event_type": "book", "last_trade_price": ""}, {"market": "0xc32eb2ef6e9ff79355cdd3cf5167bb2d296c2a4b94a6f9e91b62baf2a11fe915", "asset_id": "81839358533908552833079143480204009408182729728450572341026542742385062234307", "timestamp": "1769383978950", "hash": "405951c1b16749895cac0317908d486c2e9e77ea", "bids": [{"price": "0.01", "size": "325.03"}, {"price": "0.02", "size": "136.24"}, {"price": "0.03", "size": "199"}, {"price": "0.04", "size": "50"}, {"price": "0.05", "size": "23.99"}], "asks": [{"price": "0.99", "size": "318.54"}, {"price": "0.98", "size": "132.76"}, {"price": "0.97", "size": "203.88"}, {"price": "0.96", "size": "50"}], "event_type": "book", "last_trade_price": ""}, {"market": "0x1574c97d1e0b39e0aa6122623f9ef9417b11d5c391d65060264aa9979e0de387", "asset_id": "53184341308294491787776386049292947761235184653025631079998133045007059144775", "timestamp": "1769383823698", "hash": "bc7ae88a68e394e7fb31683eec3249a516cd58ba", "bids": [{"price": "0.01", "size": "324.61"}, {"price": "0.02", "size": "136.45"}, {"price": "0.03", "size": "280"}, {"price": "0.04", "size": "50"}], "asks": [{"price": "0.99", "size": "192.96"}, {"price": "0.98", "size": "40.17"}, {"price": "0.97", "size": "92"}, {"price": "0.96", "size": "83.38"}, {"price": "0.95", "size": "27.17"}, {"price": "0.94", "size": "33"}], "event_type": "book", "last_trade_price": ""}]}
{"_local_timestamp": "2026-01-25T23:34:34.031189+00:00", "data": {"market": "0xbb8510952d1916afb304e953b9e5a3c7bfbb9b8d74429f04a77d3ce9abf59ede", "price_changes": [{"asset_id": "28122100507487988913975082995339253590983376110617853907860490631003390921001", "price": "0.05", "size": "0", "side": "BUY", "hash": "d1b0c9f76e11a55d4a8fb61280b9b3996cca8e87", "best_bid": "0.04", "best_ask": "0.96"}, {"asset_id": "43863257746611880218937041751040871913582567578141446572924843850046623196609", "price": "0.95", "size": "0", "side": "SELL", "hash": "ba46fef42259bfd7b5b11a06d7d7f24121b3e7d2", "best_bid": "0.04", "best_ask": "0.96"}], "timestamp": "1769384073786", "event_type": "price_change"}}
{"_local_timestamp": "2026-01-25T23:34:34.033772+00:00", "data": {"market": "0x4d35158f35437b2a046f47ed834659a238f0eab9b6475c46b08a4fdbfb0a8371", "price_changes": [{"asset_id": "80526323222606421671338856587841249061831272164247760037444004984999868940383", "price": "0.05", "size": "0", "side": "BUY", "hash": "f6484694649777811c2c43530b63cc60281f9cae", "best_bid": "0.04", "best_ask": "0.96"}, {"asset_id": "30476494742793499221416014095750917086512108938334884011193720383741587262581", "price": "0.95", "size": "0", "side": "SELL", "hash": "b4cc5e97e145ba08a9c726d53927f3b1bef99a50", "best_bid": "0.04", "best_ask": "0.96"}], "timestamp": "1769384073786", "event_type": "price_change"}}
{"_local_timestamp": "2026-01-25T23:34:34.035859+00:00", "data": {"market": "0xc32eb2ef6e9ff79355cdd3cf5167bb2d296c2a4b94a6f9e91b62baf2a11fe915", "price_changes": [{"asset_id": "81839358533908552833079143480204009408182729728450572341026542742385062234307", "price": "0.05", "size": "0", "side": "BUY", "hash": "3b635f54abebf09a78880670b3b7e7e931b6556b", "best_bid": "0.04", "best_ask": "0.96"}, {"asset_id": "19353349643293160294017855897120942108968324163221470521949683147376822269864", "price": "0.95", "size": "0", "side": "SELL", "hash": "8f9a1b910139d47594029bac4557b2b1b682c86d", "best_bid": "0.04", "best_ask": "0.96"}], "timestamp": "1769384073786", "event_type": "price_change"}}
{"_local_timestamp": "2026-01-25T23:34:34.036372+00:00", "data": {"market": "0xcce8e134cc800c647578712ae1cacd0e7d637a419a6dee4f9c24796d51db0265", "price_changes": [{"asset_id": "42594116318814585990723848827387927348930790190064595765047508877479170108692", "price": "0.05", "size": "0", "side": "BUY", "hash": "8a6134b523eaf3766bf4ba3d0c7972b9fc881ca9", "best_bid": "0.04", "best_ask": "0.96"}, {"asset_id": "65817102744065572480230294686806311631479345064141969816983875806228836264752", "price": "0.95", "size": "0", "side": "SELL", "hash": "646f040f5f8ed97a31b4f1f133ef3f137cf7eee5", "best_bid": "0.04", "best_ask": "0.96"}], "timestamp": "1769384073786", "event_type": "price_change"}}
{"_local_timestamp": "2026-01-25T23:34:34.115830+00:00", "data": {"market": "0xfebcebce8643989027c547ea1c9b61dac0b47a03dc44ae742c56fc32ed7f4521", "price_changes": [{"asset_id": "65259862989779526899113611940295663390181697886491735235503986258900972141603", "price": "0.05", "size": "0", "side": "BUY", "hash": "73df0da2a171888d8e0032a79d89017f3e77e670", "best_bid": "0.04", "best_ask": "0.96"}, {"asset_id": "68091805598215361887579543601922545950020242636143729645760544101001256572232", "price": "0.95", "size": "0", "side": "SELL", "hash": "c0c79e1781ae4bc8b89223adf0998380297d60bf", "best_bid": "0.04", "best_ask": "0.96"}], "timestamp": "1769384073891", "event_type": "price_change"}}
{"_local_timestamp": "2026-01-25T23:34:34.117136+00:00", "data": {"market": "0xb8ef2d3bcec165deadb82567f77b2388728cb72359e7360ac8961251a7e2afdd", "price_changes": [{"asset_id": "86022011366679176850231859959431997001979507229477606673736375246628108109456", "price": "0.05", "size": "0", "side": "BUY", "hash": "043bce4c2bd53eefc30d526719048d8b11ca0206", "best_bid": "0.04", "best_ask": "0.96"}, {"asset_id": "99119429639346216558506846907652364506124715164431712568772785133524081984811", "price": "0.95", "size": "0", "side": "SELL", "hash": "2294230e66ff64188f5aa78321c43ea7986490e6", "best_bid": "0.04", "best_ask": "0.96"}], "timestamp": "1769384073891", "event_type": "price_change"}}
{"_local_timestamp": "2026-01-25T23:34:34.117746+00:00", "data": {"market": "0x8e5e93738d39bfa96b5c71b68a5b97322294c8cedbe22a4a1a1ce3a24d7a1cd7", "price_changes": [{"asset_id": "31665810693337854078333031179629564712987621075571279782098878118998024539942", "price": "0.05", "size": "0", "side": "BUY", "hash": "c7ce63420fec6fec2456da424bcc2d41c4efa0dc", "best_bid": "0.04", "best_ask": "0.96"}, {"asset_id": "4289278606893847085254190999368801698273252554244292015509049559218855376578", "price": "0.95", "size": "0", "side": "SELL", "hash": "4c608737ea209dfcddf2e3a7ce9fc2a7a19fb246", "best_bid": "0.04", "best_ask": "0.96"}], "timestamp": "1769384073891", "event_type": "price_change"}}
{"_local_timestamp": "2026-01-25T23:34:34.211559+00:00", "data": {"market": "0xfa92381f81b5adcfda62f2d53e77dae85a187f0e0fd6de82751d98f2783f4c82", "price_changes": [{"asset_id": "99860339626233003377107831802845090972415981890567845419092028703436659773744", "price": "0.05", "size": "0", "side": "BUY", "hash": "e8ecf761cc316b09220a8944f33f7bc46d8b0e27", "best_bid": "0.04", "best_ask": "0.94"}, {"asset_id": "108340183697860237873537937757432633768541731341678932872023807481050268145294", "price": "0.95", "size": "0", "side": "SELL", "hash": "9ee2bdbf10932c438424c08ecbcba631b3e3693c", "best_bid": "0.06", "best_ask": "0.96"}], "timestamp": "1769384073982", "event_type": "price_change"}}
{"_local_timestamp": "2026-01-25T23:34:34.213136+00:00", "data": {"market": "0x6c69159feef34c18c8e4e2ccf6580a5d89a69d0a3834185402138ec13d6952e7", "price_changes": [{"asset_id": "17188538777625132692660656014689339104699325451015624831433972145591059141742", "price": "0.05", "size": "0", "side": "BUY", "hash": "48cf2eceed2218ed96f8ade88fa8dca3ccbf4ca1", "best_bid": "0.04", "best_ask": "0.96"}, {"asset_id": "7155917747898226841630160054956272790663585315139518208542677863440461896871", "price": "0.95", "size": "0", "side": "SELL", "hash": "dc9ffa85aaf7b7c7c8ac661c4d93f213455f5fc2", "best_bid": "0.04", "best_ask": "0.96"}], "timestamp": "1769384073982", "event_type": "price_change"}}
{"_local_timestamp": "2026-01-25T23:34:34.214267+00:00", "data": {"market": "0x5921c31cf941f5bb16af83cf64e93faa3919ae44856a8a19f0ce5a8c7708bb04", "price_changes": [{"asset_id": "112884328786807100192202904147068364993635663253354982517010699383897186239141", "price": "0.05", "size": "0", "side": "BUY", "hash": "9907a6bda29edbb29667b9494d6e6896048d1d47", "best_bid": "0.04", "best_ask": "0.95"}, {"asset_id": "19882581017284074173837856337727250253994645865586624719511142546577763248135", "price": "0.95", "size": "0", "side": "SELL", "hash": "469ef31f05a33ec66fecf07d90f610cb99282b25", "best_bid": "0.05", "best_ask": "0.96"}], "timestamp": "1769384073982", "event_type": "price_change"}}
{"_local_timestamp": "2026-01-25T23:34:34.217177+00:00", "data": {"market": "0x5921c31cf941f5bb16af83cf64e93faa3919ae44856a8a19f0ce5a8c7708bb04", "price_changes": [{"asset_id": "19882581017284074173837856337727250253994645865586624719511142546577763248135", "price": "0.05", "size": "0", "side": "BUY", "hash": "7576c95748b8a9dc094b02f770c5d3b549ed7d1d", "best_bid": "0.04", "best_ask": "0.96"}, {"asset_id": "112884328786807100192202904147068364993635663253354982517010699383897186239141", "price": "0.95", "size": "0", "side": "SELL", "hash": "941709453038c91c510e269c22f72d907c5817f9", "best_bid": "0.04", "best_ask": "0.96"}], "timestamp": "1769384073982", "event_type": "price_change"}}
