{"_local_timestamp": "2026-01-25T23:34:23.870815+00:00", "data": [{"market": "0x4cf3b8f48636151c6c659a417656314485ce8e95552dca960ac983c043b46a20", "asset_id": "70248363113600276777809924706693735650296251658170609611549724319498778503054", "timestamp": "1769383946922", "hash": "9ff5e38dbd4f06c33c43a4ce6ed1bcfff73707ff", "bids": [{"price": "0.01", "size": "314.58"}, {"price": "0.02", "size": "113.63"}, {"price": "0.03", "size": "49"}, {"price": "0.04", "size": "14.48"}, {"price": "0.06", "size": "33"}, {"price": "0.07", "size": "185.71"}, {"price": "0.08", "size": "160.75"}, {"price": "0.09", "size": "10.64"}, {"price": "0.49", "size": "100"}], "asks": [{"price": "0.99", "size": "602.53"}, {"price": "0.98", "size": "23.92"}, {"price": "0.97", "size": "89.4"}, {"price": "0.96", "size": "98.47"}, {"price": "0.95", "size": "40"}], "event_type": "book", "last_trade_price": ""}, {"market": "0x4cf3b8f48636151c6c659a417656314485ce8e95552dca960ac983c043b46a20", "asset_id": "22775788595354641873930585358775838540087884111814366918370583719862832626554", "timestamp": "1769383946922", "hash": "2b640862bf3e065130356dca72b742093d978fcc", "bids": [{"price": "0.01", "size": "602.53"}, {"price": "0.02", "size": "23.92"}, {"price": "0.03", "size": "89.4"}, {"price": "0.04", "size": "98.47"}, {"price": "0.05", "size": "40"}], "asks": [{"price": "0.99", "size": "314.58"}, {"price": "0.98", "size": "113.63"}, {"price": "0.97", "size": "49"}, {"price": "0.96", "size": "14.48"}, {"price": "0.94", "size": "33"}, {"price": "0.93", "size": "185.71"}, {"price": "0.92", "size": "160.75"}, {"price": "0.91", "size": "10.64"}, {"price": "0.51", "size": "100"}], "event_type": "book", "last_trade_price": ""}, {"market": "0x4d5ab4daed76051bf3ee02f01514a7b0dd1cf209e446672308f46727fa99ed7b", "asset_id": "64977119743751479076413254514305944999304843897903862249385888826938967230411", "timestamp": "1769384030321", "hash": "dc679638553edf9ea07d23b8f979ff69318c74ea", "bids": [{"price": "0.01", "size": "192.95"}, {"price": "0.02", "size": "116.52"}, {"price": "0.03", "size": "25.58"}, {"price": "0.04", "size": "37"}, {"price": "0.05", "size": "77.17"}, {"price": "0.06", "size": "33"}], "asks": [{"price": "0.99", "size": "351.19"}, {"price": "0.98", "size": "122.4"}, {"price": "0.97", "size": "127"}, {"price": "0.96", "size": "62.86"}, {"price": "0.95", "size": "23.99"}], "event_type": "book", "last_trade_price": ""}, {"market": "0x72913ac47e9487e373c7bdd3c75d449f427c895d28e7ad98429b782f228ed9f6", "asset_id": "34939683052114025348559418551897037065239214079285580030139209044392487893523", "timestamp": "1769384031522", "hash": "0994590ba194b6384ebd62ae9eca63711c56eec5", "bids": [{"price": "0.01", "size": "372.67"}, {"price": "0.02", "size": "137.38"}, {"price": "0.03", "size": "127"}, {"price": "0.04", "size": "50"}], "asks": [{"price": "0.99", "size": "192.95"}, {"price": "0.98", "size": "116.52"}, {"price": "0.97", "size": "25.58"}, {"price": "0.96", "size": "37"}, {"price": "0.95", "size": "77.17"}, {"price": "0.94", "size": "33"}], "event_type": "book", "last_trade_price": ""}, {"market": "0x3490799a5410bb29c6fbef53026fa193214a2afb437c64db07725cc9be49125f", "asset_id": "76710204119309871796800118285480788957801563005622626092382674695414134664095", "timestamp": "1769384030321", "hash": "efb62ca29226bb0a2a0acff476751f2353651a17", "bids": [{"price": "0.01", "size": "202.53"}, {"price": "0.02", "size": "49.11"}, {"price": "0.03", "size": "73"}, {"price": "0.04", "size": "98.47"}, {"price": "0.05", "size": "40"}], "asks": [{"price": "0.99", "size": "351.19"}, {"price": "0.98", "size": "122.4"}, {"price": "0.97", "size": "127"}, {"price": "0.96", "size": "62.86"}, {"price": "0.95", "size": "23.99"}], "event_type": "book", "last_trade_price": ""}, {"market": "0x5903552c93f25242889e4fcb9ae10c825b25b49545c6748374a2785b748dd6b5", "asset_id": "79718653894676894533907324775408359727997958419392190740808568815546325080747", "timestamp": "1769384029396", "hash": "ef90917e6abb98bd88149651a8ee5f8d06d9a50f", "bids": [{"price": "0.01", "size": "371.48"}, {"price": "0.02", "size": "138"}, {"price": "0.03", "size": "176.99"}, {"price": "0.04", "size": "50"}], "asks": [{"price": "0.99", "size": "192.95"}, {"price": "0.98", "size": "116.53"}, {"price": "0.97", "size": "25.59"}, {"price": "0.96", "size": "37"}, {"price": "0.95", "size": "77.17"}, {"price": "0.94", "size": "33"}], "event_type": "book", "last_trade_price": ""}, {"market": "0x5903552c93f25242889e4fcb9ae10c825b25b49545c6748374a2785b748dd6b5", "asset_id": "24200433337500189904614360181295632115125818761562840923816489007094730101546", "timestamp": "1769384029396", "hash": "7e5415a0f76b3564c37952af9c14472a08a53c34", "bids": [{"price": "0.01", "size": "192.95"}, {"price": "0.02", "size": "116.53"}, {"price": "0.03", "size": "25.59"}, {"price": "0.04", "size": "37"}, {"price": "0.05", "size": "77.17"}, {"price": "0.06", "size": "33"}], "asks": [{"price": "0.99", "size": "371.48"}, {"price": "0.98", "size": "138"}, {"price": "0.97", "size": "176.99"}, {"price": "0.96", "size": "50"}], "event_type": "book", "last_trade_price": ""}, {"market": "0x72913ac47e9487e373c7bdd3c75d449f427c895d28e7ad98429b782f228ed9f6", "asset_id": "48206729222725636518616980976537499288859343356285093327903485282270033674835", "timestamp": "1769384031522", "hash": "44c29950dc0fe7b30809bdd47a62afc0a9bd082a", "bids": [{"price": "0.01", "size": "192.95"}, {"price": "0.02", "size": "116.52"}, {"price": "0.03", "size": "25.58"}, {"price": "0.04", "size": "37"}, {"price": "0.05", "size": "77.17"}, {"price": "0.06", "size": "33"}], "asks": [{"price": "0.99", "size": "372.67"}, {"price": "0.98", "size": "137.38"}, {"price": "0.97", "size": "127"}, {"price": "0.96", "size": "50"}], "event_type": "book", "last_trade_price": ""}, {"market": "0x760450ed072072950ad3470e598cb9219ea12fcd340d8ab3d81625c1ef5ab855", "asset_id": "80305733120548314778978141872229842731421696388377738883745422592601077397733", "timestamp": "1769367235414", "hash": "11fa76755c0d3d801b3886610c49f5b7cba7ccb0", "bids": [{"price": "0.01", "size": "368.52"}, {"price": "0.02", "size": "207.75"}, {"price": "0.03", "size": "123.87"}, {"price": "0.04", "size": "50"}], "asks": [{"price": "0.99", "size": "192.95"}, {"price": "0.98", "size": "116.52"}, {"price": "0.97", "size": "25.58"}, {"price": "0.96", "size": "37"}, {"price": "0.95", "size": "77.17"}, {"price": "0.94", "size": "33"}], "event_type": "book", "last_trade_price": ""}, {"market": "0xdda19e2d523cee50e256591e0c6e99ddd78b9440c2029ccb2a3f78a29637d1cc", "asset_id": "48603915681148539667206121269083576280338458496946767293661365090494240010836", "timestamp": "1769384029396", "hash": "c45ed634538ebd9b6ea4d74647ab60169626f76a", "bids": [{"price": "0.01", "size": "192.95"}, {"price": "0.02", "size": "116.52"}, {"price": "0.03", "size": "25.58"}, {"price": "0.04", "size": "37"}, {"price": "0.05", "size": "77.17"}, {"price": "0.06", "size": "33"}], "asks": [{"price": "0.99", "size": "374.57"}, {"price": "0.98", "size": "136.44"}, {"price": "0.97", "size": "127"}, {"price": "0.96", "size": "50"}], "event_type": "book", "last_trade_price": ""}, {"market": "0x75f698df86b684d057ed5a74096e20ae1d05f01730d10c8077fa6fe7c0abd1f7", "asset_id": "42131737972221489611902151655767849034970622713625995147721200304331559882837", "timestamp": "1769384033302", "hash": "33200a762cea10f25a15fa5c05d6a1bc40bb4370", "bids": [{"price": "0.01", "size": "411.94"}, {"price": "0.02", "size": "132.97"}, {"price": "0.03", "size": "256"}, {"price": "0.04", "size": "50"}], "asks": [{"price": "0.99", "size": "192.95"}, {"price": "0.98", "size": "40.15"}, {"price": "0.97", "size": "100"}, {"price": "0.96", "size": "46.38"}, {"price": "0.95", "size": "77.17"}, {"price": "0.94", "size": "33"}], "event_type": "book", "last_trade_price": ""}, {"market": "0x4f51cbd55982f0e6bdb69c0612dc85bb2d11783a4663b31ac0dd80bb2386867a", "asset_id": "23967623108365929363857573796782223208657874286115477177189424653191360936956", "timestamp": "1769366717207", "hash": "5733b81b36e3cf110d329db3a28425f555981d96", "bids": [{"price": "0.01", "size": "202.53"}, {"price": "0.02", "size": "49.11"}, {"price": "0.03", "size": "73"}, {"price": "0.04", "size": "98.47"}, {"price": "0.05", "size": "40"}], "asks": [{"price": "0.99", "size": "368.52"}, {"price": "0.98", "size": "132.75"}, {"price": "0.97", "size": "135.87"}, {"price": "0.96", "size": "50"}], "event_type": "book", "last_trade_price": ""}, {"market": "0x75f698df86b684d057ed5a74096e20ae1d05f01730d10c8077fa6fe7c0abd1f7", "asset_id": "114331062311292846978851596896747073179936548520522022623301293531678869531022", "timestamp": "1769384033302", "hash": "22d282e25d10cf5a7337d9f2d5dbd562475c52aa", "bids": [{"price": "0.01", "size": "192.95"}, {"price": "0.02", "size": "40.15"}, {"price": "0.03", "size": "100"}, {"price": "0.04", "size": "46.38"}, {"price": "0.05", "size": "77.17"}, {"price": "0.06", "size": "33"}], "asks": [{"price": "0.99", "size": "411.94"}, {"price": "0.98", "size": "132.97"}, {"price": "0.97", "size": "256"}, {"price": "0.96", "size": "50"}], "event_type": "book", "last_trade_price": ""}, {"market": "0x760450ed072072950ad3470e598cb9219ea12fcd340d8ab3d81625c1ef5ab855", "asset_id": "90430096709115040486089618759265761837260336828718449845240175911665583118614", "timestamp": "1769367235414", "hash": "b44ee31b57309b9c26f6700a086a8417439fc533", "bids": [{"price": "0.01", "size": "192.95"}, {"price": "0.02", "size": "116.52"}, {"price": "0.03", "size": "25.58"}, {"price": "0.04", "size": "37"}, {"price": "0.05", "size": "77.17"}, {"price": "0.06", "size": "33"}], "asks": [{"price": "0.99", "size": "368.52"}, {"price": "0.98", "size": "207.75"}, {"price": "0.97", "size": "123.87"}, {"price": "0.96", "size": "50"}], "event_type": "book", "last_trade_price": ""}, {"market": "0xbbe48953b70ef0c7dd9c140fd5d726aa753592c8dc4bc8154edfba260ac1a493", "asset_id": "108334436755899942772354212328236268814998914276432007928799478317932737595698", "timestamp": "1769383978421", "hash": "f049c46dcebb862d4ed7f4d49dea73ec47c57440", "bids": [{"price": "0.001", "size": "1200.57"}, {"price": "0.002", "size": "65.96"}, {"price": "0.003", "size": "62.53"}, {"price": "0.01", "size": "150"}, {"price": "0.011", "size": "23.74"}, {"price": "0.012", "size": "60.32"}, {"price": "0.04", "size": "37"}, {"price": "0.041", "size": "7.3"}, {"price": "0.05", "size": "91"}, {"price": "0.051", "size": "6.16"}, {"price": "0.06", "size": "33"}, {"price": "0.065", "size": "23.21"}, {"price": "0.066", "size": "13.5"}], "asks": [{"price": "0.999", "size": "1185.91"}, {"price": "0.998", "size": "117.39"}, {"price": "0.99", "size": "380"}, {"price": "0.988", "size": "95"}, {"price": "0.987", "size": "12.57"}, {"price": "0.98", "size": "100"}, {"price": "0.979", "size": "8.91"}, {"price": "0.97", "size": "47.01"}], "event_type": "book", "last_trade_price": "0.030"}, {"market": "0xe47f66723c433c09bc9ec2d2ea2a5577efaa281a9c7fa2a02e29e46e8617455c", "asset_id": "10924975248719655384735586367836871238318706266961692871371587288099481430060", "timestamp": "1769383913455", "hash": "03ceb539e2fe25d899554e061885a2cbe021ed86", "bids": [{"price": "0.01", "size": "373.61"}, {"price": "0.02", "size": "135.67"}, {"price": "0.03", "size": "127.83"}, {"price": "0.04", "size": "50"}], "asks": [{"price": "0.99", "size": "192.95"}, {"price": "0.98", "size": "116.52"}, {"price": "0.97", "size": "25.58"}, {"price": "0.96", "size": "37"}, {"price": "0.95", "size": "77.17"}, {"price": "0.94", "size": "33"}], "event_type": "book", "last_trade_price": ""}, {"market": "0x21784eda884f4b72bf2ccfa8a48ae3b4b7abab9f2725151d0dcefda6bc949415", "asset_id": "96996973627595055861898167859156458353370490929012683601488856316735510831713", "timestamp": "1769366717849", "hash": "8be616c8bf4d2793ca40c14af7931efdf5c8c90f", "bids": [{"price": "0.01", "size": "202.53"}, {"price": "0.02", "size": "49.11"}, {"price": "0.03", "size": "73"}, {"price": "0.04", "size": "98.47"}, {"price": "0.05", "size": "40"}], "asks": [{"price": "0.99", "size": "368.52"}, {"price": "0.98", "size": "132.75"}, {"price": "0.97", "size": "135.87"}, {"price": "0.96", "size": "50"}], "event_type": "book", "last_trade_price": ""}, {"market": "0x3490799a5410bb29c6fbef53026fa193214a2afb437c64db07725cc9be49125f", "asset_id": "67031091858437583467974405322663967470183816364263691797590816556320452229931", "timestamp": "1769384030321", "hash": "b251b51e29e40ac1b12165cd5cdd12794c9f8021", "bids": [{"price": "0.01", "size": "351.19"}, {"price": "0.02", "size": "122.4"}, {"price": "0.03", "size": "127"}, {"price": "0.04", "size": "62.86"}, {"price": "0.05", "size": "23.99"}], "asks": [{"price": "0.99", "size": "202.53"}, {"price": "0.98", "size": "49.11"}, {"price": "0.97", "size": "73"}, {"price": "0.96", "size": "98.47"}, {"price": "0.95", "size": "40"}], "event_type": "book", "last_trade_price": ""}, {"market": "0x4d5ab4daed76051bf3ee02f01514a7b0dd1cf209e446672308f46727fa99ed7b", "asset_id": "65219862074796891702778150924797114915736044277781321343167871067389344001869", "timestamp": "1769384030321", "hash": "54238c572420e19886d8b870085cea50f23b7880", "bids": [{"price": "0.01", "size": "351.19"}, {"price": "0.02", "size": "122.4"}, {"price": "0.03", "size": "127"}, {"price": "0.04", "size": "62.86"}, {"price": "0.05", "size": "23.99"}], "asks": [{"price": "0.99", "size": "192.95"}, {"price": "0.98", "size": "116.52"}, {"price": "0.97", "size": "25.58"}, {"price": "0.96", "size": "37"}, {"price": "0.95", "size": "77.17"}, {"price": "0.94", "size": "33"}], "event_type": "book", "last_trade_price": ""}, {"market": "0x6a16c04d74f489f01c50d017d292379214fa8664e7cdc1327f21d56b94e7cf18", "asset_id": "72213707699667856996227987224066897020326375270998125521415181982448568338462", "timestamp": "1769383978652", "hash": "984bf3a03ab2943271d57a69b5a63f9cbf0648af", "bids": [{"price": "0.01", "size": "374.41"}, {"price": "0.02", "size": "136.52"}, {"price": "0.03", "size": "127"}, {"price": "0.04", "size": "50"}, {"price": "0.05", "size": "23.99"}], "asks": [{"price": "0.99", "size": "192.95"}, {"price": "0.98", "size": "116.52"}, {"price": "0.97", "size": "25.58"}, {"price": "0.96", "size": "37"}, {"price": "0.95", "size": "77.17"}, {"price": "0.94", "size": "33"}], "event_type": "book", "last_trade_price": ""}, {"market": "0xe47f66723c433c09bc9ec2d2ea2a5577efaa281a9c7fa2a02e29e46e8617455c", "asset_id": "17150359220866358495700891590061756497422012093398179772063419422936219709814", "timestamp": "1769383913455", "hash": "7c250696b0db293c9ec18de65d16b27a4d9815a9", "bids": [{"price": "0.01", "size": "192.95"}, {"price": "0.02", "size": "116.52"}, {"price": "0.03", "size": "25.58"}, {"price": "0.04", "size": "37"}, {"price": "0.05", "size": "77.17"}, {"price": "0.06", "size": "33"}], "asks": [{"price": "0.99", "size": "373.61"}, {"price": "0.98", "size": "135.67"}, {"price": "0.97", "size": "127.83"}, {"price": "0.96", "size": "50"}], "event_type": "book", "last_trade_price": ""}, {"market": "0x6a16c04d74f489f01c50d017d292379214fa8664e7cdc1327f21d56b94e7cf18", "asset_id": "9174442456989766308113350783070996316737518838204270131721078506042323692269", "timestamp": "1769383978652", "hash": "671c944da0c2f189dfaa005f67908a06a7267f20", "bids": [{"price": "0.01", "size": "192.95"}, {"price": "0.02", "size": "116.52"}, {"price": "0.03", "size": "25.58"}, {"price": "0.04", "size": "37"}, {"price": "0.05", "size": "77.17"}, {"price": "0.06", "size": "33"}], "asks": [{"price": "0.99", "size": "374.41"}, {"price": "0.98", "size": "136.52"}, {"price": "0.97", "size": "127"}, {"price": "0.96", "size": "50"}, {"price": "0.95", "size": "23.99"}], "event_type": "book", "last_trade_price": ""}, {"market": "0x041471e77cf0cadfe0e90d3335bb0475b7c04f8adc2d08e03d231b3ab82600ff", "asset_id": "112720166655610236530070735785077595942080316046603525135802895217336453038121", "timestamp": "1769383913657", "hash": "8758eafe761919d0421a21977109ba76f4989465", "bids": [{"price": "0.01", "size": "192.77"}, {"price": "0.02", "size": "116.44"}, {"price": "0.03", "size": "25.48"}, {"price": "0.04", "size": "37"}, {"price": "0.05", "size": "77.14"}, {"price": "0.06", "size": "33"}], "asks": [{"price": "0.99", "size": "375.02"}, {"price": "0.98", "size": "136.21"}, {"price": "0.97", "size": "127"}, {"price": "0.96", "size": "50"}], "event_type": "book", "last_trade_price": ""}, {"market": "0x041471e77cf0cadfe0e90d3335bb0475b7c04f8adc2d08e03d231b3ab82600ff", "asset_id": "22287681533496661369362803479961919499507216529656180844350792721131954405285", "timestamp": "1769383913657", "hash": "63201f3238db04d59d1d027dd2c98ab1db9a805b", "bids": [{"price": "0.01", "size": "375.02"}, {"price": "0.02", "size": "136.21"}, {"price": "0.03", "size": "127"}, {"price": "0.04", "size": "50"}], "asks": [{"price": "0.99", "size": "192.77"}, {"price": "0.98", "size": "116.44"}, {"price": "0.97", "size": "25.48"}, {"price": "0.96", "size": "37"}, {"price": "0.95", "size": "77.14"}, {"price": "0.94", "size": "33"}], "event_type": "book", "last_trade_price": ""}, {"market": "0x4f51cbd55982f0e6bdb69c0612dc85bb2d11783a4663b31ac0dd80bb2386867a", "asset_id": "86169419073569582802998238969128589906132261345542245645731519627462506260274", "timestamp": "1769366717207", "hash": "e4cf1d3d58c6a42aa6b4fa9881eed0ff4b909ceb", "bids": [{"price": "0.01", "size": "368.52"}, {"price": "0.02", "size": "132.75"}, {"price": "0.03", "size": "135.87"}, {"price": "0.04", "size": "50"}], "asks": [{"price": "0.99", "size": "202.53"}, {"price": "0.98", "size": "49.11"}, {"price": "0.97", "size": "73"}, {"price": "0.96", "size": "98.47"}, {"price": "0.95", "size": "40"}], "event_type": "book", "last_trade_price": ""}, {"market": "0x21784eda884f4b72bf2ccfa8a48ae3b4b7abab9f2725151d0dcefda6bc949415", "asset_id": "15282677724083845764223616552068963664582062021609289432275737279470781564954", "timestamp": "1769366717849", "hash": "47837a62361c1c115ecb709a9471caf2e3fe45d4", "bids": [{"price": "0.01", "size": "368.52"}, {"price": "0.02", "size": "132.75"}, {"price": "0.03", "size": "135.87"}, {"price": "0.04", "size": "50"}], "asks": [{"price": "0.99", "size": "202.53"}, {"price": "0.98", "size": "49.11"}, {"price": "0.97", "size": "73"}, {"price": "0.96", "size": "98.47"}, {"price": "0.95", "size": "40"}], "event_type": "book", "last_trade_price": ""}, {"market": "0xbbe48953b70ef0c7dd9c140fd5d726aa753592c8dc4bc8154edfba260ac1a493", "asset_id": "109623631119753418566314935076361111079945475680502199511268072219931048214157", "timestamp": "1769383978421", "hash": "f649efebbfc0751ab78f3b149d2232a41ce16dc7", "bids": [{"price": "0.001", "size": "1185.91"}, {"price": "0.002", "size": "117.39"}, {"price": "0.01", "size": "380"}, {"price": "0.012", "size": "95"}, {"price": "0.013", "size": "12.57"}, {"price": "0.02", "size": "100"}, {"price": "0.021", "size": "8.91"}, {"price": "0.03", "size": "47.01"}], "asks": [{"price": "0.999", "size": "1200.57"}, {"price": "0.998", "size": "65.96"}, {"price": "0.997", "size": "62.53"}, {"price": "0.99", "size": "150"}, {"price": "0.989", "size": "23.74"}, {"price": "0.988", "size": "60.32"}, {"price": "0.96", "size": "37"}, {"price": "0.959", "size": "7.3"}, {"price": "0.95", "size": "91"}, {"price": "0.949", "size": "6.16"}, {"price": "0.94", "size": "33"}, {"price": "0.935", "size": "23.21"}, {"price": "0.934", "size": "13.5"}], "event_type": "book", "last_trade_price": "0.030"}, {"market": "0xdda19e2d523cee50e256591e0c6e99ddd78b9440c2029ccb2a3f78a29637d1cc", "asset_id": "86444503902741600863949200697950873205179167187099789180230893131728903185327", "timestamp": "1769384029396", "hash": "5e5e866a4d54535ea9387ca95f6a4a6bda0eab82", "bids": [{"price": "0.01", "size": "374.57"}, {"price": "0.02", "size": "136.44"}, {"price": "0.03", "size": "127"}, {"price": "0.04", "size": "50"}], "asks": [{"price": "0.99", "size": "192.95"}, {"price": "0.98", "size": "116.52"}, {"price": "0.97", "size": "25.58"}, {"price": "0.96", "size": "37"}, {"price": "0.95", "size": "77.17"}, {"price": "0.94", "size": "33"}], "event_type": "book", "last_trade_price": ""}]}
{"_local_timestamp": "2026-01-25T23:34:33.680102+00:00", "data": {"market": "0x3490799a5410bb29c6fbef53026fa193214a2afb437c64db07725cc9be49125f", "price_changes": [{"asset_id": "67031091858437583467974405322663967470183816364263691797590816556320452229931", "price": "0.05", "size": "0", "side": "BUY", "hash": "7e096a6432d19183b453ecc9639cf02da0142cf0", "best_bid": "0.04", "best_ask": "0.95"}, {"asset_id": "76710204119309871796800118285480788957801563005622626092382674695414134664095", "price": "0.95", "size": "0", "side": "SELL", "hash": "978f546b23f05555c20d990a67068fd519f0f37f", "best_bid": "0.05", "best_ask": "0.96"}], "timestamp": "1769384073594", "event_type": "price_change"}}
{"_local_timestamp": "2026-01-25T23:34:33.755524+00:00", "data": {"market": "0x6a16c04d74f489f01c50d017d292379214fa8664e7cdc1327f21d56b94e7cf18", "price_changes": [{"asset_id": "72213707699667856996227987224066897020326375270998125521415181982448568338462", "price": "0.05", "size": "0", "side": "BUY", "hash": "29fea69f70ce1c8075a419418ed10361c7124a38", "best_bid": "0.04", "best_ask": "0.94"}, {"asset_id": "9174442456989766308113350783070996316737518838204270131721078506042323692269", "price": "0.95", "size": "0", "side": "SELL", "hash": "a9eab68816290250775e885ee35a25001263341f", "best_bid": "0.06", "best_ask": "0.96"}], "timestamp": "1769384073687", "event_type": "price_change"}}
{"_local_timestamp": "2026-01-25T23:34:34.051539+00:00", "data": {"market": "0x4d5ab4daed76051bf3ee02f01514a7b0dd1cf209e446672308f46727fa99ed7b", "price_changes": [{"asset_id": "65219862074796891702778150924797114915736044277781321343167871067389344001869", "price": "0.05", "size": "0", "side": "BUY", "hash": "1a0a714f22e639c2c2049799bf6aeea44f771222", "best_bid": "0.04", "best_ask": "0.94"}, {"asset_id": "64977119743751479076413254514305944999304843897903862249385888826938967230411", "price": "0.95", "size": "0", "side": "SELL", "hash": "ce0df36ad6c35f072afca8440c064cc4ededd593", "best_bid": "0.06", "best_ask": "0.96"}], "timestamp": "1769384073982", "event_type": "price_change"}}
{"_local_timestamp": "2026-01-25T23:35:40.775430+00:00", "data": {"market": "0x6a16c04d74f489f01c50d017d292379214fa8664e7cdc1327f21d56b94e7cf18", "price_changes": [{"asset_id": "72213707699667856996227987224066897020326375270998125521415181982448568338462", "price": "0.01", "size": "351", "side": "BUY", "hash": "2df03c9fec3423807f5122df3189f6a2f876e1b3", "best_bid": "0.04", "best_ask": "0.94"}, {"asset_id": "9174442456989766308113350783070996316737518838204270131721078506042323692269", "price": "0.99", "size": "351", "side": "SELL", "hash": "c7096c01f557f1d84b0a1d74ffec6389c46534da", "best_bid": "0.06", "best_ask": "0.96"}], "timestamp": "1769384140706", "event_type": "price_change"}}
{"_local_timestamp": "2026-01-25T23:35:40.778318+00:00", "data": {"market": "0x6a16c04d74f489f01c50d017d292379214fa8664e7cdc1327f21d56b94e7cf18", "price_changes": [{"asset_id": "72213707699667856996227987224066897020326375270998125521415181982448568338462", "price": "0.02", "size": "121.77", "side": "BUY", "hash": "2df03c9fec3423807f5122df3189f6a2f876e1b3", "best_bid": "0.04", "best_ask": "0.94"}, {"asset_id": "9174442456989766308113350783070996316737518838204270131721078506042323692269", "price": "0.98", "size": "121.77", "side": "SELL", "hash": "c7096c01f557f1d84b0a1d74ffec6389c46534da", "best_bid": "0.06", "best_ask": "0.96"}], "timestamp": "1769384140706", "event_type": "price_change"}}
{"_local_timestamp": "2026-01-25T23:35:41.092289+00:00", "data": {"market": "0x6a16c04d74f489f01c50d017d292379214fa8664e7cdc1327f21d56b94e7cf18", "price_changes": [{"asset_id": "72213707699667856996227987224066897020326375270998125521415181982448568338462", "price": "0.01", "size": "374.4", "side": "BUY", "hash": "e739c8751e1744f1a7fca964376039d8fb4f15ed", "best_bid": "0.04", "best_ask": "0.94"}, {"asset_id": "9174442456989766308113350783070996316737518838204270131721078506042323692269", "price": "0.99", "size": "374.4", "side": "SELL", "hash": "b7f9ca694c785767a3c5b9ad538aafbfe50d7928", "best_bid": "0.06", "best_ask": "0.96"}], "timestamp": "1769384141012", "event_type": "price_change"}}
{"_local_timestamp": "2026-01-25T23:35:41.092705+00:00", "data": {"market": "0x6a16c04d74f489f01c50d017d292379214fa8664e7cdc1327f21d56b94e7cf18", "price_changes": [{"asset_id": "72213707699667856996227987224066897020326375270998125521415181982448568338462", "price": "0.02", "size": "136.52", "side": "BUY", "hash": "a53827cfebc098f1593f356aab9860b682b1efbe", "best_bid": "0.04", "best_ask": "0.94"}, {"asset_id": "9174442456989766308113350783070996316737518838204270131721078506042323692269", "price": "0.98", "size": "136.52", "side": "SELL", "hash": "ce4f58739660fb75abdb7026b48750272c811d7a", "best_bid": "0.06", "best_ask": "0.96"}], "timestamp": "1769384141014", "event_type": "price_change"}}
{"_local_timestamp": "2026-01-25T23:35:46.810416+00:00", "data": {"market": "0x4d5ab4daed76051bf3ee02f01514a7b0dd1cf209e446672308f46727fa99ed7b", "price_changes": [{"asset_id": "65219862074796891702778150924797114915736044277781321343167871067389344001869", "price": "0.04", "size": "50", "side": "BUY", "hash": "3932f9ce3905c814aca2835a7930ed80e5723434", "best_bid": "0.04", "best_ask": "0.94"}, {"asset_id": "64977119743751479076413254514305944999304843897903862249385888826938967230411", "price": "0.96", "size": "50", "side": "SELL", "hash": "4bd3e7aaa006a168a81788f86309eab609647ad4", "best_bid": "0.06", "best_ask": "0.96"}], "timestamp": "1769384146730", "event_type": "price_change"}}
{"_local_timestamp": "2026-01-25T23:35:46.810878+00:00", "data": {"market": "0x3490799a5410bb29c6fbef53026fa193214a2afb437c64db07725cc9be49125f", "price_changes": [{"asset_id": "67031091858437583467974405322663967470183816364263691797590816556320452229931", "price": "0.04", "size": "50", "side": "BUY", "hash": "8bd359a3cb4c831622ac70680edbe8dde97b205c", "best_bid": "0.04", "best_ask": "0.95"}, {"asset_id": "76710204119309871796800118285480788957801563005622626092382674695414134664095", "price": "0.96", "size": "50", "side": "SELL", "hash": "7f689384e94e8d5b80ae6ce591a2ccbeef8166d0", "best_bid": "0.05", "best_ask": "0.96"}], "timestamp": "1769384146730", "event_type": "price_change"}}
{"_local_timestamp": "2026-01-25T23:35:47.223591+00:00", "data": {"market": "0x4cf3b8f48636151c6c659a417656314485ce8e95552dca960ac983c043b46a20", "price_changes": [{"asset_id": "22775788595354641873930585358775838540087884111814366918370583719862832626554", "price": "0.03", "size": "73", "side": "BUY", "hash": "d22079addf10914619546fa4f7690de81b8d6f95", "best_bid": "0.05", "best_ask": "0.51"}, {"asset_id": "70248363113600276777809924706693735650296251658170609611549724319498778503054", "price": "0.97", "size": "73", "side": "SELL", "hash": "aae98b101ea8ec40e6fdb95adde55164436b555e", "best_bid": "0.49", "best_ask": "0.95"}], "timestamp": "1769384147158", "event_type": "price_change"}}
{"_local_timestamp": "2026-01-25T23:35:47.542981+00:00", "data": {"market": "0x4cf3b8f48636151c6c659a417656314485ce8e95552dca960ac983c043b46a20", "price_changes": [{"asset_id": "22775788595354641873930585358775838540087884111814366918370583719862832626554", "price": "0.02", "size": "48.51", "side": "BUY", "hash": "caac5657a31f1b46cd48023bf0d0a1b92297ea1d", "best_bid": "0.05", "best_ask": "0.51"}, {"asset_id": "70248363113600276777809924706693735650296251658170609611549724319498778503054", "price": "0.98", "size": "48.51", "side": "SELL", "hash": "52d4d136ce96ed190cea74ca8076033a74f7554f", "best_bid": "0.49", "best_ask": "0.95"}], "timestamp": "1769384147478", "event_type": "price_change"}}
{"_local_timestamp": "2026-01-25T23:36:01.977507+00:00", "data": {"market": "0xbbe48953b70ef0c7dd9c140fd5d726aa753592c8dc4bc8154edfba260ac1a493", "price_changes": [{"asset_id": "108334436755899942772354212328236268814998914276432007928799478317932737595698", "price": "0.003", "size": "0", "side": "BUY", "hash": "9f0ec86817b061eba3e38f17d6b8a44257a69d5b", "best_bid": "0.066", "best_ask": "0.97"}, {"asset_id": "109623631119753418566314935076361111079945475680502199511268072219931048214157", "price": "0.997", "size": "0", "side": "SELL", "hash": "85d418c665ab8583c92c04798a77d8e987716ddf", "best_bid": "0.03", "best_ask": "0.934"}], "timestamp": "1769384161906", "event_type": "price_change"}}
{"_local_timestamp": "2026-01-25T23:36:01.978498+00:00", "data": {"market": "0xbbe48953b70ef0c7dd9c140fd5d726aa753592c8dc4bc8154edfba260ac1a493", "price_changes": [{"asset_id": "108334436755899942772354212328236268814998914276432007928799478317932737595698", "price": "0.012", "size": "0", "side": "BUY", "hash": "9f0ec86817b061eba3e38f17d6b8a44257a69d5b", "best_bid": "0.066", "best_ask": "0.97"}, {"asset_id": "109623631119753418566314935076361111079945475680502199511268072219931048214157", "price": "0.988", "size": "0", "side": "SELL", "hash": "85d418c665ab8583c92c04798a77d8e987716ddf", "best_bid": "0.03", "best_ask": "0.934"}], "timestamp": "1769384161906", "event_type": "price_change"}}
{"_local_timestamp": "2026-01-25T23:36:02.245976+00:00", "data": {"market": "0xbbe48953b70ef0c7dd9c140fd5d726aa753592c8dc4bc8154edfba260ac1a493", "price_changes": [{"asset_id": "108334436755899942772354212328236268814998914276432007928799478317932737595698", "price": "0.013", "size": "56.6", "side": "BUY", "hash": "dc16622b66d39b3841999359f79cf03d3ab21d47", "best_bid": "0.066", "best_ask": "0.97"}, {"asset_id": "109623631119753418566314935076361111079945475680502199511268072219931048214157", "price": "0.987", "size": "56.6", "side": "SELL", "hash": "718aa176af85eded66ee5679430117b0119c243b", "best_bid": "0.03", "best_ask": "0.934"}], "timestamp": "1769384162171", "event_type": "price_change"}}
{"_local_timestamp": "2026-01-25T23:36:02.246392+00:00", "data": {"market": "0xbbe48953b70ef0c7dd9c140fd5d726aa753592c8dc4bc8154edfba260ac1a493", "price_changes": [{"asset_id": "108334436755899942772354212328236268814998914276432007928799478317932737595698", "price": "0.002", "size": "153.69", "side": "BUY", "hash": "77810934b780ae1870aefd607a8ba4a5f271dbf4", "best_bid": "0.066", "best_ask": "0.97"}, {"asset_id": "109623631119753418566314935076361111079945475680502199511268072219931048214157", "price": "0.998", "size": "153.69", "side": "SELL", "hash": "12247ef6c87862d90aa093345f527faad5f60569", "best_bid": "0.03", "best_ask": "0.934"}], "timestamp": "1769384162172", "event_type": "price_change"}}
{"_local_timestamp": "2026-01-25T23:36:05.749919+00:00", "data": {"market": "0x4d5ab4daed76051bf3ee02f01514a7b0dd1cf209e446672308f46727fa99ed7b", "price_changes": [{"asset_id": "65219862074796891702778150924797114915736044277781321343167871067389344001869", "price": "0.05", "size": "23.99", "side": "BUY", "hash": "b45aba8a85fa25d194eb99bae1cff042bc722534", "best_bid": "0.05", "best_ask": "0.94"}, {"asset_id": "64977119743751479076413254514305944999304843897903862249385888826938967230411", "price": "0.95", "size": "23.99", "side": "SELL", "hash": "b8f6f29ec796ca8fc4c05c8b7ed369fe2144cf7f", "best_bid": "0.06", "best_ask": "0.95"}], "timestamp": "1769384165677", "event_type": "price_change"}}
{"_local_timestamp": "2026-01-25T23:36:05.856502+00:00", "data": {"market": "0x6a16c04d74f489f01c50d017d292379214fa8664e7cdc1327f21d56b94e7cf18", "price_changes": [{"asset_id": "72213707699667856996227987224066897020326375270998125521415181982448568338462", "price": "0.05", "size": "23.99", "side": "BUY", "hash": "ea5c34794284fe61fd59d3007cbef4cdb00e0ce2", "best_bid": "0.05", "best_ask": "0.94"}, {"asset_id": "9174442456989766308113350783070996316737518838204270131721078506042323692269", "price": "0.95", "size": "23.99", "side": "SELL", "hash": "e0d7e9901f39edfa54541c4787f1e170f23bb184", "best_bid": "0.06", "best_ask": "0.95"}], "timestamp": "1769384165775", "event_type": "price_change"}}
{"_local_timestamp": "2026-01-25T23:36:05.946703+00:00", "data": {"market": "0x3490799a5410bb29c6fbef53026fa193214a2afb437c64db07725cc9be49125f", "price_changes": [{"asset_id": "67031091858437583467974405322663967470183816364263691797590816556320452229931", "price": "0.05", "size": "23.99", "side": "BUY", "hash": "1a0894e39d46c24fc8c38bc7dadc8f4b568e0d8c", "best_bid": "0.05", "best_ask": "0.95"}, {"asset_id": "76710204119309871796800118285480788957801563005622626092382674695414134664095", "price": "0.95", "size": "23.99", "side": "SELL", "hash": "1d95a64c4298cd78f5292ed7d3d7f19708b6f53b", "best_bid": "0.05", "best_ask": "0.95"}], "timestamp": "1769384165878", "event_type": "price_change"}}
{"_local_timestamp": "2026-01-25T23:36:09.105463+00:00", "data": {"market": "0xdda19e2d523cee50e256591e0c6e99ddd78b9440c2029ccb2a3f78a29637d1cc", "price_changes": [{"asset_id": "86444503902741600863949200697950873205179167187099789180230893131728903185327", "price": "0.01", "size": "351.19", "side": "BUY", "hash": "bb6de5ad15aa40a390c9c7aefe59a3f92f962300", "best_bid": "0.04", "best_ask": "0.94"}, {"asset_id": "48603915681148539667206121269083576280338458496946767293661365090494240010836", "price": "0.99", "size": "351.19", "side": "SELL", "hash": "43bd7c2740b0a3c1ee744e65ece40120572eb9d8", "best_bid": "0.06", "best_ask": "0.96"}], "timestamp": "1769384169025", "event_type": "price_change"}}
{"_local_timestamp": "2026-01-25T23:36:09.106025+00:00", "data": {"market": "0xdda19e2d523cee50e256591e0c6e99ddd78b9440c2029ccb2a3f78a29637d1cc", "price_changes": [{"asset_id": "86444503902741600863949200697950873205179167187099789180230893131728903185327", "price": "0.02", "size": "122.4", "side": "BUY", "hash": "bb6de5ad15aa40a390c9c7aefe59a3f92f962300", "best_bid": "0.04", "best_ask": "0.94"}, {"asset_id": "48603915681148539667206121269083576280338458496946767293661365090494240010836", "price": "0.98", "size": "122.4", "side": "SELL", "hash": "43bd7c2740b0a3c1ee744e65ece40120572eb9d8", "best_bid": "0.06", "best_ask": "0.96"}], "timestamp": "1769384169025", "event_type": "price_change"}}
{"_local_timestamp": "2026-01-25T23:36:09.106372+00:00", "data": {"market": "0x5903552c93f25242889e4fcb9ae10c825b25b49545c6748374a2785b748dd6b5", "price_changes": [{"asset_id": "79718653894676894533907324775408359727997958419392190740808568815546325080747", "price": "0.01", "size": "347.9", "side": "BUY", "hash": "be5a24018284ec87dde0801132c9f25b175baf78", "best_bid": "0.04", "best_ask": "0.94"}, {"asset_id": "24200433337500189904614360181295632115125818761562840923816489007094730101546", "price": "0.99", "size": "347.9", "side": "SELL", "hash": "62f2b90b3091fd086a84f0c2deb966e1449d238a", "best_bid": "0.06", "best_ask": "0.96"}], "timestamp": "1769384169025", "event_type": "price_change"}}
{"_local_timestamp": "2026-01-25T23:36:09.106676+00:00", "data": {"market": "0x5903552c93f25242889e4fcb9ae10c825b25b49545c6748374a2785b748dd6b5", "price_changes": [{"asset_id": "79718653894676894533907324775408359727997958419392190740808568815546325080747", "price": "0.02", "size": "100", "side": "BUY", "hash": "be5a24018284ec87dde0801132c9f25b175baf78", "best_bid": "0.04", "best_ask": "0.94"}, {"asset_id": "24200433337500189904614360181295632115125818761562840923816489007094730101546", "price": "0.98", "size": "100", "side": "SELL", "hash": "62f2b90b3091fd086a84f0c2deb966e1449d238a", "best_bid": "0.06", "best_ask": "0.96"}], "timestamp": "1769384169025", "event_type": "price_change"}}
{"_local_timestamp": "2026-01-25T23:36:09.372941+00:00", "data": {"market": "0x5903552c93f25242889e4fcb9ae10c825b25b49545c6748374a2785b748dd6b5", "price_changes": [{"asset_id": "79718653894676894533907324775408359727997958419392190740808568815546325080747", "price": "0.02", "size": "137.99", "side": "BUY", "hash": "af95b4acd6241926991a0edba4d1a914cd742eb6", "best_bid": "0.04", "best_ask": "0.94"}, {"asset_id": "24200433337500189904614360181295632115125818761562840923816489007094730101546", "price": "0.98", "size": "137.99", "side": "SELL", "hash": "b4e953bd74515943a18c2fc14c44ce1b04f3b2da", "best_bid": "0.06", "best_ask": "0.96"}], "timestamp": "1769384169312", "event_type": "price_change"}}
{"_local_timestamp": "2026-01-25T23:36:09.382599+00:00", "data": {"market": "0xdda19e2d523cee50e256591e0c6e99ddd78b9440c2029ccb2a3f78a29637d1cc", "price_changes": [{"asset_id": "86444503902741600863949200697950873205179167187099789180230893131728903185327", "price": "0.01", "size": "374.57", "side": "BUY", "hash": "631e90dc18922aa412618eb5a29d8e7b59bf2695", "best_bid": "0.04", "best_ask": "0.94"}, {"asset_id": "48603915681148539667206121269083576280338458496946767293661365090494240010836", "price": "0.99", "size": "374.57", "side": "SELL", "hash": "414c589950f056cc2138e5d17a874dbb9f2a2c21", "best_bid": "0.06", "best_ask": "0.96"}], "timestamp": "1769384169312", "event_type": "price_change"}}
{"_local_timestamp": "2026-01-25T23:36:09.383054+00:00", "data": {"market": "0xdda19e2d523cee50e256591e0c6e99ddd78b9440c2029ccb2a3f78a29637d1cc", "price_changes": [{"asset_id": "86444503902741600863949200697950873205179167187099789180230893131728903185327", "price": "0.02", "size": "136.43", "side": "BUY", "hash": "fd21366958f666e43824ed94025193f21c646870", "best_bid": "0.04", "best_ask": "0.94"}, {"asset_id": "48603915681148539667206121269083576280338458496946767293661365090494240010836", "price": "0.98", "size": "136.43", "side": "SELL", "hash": "389103c0a5ea1f06a8ce5d5ce3cbab91241be936", "best_bid": "0.06", "best_ask": "0.96"}], "timestamp": "1769384169313", "event_type": "price_change"}}
{"_local_timestamp": "2026-01-25T23:36:09.383433+00:00", "data": {"market": "0x5903552c93f25242889e4fcb9ae10c825b25b49545c6748374a2785b748dd6b5", "price_changes": [{"asset_id": "79718653894676894533907324775408359727997958419392190740808568815546325080747", "price": "0.01", "size": "371.48", "side": "BUY", "hash": "080f5bb30bc52e156f3de1baa58b331f957a52b2", "best_bid": "0.04", "best_ask": "0.94"}, {"asset_id": "24200433337500189904614360181295632115125818761562840923816489007094730101546", "price": "0.99", "size": "371.48", "side": "SELL", "hash": "0e141ed3c44e4467ddb85efa878becf40c6afbdf", "best_bid": "0.06", "best_ask": "0.96"}], "timestamp": "1769384169313", "event_type": "price_change"}}
{"_local_timestamp": "2026-01-25T23:36:10.262580+00:00", "data": {"market": "0x75f698df86b684d057ed5a74096e20ae1d05f01730d10c8077fa6fe7c0abd1f7", "price_changes": [{"asset_id": "42131737972221489611902151655767849034970622713625995147721200304331559882837", "price": "0.01", "size": "381.55", "side": "BUY", "hash": "062810a99ec25aee1935489a56f6edd2245d29b1", "best_bid": "0.04", "best_ask": "0.94"}, {"asset_id": "114331062311292846978851596896747073179936548520522022623301293531678869531022", "price": "0.99", "size": "381.55", "side": "SELL", "hash": "7e5ec9ae55d8312ec2117168911d03e71ccbc62e", "best_bid": "0.06", "best_ask": "0.96"}], "timestamp": "1769384170196", "event_type": "price_change"}}
{"_local_timestamp": "2026-01-25T23:36:10.617974+00:00", "data": {"market": "0x75f698df86b684d057ed5a74096e20ae1d05f01730d10c8077fa6fe7c0abd1f7", "price_changes": [{"asset_id": "42131737972221489611902151655767849034970622713625995147721200304331559882837", "price": "0.01", "size": "411.93", "side": "BUY", "hash": "ac955157eeb48ea576f1ef9d547d88a373904821", "best_bid": "0.04", "best_ask": "0.94"}, {"asset_id": "114331062311292846978851596896747073179936548520522022623301293531678869531022", "price": "0.99", "size": "411.93", "side": "SELL", "hash": "d19761e1095d01e2fa871148f68ba8fd237f62f8", "best_bid": "0.06", "best_ask": "0.96"}], "timestamp": "1769384170545", "event_type": "price_change"}}
{"_local_timestamp": "2026-01-25T23:37:39.609009+00:00", "data": {"market": "0xe47f66723c433c09bc9ec2d2ea2a5577efaa281a9c7fa2a02e29e46e8617455c", "price_changes": [{"asset_id": "10924975248719655384735586367836871238318706266961692871371587288099481430060", "price": "0.01", "size": "350.19", "side": "BUY", "hash": "0559774acbbdcf4a245a9371def650b3aabab13b", "best_bid": "0.04", "best_ask": "0.94"}, {"asset_id": "17150359220866358495700891590061756497422012093398179772063419422936219709814", "price": "0.99", "size": "350.19", "side": "SELL", "hash": "76eb2c51d6fb71375e0e49c07a381d563335c33b", "best_bid": "0.06", "best_ask": "0.96"}], "timestamp": "1769384259540", "event_type": "price_change"}}
{"_local_timestamp": "2026-01-25T23:37:39.609825+00:00", "data": {"market": "0x041471e77cf0cadfe0e90d3335bb0475b7c04f8adc2d08e03d231b3ab82600ff", "price_changes": [{"asset_id": "22287681533496661369362803479961919499507216529656180844350792721131954405285", "price": "0.01", "size": "348.93", "side": "BUY", "hash": "b1084b4e337c338533e00049d7a7b68283f38472", "best_bid": "0.04", "best_ask": "0.94"}, {"asset_id": "112720166655610236530070735785077595942080316046603525135802895217336453038121", "price": "0.99", "size": "348.93", "side": "SELL", "hash": "38cb83670c41808d4e42c3ca9bc7fe726efa46cc", "best_bid": "0.06", "best_ask": "0.96"}], "timestamp": "1769384259540", "event_type": "price_change"}}
{"_local_timestamp": "2026-01-25T23:37:39.610677+00:00", "data": {"market": "0xe47f66723c433c09bc9ec2d2ea2a5577efaa281a9c7fa2a02e29e46e8617455c", "price_changes": [{"asset_id": "10924975248719655384735586367836871238318706266961692871371587288099481430060", "price": "0.02", "size": "122.4", "side": "BUY", "hash": "0559774acbbdcf4a245a9371def650b3aabab13b", "best_bid": "0.04", "best_ask": "0.94"}, {"asset_id": "17150359220866358495700891590061756497422012093398179772063419422936219709814", "price": "0.98", "size": "122.4", "side": "SELL", "hash": "76eb2c51d6fb71375e0e49c07a381d563335c33b", "best_bid": "0.06", "best_ask": "0.96"}], "timestamp": "1769384259540", "event_type": "price_change"}}
{"_local_timestamp": "2026-01-25T23:37:39.611046+00:00", "data": {"market": "0x041471e77cf0cadfe0e90d3335bb0475b7c04f8adc2d08e03d231b3ab82600ff", "price_changes": [{"asset_id": "22287681533496661369362803479961919499507216529656180844350792721131954405285", "price": "0.02", "size": "122.4", "side": "BUY", "hash": "b1084b4e337c338533e00049d7a7b68283f38472", "best_bid": "0.04", "best_ask": "0.94"}, {"asset_id": "112720166655610236530070735785077595942080316046603525135802895217336453038121", "price": "0.98", "size": "122.4", "side": "SELL", "hash": "38cb83670c41808d4e42c3ca9bc7fe726efa46cc", "best_bid": "0.06", "best_ask": "0.96"}], "timestamp": "1769384259540", "event_type": "price_change"}}
{"_local_timestamp": "2026-01-25T23:37:39.897168+00:00", "data": {"market": "0x041471e77cf0cadfe0e90d3335bb0475b7c04f8adc2d08e03d231b3ab82600ff", "price_changes": [{"asset_id": "22287681533496661369362803479961919499507216529656180844350792721131954405285", "price": "0.02", "size": "136.21", "side": "BUY", "hash": "91aab424c32dcab87056c6a89255005bf3797d2c", "best_bid": "0.04", "best_ask": "0.94"}, {"asset_id": "112720166655610236530070735785077595942080316046603525135802895217336453038121", "price": "0.98", "size": "136.21", "side": "SELL", "hash": "501d71034a8907b4a2bb13e48f0c6b8e3cb0216e", "best_bid": "0.06", "best_ask": "0.96"}], "timestamp": "1769384259822", "event_type": "price_change"}}
{"_local_timestamp": "2026-01-25T23:37:39.897611+00:00", "data": {"market": "0xe47f66723c433c09bc9ec2d2ea2a5577efaa281a9c7fa2a02e29e46e8617455c", "price_changes": [{"asset_id": "10924975248719655384735586367836871238318706266961692871371587288099481430060", "price": "0.02", "size": "135.67", "side": "BUY", "hash": "59bab892beffa8573918a095a4ac9fb642da5682", "best_bid": "0.04", "best_ask": "0.94"}, {"asset_id": "17150359220866358495700891590061756497422012093398179772063419422936219709814", "price": "0.98", "size": "135.67", "side": "SELL", "hash": "ceedd653d6502745aa57d67f945b4bb794b2b7a5", "best_bid": "0.06", "best_ask": "0.96"}], "timestamp": "1769384259822", "event_type": "price_change"}}
{"_local_timestamp": "2026-01-25T23:37:39.897970+00:00", "data": {"market": "0x041471e77cf0cadfe0e90d3335bb0475b7c04f8adc2d08e03d231b3ab82600ff", "price_changes": [{"asset_id": "22287681533496661369362803479961919499507216529656180844350792721131954405285", "price": "0.01", "size": "375.01", "side": "BUY", "hash": "76132c6efd8a69d3ff894f81b00112d921d48ad4", "best_bid": "0.04", "best_ask": "0.94"}, {"asset_id": "112720166655610236530070735785077595942080316046603525135802895217336453038121", "price": "0.99", "size": "375.01", "side": "SELL", "hash": "f1c4c8c28d6b482c19c4369d715387751bb266a7", "best_bid": "0.06", "best_ask": "0.96"}], "timestamp": "1769384259823", "event_type": "price_change"}}
{"_local_timestamp": "2026-01-25T23:37:39.898314+00:00", "data": {"market": "0xe47f66723c433c09bc9ec2d2ea2a5577efaa281a9c7fa2a02e29e46e8617455c", "price_changes": [{"asset_id": "10924975248719655384735586367836871238318706266961692871371587288099481430060", "price": "0.01", "size": "373.6", "side": "BUY", "hash": "e39af00e4827fe6e90005515df7c45040bafe887", "best_bid": "0.04", "best_ask": "0.94"}, {"asset_id": "17150359220866358495700891590061756497422012093398179772063419422936219709814", "price": "0.99", "size": "373.6", "side": "SELL", "hash": "7447b9abd43b80ed8ccca4e5004494631ef46351", "best_bid": "0.06", "best_ask": "0.96"}], "timestamp": "1769384259824", "event_type": "price_change"}}
{"_local_timestamp": "2026-01-25T23:37:43.442043+00:00", "data": {"market": "0x3490799a5410bb29c6fbef53026fa193214a2afb437c64db07725cc9be49125f", "price_changes": [{"asset_id": "67031091858437583467974405322663967470183816364263691797590816556320452229931", "price": "0.05", "size": "0", "side": "BUY", "hash": "97ed8dd4a20b00a91b99e5fb5a1c7083a08a85bb", "best_bid": "0.04", "best_ask": "0.95"}, {"asset_id": "76710204119309871796800118285480788957801563005622626092382674695414134664095", "price": "0.95", "size": "0", "side": "SELL", "hash": "c46d6fcf930bd8f61c2e07253415c663308c58be", "best_bid": "0.05", "best_ask": "0.96"}], "timestamp": "1769384263368", "event_type": "price_change"}}
{"_local_timestamp": "2026-01-25T23:37:43.545915+00:00", "data": {"market": "0x4d5ab4daed76051bf3ee02f01514a7b0dd1cf209e446672308f46727fa99ed7b", "price_changes": [{"asset_id": "65219862074796891702778150924797114915736044277781321343167871067389344001869", "price": "0.05", "size": "0", "side": "BUY", "hash": "fa0616f651c9ba75ce9733f9b91b2edcce561ec5", "best_bid": "0.04", "best_ask": "0.94"}, {"asset_id": "64977119743751479076413254514305944999304843897903862249385888826938967230411", "price": "0.95", "size": "0", "side": "SELL", "hash": "69195918d74e914c4f1799976cbf2ab0ac8e2999", "best_bid": "0.06", "best_ask": "0.96"}], "timestamp": "1769384263467", "event_type": "price_change"}}
{"_local_timestamp": "2026-01-25T23:37:43.546340+00:00", "data": {"market": "0x6a16c04d74f489f01c50d017d292379214fa8664e7cdc1327f21d56b94e7cf18", "price_changes": [{"asset_id": "72213707699667856996227987224066897020326375270998125521415181982448568338462", "price": "0.05", "size": "0", "side": "BUY", "hash": "786dde4ad9c7b20b6c71a0e364d95ac67f99b4e2", "best_bid": "0.04", "best_ask": "0.94"}, {"asset_id": "9174442456989766308113350783070996316737518838204270131721078506042323692269", "price": "0.95", "size": "0", "side": "SELL", "hash": "3d336d9ee1fad74f446b2e89198e95aade140a12", "best_bid": "0.06", "best_ask": "0.96"}], "timestamp": "1769384263467", "event_type": "price_change"}}
{"_local_timestamp": "2026-01-25T23:37:54.272162+00:00", "data": {"market": "0xbbe48953b70ef0c7dd9c140fd5d726aa753592c8dc4bc8154edfba260ac1a493", "price_changes": [{"asset_id": "109623631119753418566314935076361111079945475680502199511268072219931048214157", "price": "0.935", "size": "9", "side": "SELL", "hash": "be1e0bf7f0c21be6f274f4432b18793b2aa7aeae", "best_bid": "0.03", "best_ask": "0.934"}, {"asset_id": "108334436755899942772354212328236268814998914276432007928799478317932737595698", "price": "0.065", "size": "9", "side": "BUY", "hash": "92fa7b8cc9a6893b50b23d2d93854b8e3c719afb", "best_bid": "0.066", "best_ask": "0.97"}], "timestamp": "1769384274203", "event_type": "price_change"}}
{"_local_timestamp": "2026-01-25T23:37:54.534358+00:00", "data": {"market": "0xbbe48953b70ef0c7dd9c140fd5d726aa753592c8dc4bc8154edfba260ac1a493", "price_changes": [{"asset_id": "109623631119753418566314935076361111079945475680502199511268072219931048214157", "price": "0.934", "size": "27.71", "side": "SELL", "hash": "5b0250df25ea09ba1f12e1c657b44261fe5afb64", "best_bid": "0.03", "best_ask": "0.934"}, {"asset_id": "108334436755899942772354212328236268814998914276432007928799478317932737595698", "price": "0.066", "size": "27.71", "side": "BUY", "hash": "6a0ef7da6f5dbcf4aae9dae37283b7be06194452", "best_bid": "0.066", "best_ask": "0.97"}], "timestamp": "1769384274470", "event_type": "price_change"}}
{"_local_timestamp": "2026-01-25T23:38:18.254350+00:00", "data": {"market": "0xbbe48953b70ef0c7dd9c140fd5d726aa753592c8dc4bc8154edfba260ac1a493", "price_changes": [{"asset_id": "109623631119753418566314935076361111079945475680502199511268072219931048214157", "price": "0.935", "size": "0", "side": "SELL", "hash": "0ab8ff93135413cd4a4edba76b5cad4cb7574a1f", "best_bid": "0.03", "best_ask": "0.934"}, {"asset_id": "108334436755899942772354212328236268814998914276432007928799478317932737595698", "price": "0.065", "size": "0", "side": "BUY", "hash": "5de3874ae05816fd61d49e123f740cc1d9e78bc5", "best_bid": "0.066", "best_ask": "0.97"}], "timestamp": "1769384298172", "event_type": "price_change"}}
{"_local_timestamp": "2026-01-25T23:38:18.379145+00:00", "data": {"market": "0xbbe48953b70ef0c7dd9c140fd5d726aa753592c8dc4bc8154edfba260ac1a493", "price_changes": [{"asset_id": "109623631119753418566314935076361111079945475680502199511268072219931048214157", "price": "0.933", "size": "6", "side": "SELL", "hash": "67fe38c986e5483bdb37ac83c85f11777887da74", "best_bid": "0.03", "best_ask": "0.933"}, {"asset_id": "108334436755899942772354212328236268814998914276432007928799478317932737595698", "price": "0.067", "size": "6", "side": "BUY", "hash": "5a16bebbda0c8faac1a67288218f2ac244adf2a2", "best_bid": "0.067", "best_ask": "0.97"}], "timestamp": "1769384298300", "event_type": "price_change"}}
{"_local_timestamp": "2026-01-25T23:38:52.592288+00:00", "data": {"market": "0x6a16c04d74f489f01c50d017d292379214fa8664e7cdc1327f21d56b94e7cf18", "price_changes": [{"asset_id": "72213707699667856996227987224066897020326375270998125521415181982448568338462", "price": "0.01", "size": "351", "side": "BUY", "hash": "543a03d39524b1da1c772ebf8e695a78cf3af11c", "best_bid": "0.04", "best_ask": "0.94"}, {"asset_id": "9174442456989766308113350783070996316737518838204270131721078506042323692269", "price": "0.99", "size": "351", "side": "SELL", "hash": "3c07994fcc159b931f5a4ddf402c408dc27dfa89", "best_bid": "0.06", "best_ask": "0.96"}], "timestamp": "1769384332516", "event_type": "price_change"}}
{"_local_timestamp": "2026-01-25T23:38:52.592853+00:00", "data": {"market": "0x6a16c04d74f489f01c50d017d292379214fa8664e7cdc1327f21d56b94e7cf18", "price_changes": [{"asset_id": "72213707699667856996227987224066897020326375270998125521415181982448568338462", "price": "0.02", "size": "121.77", "side": "BUY", "hash": "543a03d39524b1da1c772ebf8e695a78cf3af11c", "best_bid": "0.04", "best_ask": "0.94"}, {"asset_id": "9174442456989766308113350783070996316737518838204270131721078506042323692269", "price": "0.98", "size": "121.77", "side": "SELL", "hash": "3c07994fcc159b931f5a4ddf402c408dc27dfa89", "best_bid": "0.06", "best_ask": "0.96"}], "timestamp": "1769384332516", "event_type": "price_change"}}
{"_local_timestamp": "2026-01-25T23:38:52.791518+00:00", "data": {"market": "0x6a16c04d74f489f01c50d017d292379214fa8664e7cdc1327f21d56b94e7cf18", "price_changes": [{"asset_id": "72213707699667856996227987224066897020326375270998125521415181982448568338462", "price": "0.02", "size": "136.52", "side": "BUY", "hash": "3134bc32fe6bce547cdf1a7e21eb61121b3238b1", "best_bid": "0.04", "best_ask": "0.94"}, {"asset_id": "9174442456989766308113350783070996316737518838204270131721078506042323692269", "price": "0.98", "size": "136.52", "side": "SELL", "hash": "c5282634bd73deb842783b8b74ae05cc46484190", "best_bid": "0.06", "best_ask": "0.96"}], "timestamp": "1769384332724", "event_type": "price_change"}}
{"_local_timestamp": "2026-01-25T23:38:52.792077+00:00", "data": {"market": "0x6a16c04d74f489f01c50d017d292379214fa8664e7cdc1327f21d56b94e7cf18", "price_changes": [{"asset_id": "72213707699667856996227987224066897020326375270998125521415181982448568338462", "price": "0.01", "size": "374.39", "side": "BUY", "hash": "33bf11ab8519299d083377cce9a8e9ca0d0c51e1", "best_bid": "0.04", "best_ask": "0.94"}, {"asset_id": "9174442456989766308113350783070996316737518838204270131721078506042323692269", "price": "0.99", "size": "374.39", "side": "SELL", "hash": "7a780d97824de91ae719ac7df788410b0a3c4e8b", "best_bid": "0.06", "best_ask": "0.96"}], "timestamp": "1769384332725", "event_type": "price_change"}}
{"_local_timestamp": "2026-01-25T23:38:54.921399+00:00", "data": {"market": "0x75f698df86b684d057ed5a74096e20ae1d05f01730d10c8077fa6fe7c0abd1f7", "price_changes": [{"asset_id": "42131737972221489611902151655767849034970622713625995147721200304331559882837", "price": "0.01", "size": "327.82", "side": "BUY", "hash": "6350e3b1d528bfc0f61576fee937d50b08810325", "best_bid": "0.04", "best_ask": "0.94"}, {"asset_id": "114331062311292846978851596896747073179936548520522022623301293531678869531022", "price": "0.99", "size": "327.82", "side": "SELL", "hash": "a6c3cbbcd4c057c8159b49b1704d775fa0060943", "best_bid": "0.06", "best_ask": "0.96"}], "timestamp": "1769384334845", "event_type": "price_change"}}
{"_local_timestamp": "2026-01-25T23:38:55.411140+00:00", "data": {"market": "0x75f698df86b684d057ed5a74096e20ae1d05f01730d10c8077fa6fe7c0abd1f7", "price_changes": [{"asset_id": "42131737972221489611902151655767849034970622713625995147721200304331559882837", "price": "0.01", "size": "359.88", "side": "BUY", "hash": "fbc09d0ef95ead4c8be5f20b3b1b2b61f15b5a3d", "best_bid": "0.04", "best_ask": "0.94"}, {"asset_id": "114331062311292846978851596896747073179936548520522022623301293531678869531022", "price": "0.99", "size": "359.88", "side": "SELL", "hash": "0d4495cbdb533d24567d21e841c04975e5fc924e", "best_bid": "0.06", "best_ask": "0.96"}], "timestamp": "1769384335334", "event_type": "price_change"}}
{"_local_timestamp": "2026-01-25T23:39:12.369984+00:00", "data": {"market": "0x6a16c04d74f489f01c50d017d292379214fa8664e7cdc1327f21d56b94e7cf18", "price_changes": [{"asset_id": "72213707699667856996227987224066897020326375270998125521415181982448568338462", "price": "0.05", "size": "23.99", "side": "BUY", "hash": "729032142f33ab26bcf6ba045d4f441e88af24c6", "best_bid": "0.05", "best_ask": "0.94"}, {"asset_id": "9174442456989766308113350783070996316737518838204270131721078506042323692269", "price": "0.95", "size": "23.99", "side": "SELL", "hash": "58852e40d24bb66cfdb4675b86c44c2ee1bbb8a8", "best_bid": "0.06", "best_ask": "0.95"}], "timestamp": "1769384352301", "event_type": "price_change"}}
{"_local_timestamp": "2026-01-25T23:39:12.370530+00:00", "data": {"market": "0x3490799a5410bb29c6fbef53026fa193214a2afb437c64db07725cc9be49125f", "price_changes": [{"asset_id": "67031091858437583467974405322663967470183816364263691797590816556320452229931", "price": "0.05", "size": "23.99", "side": "BUY", "hash": "309177a7474409f705aa2dc2b0366c00f1276713", "best_bid": "0.05", "best_ask": "0.95"}, {"asset_id": "76710204119309871796800118285480788957801563005622626092382674695414134664095", "price": "0.95", "size": "23.99", "side": "SELL", "hash": "935dcaed113e95bee684cef2a3879d747bd60be1", "best_bid": "0.05", "best_ask": "0.95"}], "timestamp": "1769384352301", "event_type": "price_change"}}
{"_local_timestamp": "2026-01-25T23:39:12.470811+00:00", "data": {"market": "0x4d5ab4daed76051bf3ee02f01514a7b0dd1cf209e446672308f46727fa99ed7b", "price_changes": [{"asset_id": "65219862074796891702778150924797114915736044277781321343167871067389344001869", "price": "0.05", "size": "23.99", "side": "BUY", "hash": "3347082b2dd776052524c4ceb5e131a4cafb7b90", "best_bid": "0.05", "best_ask": "0.94"}, {"asset_id": "64977119743751479076413254514305944999304843897903862249385888826938967230411", "price": "0.95", "size": "23.99", "side": "SELL", "hash": "01b2606127cd42dd4ff76a101064c08ccbafcc51", "best_bid": "0.06", "best_ask": "0.95"}], "timestamp": "1769384352401", "event_type": "price_change"}}
{"_local_timestamp": "2026-01-25T23:39:13.862145+00:00", "data": {"market": "0xbbe48953b70ef0c7dd9c140fd5d726aa753592c8dc4bc8154edfba260ac1a493", "price_changes": [{"asset_id": "108334436755899942772354212328236268814998914276432007928799478317932737595698", "price": "0.002", "size": "65.96", "side": "BUY", "hash": "0774a7346ffb1245f103666c50d791688ec40cd0", "best_bid": "0.067", "best_ask": "0.97"}, {"asset_id": "109623631119753418566314935076361111079945475680502199511268072219931048214157", "price": "0.998", "size": "65.96", "side": "SELL", "hash": "fc07cb9083a868760952f05262306a87b4f736f5", "best_bid": "0.03", "best_ask": "0.933"}], "timestamp": "1769384353798", "event_type": "price_change"}}
{"_local_timestamp": "2026-01-25T23:39:13.863467+00:00", "data": {"market": "0xbbe48953b70ef0c7dd9c140fd5d726aa753592c8dc4bc8154edfba260ac1a493", "price_changes": [{"asset_id": "108334436755899942772354212328236268814998914276432007928799478317932737595698", "price": "0.013", "size": "0", "side": "BUY", "hash": "0774a7346ffb1245f103666c50d791688ec40cd0", "best_bid": "0.067", "best_ask": "0.97"}, {"asset_id": "109623631119753418566314935076361111079945475680502199511268072219931048214157", "price": "0.987", "size": "0", "side": "SELL", "hash": "fc07cb9083a868760952f05262306a87b4f736f5", "best_bid": "0.03", "best_ask": "0.933"}], "timestamp": "1769384353798", "event_type": "price_change"}}
{"_local_timestamp": "2026-01-25T23:39:17.697225+00:00", "data": {"market": "0xbbe48953b70ef0c7dd9c140fd5d726aa753592c8dc4bc8154edfba260ac1a493", "price_changes": [{"asset_id": "108334436755899942772354212328236268814998914276432007928799478317932737595698", "price": "0.014", "size": "52.55", "side": "BUY", "hash": "a6e40fe966f31e894bf5abf3751d2e4879865ef6", "best_bid": "0.067", "best_ask": "0.97"}, {"asset_id": "109623631119753418566314935076361111079945475680502199511268072219931048214157", "price": "0.986", "size": "52.55", "side": "SELL", "hash": "f6c1cc166da7b956a52d6816c345a98e41d987cb", "best_bid": "0.03", "best_ask": "0.933"}], "timestamp": "1769384357618", "event_type": "price_change"}}
{"_local_timestamp": "2026-01-25T23:39:17.711572+00:00", "data": {"market": "0xbbe48953b70ef0c7dd9c140fd5d726aa753592c8dc4bc8154edfba260ac1a493", "price_changes": [{"asset_id": "108334436755899942772354212328236268814998914276432007928799478317932737595698", "price": "0.003", "size": "58.48", "side": "BUY", "hash": "537f51429d8427bccbfdb2b5d8cb4170cb38b96c", "best_bid": "0.067", "best_ask": "0.97"}, {"asset_id": "109623631119753418566314935076361111079945475680502199511268072219931048214157", "price": "0.997", "size": "58.48", "side": "SELL", "hash": "57c2af51c2bcd9f4a522ec2a1df117065ab3d8b2", "best_bid": "0.03", "best_ask": "0.933"}], "timestamp": "1769384357629", "event_type": "price_change"}}
{"_local_timestamp": "2026-01-25T23:39:58.211569+00:00", "data": {"market": "0xbbe48953b70ef0c7dd9c140fd5d726aa753592c8dc4bc8154edfba260ac1a493", "price_changes": [{"asset_id": "109623631119753418566314935076361111079945475680502199511268072219931048214157", "price": "0.934", "size": "0", "side": "SELL", "hash": "ad41f6533e48fbb73eeb931fe4b65f6934323cf4", "best_bid": "0.03", "best_ask": "0.933"}, {"asset_id": "108334436755899942772354212328236268814998914276432007928799478317932737595698", "price": "0.066", "size": "0", "side": "BUY", "hash": "5b6a8fe5d0f2f75de14721ef0cbfd60fd3d4c122", "best_bid": "0.067", "best_ask": "0.97"}], "timestamp": "1769384398131", "event_type": "price_change"}}
{"_local_timestamp": "2026-01-25T23:39:59.379648+00:00", "data": {"market": "0xbbe48953b70ef0c7dd9c140fd5d726aa753592c8dc4bc8154edfba260ac1a493", "price_changes": [{"asset_id": "109623631119753418566314935076361111079945475680502199511268072219931048214157", "price": "0.939", "size": "18.71", "side": "SELL", "hash": "11dd16751fbad52d4b35f99445979b2e530966d0", "best_bid": "0.03", "best_ask": "0.933"}, {"asset_id": "108334436755899942772354212328236268814998914276432007928799478317932737595698", "price": "0.061", "size": "18.71", "side": "BUY", "hash": "9008dac14c5acc2d7b7f2d8863ffab8d4a4ac1dd", "best_bid": "0.067", "best_ask": "0.97"}], "timestamp": "1769384399308", "event_type": "price_change"}}
{"_local_timestamp": "2026-01-25T23:39:59.380211+00:00", "data": {"market": "0xbbe48953b70ef0c7dd9c140fd5d726aa753592c8dc4bc8154edfba260ac1a493", "price_changes": [{"asset_id": "109623631119753418566314935076361111079945475680502199511268072219931048214157", "price": "0.932", "size": "9", "side": "SELL", "hash": "a6254495501c24fe6fdfce3bac818160e9553330", "best_bid": "0.03", "best_ask": "0.932"}, {"asset_id": "108334436755899942772354212328236268814998914276432007928799478317932737595698", "price": "0.068", "size": "9", "side": "BUY", "hash": "771ec4dd64b14838316cea2e14b599c60a72e01b", "best_bid": "0.068", "best_ask": "0.97"}], "timestamp": "1769384399309", "event_type": "price_change"}}
