{"_local_timestamp": "2026-01-25T23:41:29.248378+00:00", "data": [{"market": "0xba74409b8b55c5288e6ffd797efb385d3965bb385188ac16656bdc4e1ef9b9f2", "asset_id": "13031933484911421986198991194695671551563262673681777729121626193244021721496", "timestamp": "1769384486673", "hash": "8d2b24bf210459b110cb79b5fdec4e8919e6afc4", "bids": [{"price": "0.01", "size": "325.45"}, {"price": "0.02", "size": "136.06"}, {"price": "0.03", "size": "230.96"}, {"price": "0.04", "size": "50"}], "asks": [{"price": "0.99", "size": "202.31"}, {"price": "0.98", "size": "75"}, {"price": "0.97", "size": "190.93"}, {"price": "0.96", "size": "60.42"}, {"price": "0.95", "size": "40"}], "event_type": "book", "last_trade_price": ""}, {"market": "0xbfc2df0f96d3758e1bc8979b9e0028b39d27c11d8099ba2bd95af9fed028d91b", "asset_id": "29813200997135083592762424496712624711846225197472020348362819896437524016263", "timestamp": "1769384146730", "hash": "7a5126698b6697a1ed52f642867bd607e128dac9", "bids": [{"price": "0.01", "size": "350.33"}, {"price": "0.02", "size": "259"}, {"price": "0.03", "size": "65"}], "asks": [{"price": "0.99", "size": "192.79"}, {"price": "0.98", "size": "40.03"}, {"price": "0.97", "size": "33"}, {"price": "0.96", "size": "168.34"}, {"price": "0.95", "size": "37.14"}, {"price": "0.94", "size": "33"}], "event_type": "book", "last_trade_price": "0.040"}, {"market": "0x080aaa995b6d5f8dc67b3d1a0aca125f044d6305d49c19bbafe62f30315fd971", "asset_id": "98961916152478808315770034890516931762064881188510245776814326946668774129410", "timestamp": "1769375104331", "hash": "72480bedf4815775ccaf8668fe3791daf3d6418b", "bids": [{"price": "0.01", "size": "202.42"}, {"price": "0.02", "size": "75.05"}, {"price": "0.03", "size": "185.97"}, {"price": "0.04", "size": "60.45"}, {"price": "0.05", "size": "40"}], "asks": [{"price": "0.99", "size": "318.33"}, {"price": "0.98", "size": "132.66"}, {"price": "0.97", "size": "290.81"}, {"price": "0.96", "size": "50"}], "event_type": "book", "last_trade_price": ""}, {"market": "0x003bb862d2cf74b136dafa9886fd6e3621b8acf2af97cf82c941b099438242b8", "asset_id": "35539836505195226635303600522758168042998648398409046549821645218393462354806", "timestamp": "1769384486672", "hash": "e511b35aaadb4b05b5c9414b0168784a0fb33a1e", "bids": [{"price": "0.01", "size": "192.86"}, {"price": "0.02", "size": "88.48"}, {"price": "0.03", "size": "25.53"}, {"price": "0.04", "size": "25"}, {"price": "0.05", "size": "87.16"}, {"price": "0.06", "size": "33"}], "asks": [{"price": "0.99", "size": "325.45"}, {"price": "0.98", "size": "136.06"}, {"price": "0.97", "size": "285.96"}, {"price": "0.96", "size": "50"}], "event_type": "book", "last_trade_price": ""}, {"market": "0x150602e7d597b877c4dd858e065d38241715dd839e51fd6f9d0e48b6e58ff678", "asset_id": "14491792991920799019652502955436521833660697982228257707290787135698057133645", "timestamp": "1769384436508", "hash": "f2015721a0b1f7bffef5745021d6a5d81d91f890", "bids": [{"price": "0.01", "size": "192.76"}, {"price": "0.02", "size": "39.98"}, {"price": "0.03", "size": "33"}, {"price": "0.04", "size": "169.34"}, {"price": "0.05", "size": "37.14"}, {"price": "0.06", "size": "33"}], "asks": [{"price": "0.99", "size": "301.15"}, {"price": "0.98", "size": "122.39"}, {"price": "0.97", "size": "146.96"}, {"price": "0.96", "size": "50"}], "event_type": "book", "last_trade_price": ""}, {"market": "0xbfc2df0f96d3758e1bc8979b9e0028b39d27c11d8099ba2bd95af9fed028d91b", "asset_id": "70285839746201271173277781055695136669879330411892250456938007592989505244353", "timestamp": "1769384146730", "hash": "437cd0a4503affa5a1264e1b8469432ecad1d0b0", "bids": [{"price": "0.01", "size": "192.79"}, {"price": "0.02", "size": "40.03"}, {"price": "0.03", "size": "33"}, {"price": "0.04", "size": "168.34"}, {"price": "0.05", "size": "37.14"}, {"price": "0.06", "size": "33"}], "asks": [{"price": "0.99", "size": "350.33"}, {"price": "0.98", "size": "259"}, {"price": "0.97", "size": "65"}], "event_type": "book", "last_trade_price": "0.040"}, {"market": "0xeea7f705eebc04c0c710cfdb0891f5ddef6314d624c3de3a7d0168991ce80ca1", "asset_id": "108320156301566003462796419343929605060028481746676010555483699687559685260109", "timestamp": "1769384436508", "hash": "09b190676e3cc8e79c63553fe57d80e4794241b1", "bids": [{"price": "0.01", "size": "202.42"}, {"price": "0.02", "size": "75.05"}, {"price": "0.03", "size": "214.97"}, {"price": "0.04", "size": "60.45"}, {"price": "0.05", "size": "40"}], "asks": [{"price": "0.99", "size": "301.14"}, {"price": "0.98", "size": "122.37"}, {"price": "0.97", "size": "285.96"}, {"price": "0.96", "size": "50"}], "event_type": "book", "last_trade_price": ""}, {"market": "0x76dd494af3fa478ed0ae3fb3eab1819942375df1aabdf3e398ee1920a8263461", "asset_id": "115569854367594666665287943814569317769975263617281805640503057462239149058987", "timestamp": "1769384486672", "hash": "98da3b2c3674ad06a09b08ef41719691f7a36591", "bids": [{"price": "0.01", "size": "202.42"}, {"price": "0.02", "size": "75.05"}, {"price": "0.03", "size": "185.97"}, {"price": "0.04", "size": "60.45"}, {"price": "0.05", "size": "40"}], "asks": [{"price": "0.99", "size": "325.45"}, {"price": "0.98", "size": "136.06"}, {"price": "0.97", "size": "230.96"}, {"price": "0.96", "size": "50"}], "event_type": "book", "last_trade_price": ""}, {"market": "0x346e5e613812fe3c9cedbbd443e0697ea271d952511cd262a7a6e0ae169413b0", "asset_id": "46303577217567695490925778690279807317381150996458289945361895482861343815589", "timestamp": "1769373071435", "hash": "9e2c2371d8cefcf5e385b760c6e0c95accb5d074", "bids": [{"price": "0.01", "size": "202.42"}, {"price": "0.02", "size": "75.05"}, {"price": "0.03", "size": "190.97"}, {"price": "0.04", "size": "60.45"}, {"price": "0.05", "size": "40"}], "asks": [{"price": "0.99", "size": "318.38"}, {"price": "0.98", "size": "132.68"}, {"price": "0.97", "size": "289.83"}, {"price": "0.96", "size": "50"}], "event_type": "book", "last_trade_price": ""}, {"market": "0x080aaa995b6d5f8dc67b3d1a0aca125f044d6305d49c19bbafe62f30315fd971", "asset_id": "67565975064100817013705605591440638509073128945466543699252841092247243164710", "timestamp": "1769375104331", "hash": "165a16abe584a38fc264d90b2611b132bcdc57cc", "bids": [{"price": "0.01", "size": "318.33"}, {"price": "0.02", "size": "132.66"}, {"price": "0.03", "size": "290.81"}, {"price": "0.04", "size": "50"}], "asks": [{"price": "0.99", "size": "202.42"}, {"price": "0.98", "size": "75.05"}, {"price": "0.97", "size": "185.97"}, {"price": "0.96", "size": "60.45"}, {"price": "0.95", "size": "40"}], "event_type": "book", "last_trade_price": ""}, {"market": "0xa761f726bb49bd5840df417d5c62a1da0c711806f2873ba20a922cdf82e15d91", "asset_id": "76952716265094437397473546240997652359930403657425377017182997122289382638698", "timestamp": "1769384407888", "hash": "b7ec086b9df3b7f88d4a1c8828efa0a50928b04b", "bids": [{"price": "0.01", "size": "302.07"}, {"price": "0.02", "size": "100"}], "asks": [{"price": "0.99", "size": "164.49"}, {"price": "0.98", "size": "63.55"}, {"price": "0.97", "size": "66"}, {"price": "0.96", "size": "157.19"}, {"price": "0.95", "size": "40"}, {"price": "0.94", "size": "7.22"}, {"price": "0.91", "size": "22"}, {"price": "0.9", "size": "8.57"}, {"price": "0.17", "size": "5"}, {"price": "0.16", "size": "21.07"}], "event_type": "book", "last_trade_price": "0.030"}, {"market": "0x6439fac1905867bb023a74a08344e42bf286c0526e77712fa929f040338dbb68", "asset_id": "46781799219711163558484124398529008083653417950440582481260225717209936661635", "timestamp": "1769373059958", "hash": "2765e349e445a5172ed24ae8f8e96c4543758ee5", "bids": [{"price": "0.01", "size": "318.38"}, {"price": "0.02", "size": "132.68"}, {"price": "0.03", "size": "289.83"}, {"price": "0.04", "size": "50"}], "asks": [{"price": "0.99", "size": "192.86"}, {"price": "0.98", "size": "58.79"}, {"price": "0.96", "size": "120"}, {"price": "0.95", "size": "87.16"}, {"price": "0.94", "size": "33"}], "event_type": "book", "last_trade_price": ""}, {"market": "0xe98a93d484b3e27d14fda4408fd83f603cc51b5e8a92887e08d9f93c0d4c7131", "asset_id": "71825978792572718066071131501260781430116017328787203569252328963007695181704", "timestamp": "1769373069347", "hash": "bbea4969da300e57c8c08665cbea11e8a6dd3abf", "bids": [{"price": "0.01", "size": "202.42"}, {"price": "0.02", "size": "75.05"}, {"price": "0.03", "size": "209.97"}, {"price": "0.04", "size": "60.45"}, {"price": "0.05", "size": "40"}], "asks": [{"price": "0.99", "size": "318.38"}, {"price": "0.98", "size": "132.68"}, {"price": "0.97", "size": "289.83"}, {"price": "0.96", "size": "50"}], "event_type": "book", "last_trade_price": ""}, {"market": "0x7b44dcff5908fce596c262fbee6a5081b1ca73fef28d4d5b608040cb4a35e236", "asset_id": "67481169762510934317937772201100543411856933195113471818499770231872733898580", "timestamp": "1769373071436", "hash": "4a8ce53fba0de5a5aa4f970e25ae23b7fb535635", "bids": [{"price": "0.01", "size": "318.38"}, {"price": "0.02", "size": "132.68"}, {"price": "0.03", "size": "289.83"}, {"price": "0.04", "size": "50"}], "asks": [{"price": "0.99", "size": "202.42"}, {"price": "0.98", "size": "75.05"}, {"price": "0.97", "size": "209.97"}, {"price": "0.96", "size": "60.45"}, {"price": "0.95", "size": "40"}], "event_type": "book", "last_trade_price": ""}, {"market": "0xa761f726bb49bd5840df417d5c62a1da0c711806f2873ba20a922cdf82e15d91", "asset_id": "109374904603394204857205075260215601582380508716891924055348404297698466525730", "timestamp": "1769384407888", "hash": "ed25f689395cae0bcb779617d0eb4510acf5e9ec", "bids": [{"price": "0.01", "size": "164.49"}, {"price": "0.02", "size": "63.55"}, {"price": "0.03", "size": "66"}, {"price": "0.04", "size": "157.19"}, {"price": "0.05", "size": "40"}, {"price": "0.06", "size": "7.22"}, {"price": "0.09", "size": "22"}, {"price": "0.1", "size": "8.57"}, {"price": "0.83", "size": "5"}, {"price": "0.84", "size": "21.07"}], "asks": [{"price": "0.99", "size": "302.07"}, {"price": "0.98", "size": "100"}], "event_type": "book", "last_trade_price": "0.030"}, {"market": "0x76dd494af3fa478ed0ae3fb3eab1819942375df1aabdf3e398ee1920a8263461", "asset_id": "10271691763485087768094651975516048262993433714624947921498873329465151149998", "timestamp": "1769384486672", "hash": "b79793ef6ab37ee945eddda8ce6cbec504cd1911", "bids": [{"price": "0.01", "size": "325.45"}, {"price": "0.02", "size": "136.06"}, {"price": "0.03", "size": "230.96"}, {"price": "0.04", "size": "50"}], "asks": [{"price": "0.99", "size": "202.42"}, {"price": "0.98", "size": "75.05"}, {"price": "0.97", "size": "185.97"}, {"price": "0.96", "size": "60.45"}, {"price": "0.95", "size": "40"}], "event_type": "book", "last_trade_price": ""}, {"market": "0x1b8a3c22ec69fad2b190b0d2ff70ba8cc3d2cdd7defed1bb9da08cf4d3e0e35d", "asset_id": "62046566301861547847365051633872539287505250158266896905401356497081917921997", "timestamp": "1769373071440", "hash": "b0a9c0d6b17e922e47b92c831074851867090d0c", "bids": [{"price": "0.01", "size": "318.38"}, {"price": "0.02", "size": "132.68"}, {"price": "0.03", "size": "289.83"}, {"price": "0.04", "size": "50"}], "asks": [{"price": "0.99", "size": "202.42"}, {"price": "0.98", "size": "75.05"}, {"price": "0.97", "size": "185.97"}, {"price": "0.96", "size": "60.45"}, {"price": "0.95", "size": "40"}], "event_type": "book", "last_trade_price": ""}, {"market": "0xeea7f705eebc04c0c710cfdb0891f5ddef6314d624c3de3a7d0168991ce80ca1", "asset_id": "70603281322709221719249465565624263456422410898859880541799326077058760144978", "timestamp": "1769384436508", "hash": "e2b1cb07393539cb4becb9fc9f2659b3b669d27b", "bids": [{"price": "0.01", "size": "301.14"}, {"price": "0.02", "size": "122.37"}, {"price": "0.03", "size": "285.96"}, {"price": "0.04", "size": "50"}], "asks": [{"price": "0.99", "size": "202.42"}, {"price": "0.98", "size": "75.05"}, {"price": "0.97", "size": "214.97"}, {"price": "0.96", "size": "60.45"}, {"price": "0.95", "size": "40"}], "event_type": "book", "last_trade_price": ""}, {"market": "0x7b44dcff5908fce596c262fbee6a5081b1ca73fef28d4d5b608040cb4a35e236", "asset_id": "41295985922652390910275121973992405730643236522532385235341126076672865439794", "timestamp": "1769373071436", "hash": "cfc02d4b900978fda09bc284ebe9b9dae23cc840", "bids": [{"price": "0.01", "size": "202.42"}, {"price": "0.02", "size": "75.05"}, {"price": "0.03", "size": "209.97"}, {"price": "0.04", "size": "60.45"}, {"price": "0.05", "size": "40"}], "asks": [{"price": "0.99", "size": "318.38"}, {"price": "0.98", "size": "132.68"}, {"price": "0.97", "size": "289.83"}, {"price": "0.96", "size": "50"}], "event_type": "book", "last_trade_price": ""}, {"market": "0x1b8a3c22ec69fad2b190b0d2ff70ba8cc3d2cdd7defed1bb9da08cf4d3e0e35d", "asset_id": "66423115256910522953316509804639102470219037093712031446962664071412595490618", "timestamp": "1769373071440", "hash": "1376a7d92cd1e62874f7a41b99791678af8d4c90", "bids": [{"price": "0.01", "size": "202.42"}, {"price": "0.02", "size": "75.05"}, {"price": "0.03", "size": "185.97"}, {"price": "0.04", "size": "60.45"}, {"price": "0.05", "size": "40"}], "asks": [{"price": "0.99", "size": "318.38"}, {"price": "0.98", "size": "132.68"}, {"price": "0.97", "size": "289.83"}, {"price": "0.96", "size": "50"}], "event_type": "book", "last_trade_price": ""}, {"market": "0xe98a93d484b3e27d14fda4408fd83f603cc51b5e8a92887e08d9f93c0d4c7131", "asset_id": "65004368660246780792265222773425611235882269961176055900895091913418421336800", "timestamp": "1769373069347", "hash": "76c3f6d457e9e4756e4b41016b201906e4c320ba", "bids": [{"price": "0.01", "size": "318.38"}, {"price": "0.02", "size": "132.68"}, {"price": "0.03", "size": "289.83"}, {"price": "0.04", "size": "50"}], "asks": [{"price": "0.99", "size": "202.42"}, {"price": "0.98", "size": "75.05"}, {"price": "0.97", "size": "209.97"}, {"price": "0.96", "size": "60.45"}, {"price": "0.95", "size": "40"}], "event_type": "book", "last_trade_price": ""}, {"market": "0x346e5e613812fe3c9cedbbd443e0697ea271d952511cd262a7a6e0ae169413b0", "asset_id": "74776626679032167628292777957107364149666947588969966056688398428971802103918", "timestamp": "1769373071435", "hash": "d456a374e25e7c90403de52d26572a8d9e221d98", "bids": [{"price": "0.01", "size": "318.38"}, {"price": "0.02", "size": "132.68"}, {"price": "0.03", "size": "289.83"}, {"price": "0.04", "size": "50"}], "asks": [{"price": "0.99", "size": "202.42"}, {"price": "0.98", "size": "75.05"}, {"price": "0.97", "size": "190.97"}, {"price": "0.96", "size": "60.45"}, {"price": "0.95", "size": "40"}], "event_type": "book", "last_trade_price": ""}, {"market": "0x226acc109d4178d896280b01a9356878c267b070449b71f85469005a3ee7481b", "asset_id": "12784457459582571992983837008155344009191183694033746463025651915748911199435", "timestamp": "1769384436416", "hash": "4f8d62eb56c58edc9679a4c4cb40ad972217c9fa", "bids": [{"price": "0.01", "size": "301.12"}, {"price": "0.02", "size": "122.36"}, {"price": "0.03", "size": "285.96"}, {"price": "0.04", "size": "50"}], "asks": [{"price": "0.99", "size": "192.69"}, {"price": "0.98", "size": "88.48"}, {"price": "0.97", "size": "25.53"}, {"price": "0.96", "size": "25"}, {"price": "0.95", "size": "87.13"}, {"price": "0.94", "size": "33"}], "event_type": "book", "last_trade_price": ""}, {"market": "0x6439fac1905867bb023a74a08344e42bf286c0526e77712fa929f040338dbb68", "asset_id": "1925815916667569215909520809990742888732656975477787898044415645434084160311", "timestamp": "1769373059958", "hash": "99a2e51bbac3dbc85d4f37b7d8f27f87f4a1a9ce", "bids": [{"price": "0.01", "size": "192.86"}, {"price": "0.02", "size": "58.79"}, {"price": "0.04", "size": "120"}, {"price": "0.05", "size": "87.16"}, {"price": "0.06", "size": "33"}], "asks": [{"price": "0.99", "size": "318.38"}, {"price": "0.98", "size": "132.68"}, {"price": "0.97", "size": "289.83"}, {"price": "0.96", "size": "50"}], "event_type": "book", "last_trade_price": ""}, {"market": "0x226acc109d4178d896280b01a9356878c267b070449b71f85469005a3ee7481b", "asset_id": "47128278457119468512536952404342578755124123731742104848016500295255326845", "timestamp": "1769384436416", "hash": "2ddd0953f4cb5069e44af26a958bbe8e41086833", "bids": [{"price": "0.01", "size": "192.69"}, {"price": "0.02", "size": "88.48"}, {"price": "0.03", "size": "25.53"}, {"price": "0.04", "size": "25"}, {"price": "0.05", "size": "87.13"}, {"price": "0.06", "size": "33"}], "asks": [{"price": "0.99", "size": "301.12"}, {"price": "0.98", "size": "122.36"}, {"price": "0.97", "size": "285.96"}, {"price": "0.96", "size": "50"}], "event_type": "book", "last_trade_price": ""}, {"market": "0xba74409b8b55c5288e6ffd797efb385d3965bb385188ac16656bdc4e1ef9b9f2", "asset_id": "94087684755977001770433525143738868914658504757854560693867540138033331930805", "timestamp": "1769384486673", "hash": "0223afa94ef75842c420ca40d5db3adf513579c7", "bids": [{"price": "0.01", "size": "202.31"}, {"price": "0.02", "size": "75"}, {"price": "0.03", "size": "190.93"}, {"price": "0.04", "size": "60.42"}, {"price": "0.05", "size": "40"}], "asks": [{"price": "0.99", "size": "325.45"}, {"price": "0.98", "size": "136.06"}, {"price": "0.97", "size": "230.96"}, {"price": "0.96", "size": "50"}], "event_type": "book", "last_trade_price": ""}, {"market": "0x150602e7d597b877c4dd858e065d38241715dd839e51fd6f9d0e48b6e58ff678", "asset_id": "109536337169628811781330803268830632448230416596584297921074265847930447139670", "timestamp": "1769384436508", "hash": "12843d11febba2a09c9e9c7e476a91bd908f7e1e", "bids": [{"price": "0.01", "size": "301.15"}, {"price": "0.02", "size": "122.39"}, {"price": "0.03", "size": "146.96"}, {"price": "0.04", "size": "50"}], "asks": [{"price": "0.99", "size": "192.76"}, {"price": "0.98", "size": "39.98"}, {"price": "0.97", "size": "33"}, {"price": "0.96", "size": "169.34"}, {"price": "0.95", "size": "37.14"}, {"price": "0.94", "size": "33"}], "event_type": "book", "last_trade_price": ""}, {"market": "0x003bb862d2cf74b136dafa9886fd6e3621b8acf2af97cf82c941b099438242b8", "asset_id": "71606664657973202714125757382527332000520945846735409511542273774585176436038", "timestamp": "1769384486672", "hash": "ab5ba3fa89c4e24a625a21d0d24b94279f5abb57", "bids": [{"price": "0.01", "size": "325.45"}, {"price": "0.02", "size": "136.06"}, {"price": "0.03", "size": "285.96"}, {"price": "0.04", "size": "50"}], "asks": [{"price": "0.99", "size": "192.86"}, {"price": "0.98", "size": "88.48"}, {"price": "0.97", "size": "25.53"}, {"price": "0.96", "size": "25"}, {"price": "0.95", "size": "87.16"}, {"price": "0.94", "size": "33"}], "event_type": "book", "last_trade_price": ""}]}
{"_local_timestamp": "2026-01-25T23:42:23.943896+00:00", "data": {"market": "0x150602e7d597b877c4dd858e065d38241715dd839e51fd6f9d0e48b6e58ff678", "price_changes": [{"asset_id": "109536337169628811781330803268830632448230416596584297921074265847930447139670", "price": "0.02", "size": "136.47", "side": "BUY", "hash": "83c412bc1c8c7d2edbf4f1210fe2570623fc1e31", "best_bid": "0.04", "best_ask": "0.94"}, {"asset_id": "14491792991920799019652502955436521833660697982228257707290787135698057133645", "price": "0.98", "size": "136.47", "side": "SELL", "hash": "bce95d0240a784034e37f8e850c52cb28f78df22", "best_bid": "0.06", "best_ask": "0.96"}], "timestamp": "1769384543807", "event_type": "price_change"}}
{"_local_timestamp": "2026-01-25T23:42:23.944877+00:00", "data": {"market": "0x150602e7d597b877c4dd858e065d38241715dd839e51fd6f9d0e48b6e58ff678", "price_changes": [{"asset_id": "109536337169628811781330803268830632448230416596584297921074265847930447139670", "price": "0.01", "size": "324.64", "side": "BUY", "hash": "1ae96e72da667166dc265d3a225bcb315eb220d7", "best_bid": "0.04", "best_ask": "0.94"}, {"asset_id": "14491792991920799019652502955436521833660697982228257707290787135698057133645", "price": "0.99", "size": "324.64", "side": "SELL", "hash": "712a028c29802f5c4675e48f3807f064028d027f", "best_bid": "0.06", "best_ask": "0.96"}], "timestamp": "1769384543808", "event_type": "price_change"}}
{"_local_timestamp": "2026-01-25T23:42:25.644359+00:00", "data": {"market": "0xeea7f705eebc04c0c710cfdb0891f5ddef6314d624c3de3a7d0168991ce80ca1", "price_changes": [{"asset_id": "70603281322709221719249465565624263456422410898859880541799326077058760144978", "price": "0.01", "size": "324.64", "side": "BUY", "hash": "96de338f469fd53715ac57a8d757572a1c3a611d", "best_bid": "0.04", "best_ask": "0.95"}, {"asset_id": "108320156301566003462796419343929605060028481746676010555483699687559685260109", "price": "0.99", "size": "324.64", "side": "SELL", "hash": "ad3c617c7106fa7fb16cdd0c7cea5e11120afaf1", "best_bid": "0.05", "best_ask": "0.96"}], "timestamp": "1769384545505", "event_type": "price_change"}}
{"_local_timestamp": "2026-01-25T23:42:25.644883+00:00", "data": {"market": "0x226acc109d4178d896280b01a9356878c267b070449b71f85469005a3ee7481b", "price_changes": [{"asset_id": "12784457459582571992983837008155344009191183694033746463025651915748911199435", "price": "0.02", "size": "136.47", "side": "BUY", "hash": "5fc65fd42136aed728b9315255d9b083bf9a7a81", "best_bid": "0.04", "best_ask": "0.94"}, {"asset_id": "47128278457119468512536952404342578755124123731742104848016500295255326845", "price": "0.98", "size": "136.47", "side": "SELL", "hash": "e254e4fb9fcaa24c96f32c596be3a7ef8f87ddc9", "best_bid": "0.06", "best_ask": "0.96"}], "timestamp": "1769384545505", "event_type": "price_change"}}
{"_local_timestamp": "2026-01-25T23:42:25.645268+00:00", "data": {"market": "0x226acc109d4178d896280b01a9356878c267b070449b71f85469005a3ee7481b", "price_changes": [{"asset_id": "12784457459582571992983837008155344009191183694033746463025651915748911199435", "price": "0.01", "size": "324.64", "side": "BUY", "hash": "93545f5c3fd361f346e80dfd1aefc62a8d15f60b", "best_bid": "0.04", "best_ask": "0.94"}, {"asset_id": "47128278457119468512536952404342578755124123731742104848016500295255326845", "price": "0.99", "size": "324.64", "side": "SELL", "hash": "05820b5aa9d03b3ea4c6eb71988dae5ae0572cde", "best_bid": "0.06", "best_ask": "0.96"}], "timestamp": "1769384545506", "event_type": "price_change"}}
{"_local_timestamp": "2026-01-25T23:42:25.645600+00:00", "data": {"market": "0xeea7f705eebc04c0c710cfdb0891f5ddef6314d624c3de3a7d0168991ce80ca1", "price_changes": [{"asset_id": "70603281322709221719249465565624263456422410898859880541799326077058760144978", "price": "0.02", "size": "136.47", "side": "BUY", "hash": "b6a06c1430e5defdbd6f4c7477c376ffa950990e", "best_bid": "0.04", "best_ask": "0.95"}, {"asset_id": "108320156301566003462796419343929605060028481746676010555483699687559685260109", "price": "0.98", "size": "136.47", "side": "SELL", "hash": "618d52e5607cc2d190d209839ed3585ba57ff981", "best_bid": "0.05", "best_ask": "0.96"}], "timestamp": "1769384545506", "event_type": "price_change"}}
{"_local_timestamp": "2026-01-25T23:42:26.479964+00:00", "data": {"market": "0xbfc2df0f96d3758e1bc8979b9e0028b39d27c11d8099ba2bd95af9fed028d91b", "price_changes": [{"asset_id": "29813200997135083592762424496712624711846225197472020348362819896437524016263", "price": "0.02", "size": "306.57", "side": "BUY", "hash": "ed7278deed4c384fecd1b90615617911f04e5922", "best_bid": "0.03", "best_ask": "0.94"}, {"asset_id": "70285839746201271173277781055695136669879330411892250456938007592989505244353", "price": "0.98", "size": "306.57", "side": "SELL", "hash": "af9adca7929c3444d805be7fed465cd6c36f7770", "best_bid": "0.06", "best_ask": "0.97"}], "timestamp": "1769384546345", "event_type": "price_change"}}
{"_local_timestamp": "2026-01-25T23:43:26.791829+00:00", "data": {"market": "0xbfc2df0f96d3758e1bc8979b9e0028b39d27c11d8099ba2bd95af9fed028d91b", "price_changes": [{"asset_id": "29813200997135083592762424496712624711846225197472020348362819896437524016263", "price": "0.02", "size": "259", "side": "BUY", "hash": "e65da0e9fe23f9c05dbccc692f917a79afe38a62", "best_bid": "0.03", "best_ask": "0.94"}, {"asset_id": "70285839746201271173277781055695136669879330411892250456938007592989505244353", "price": "0.98", "size": "259", "side": "SELL", "hash": "a4c9f16bf8914449b17b926381b160e46e41a733", "best_bid": "0.06", "best_ask": "0.97"}], "timestamp": "1769384606682", "event_type": "price_change"}}
{"_local_timestamp": "2026-01-25T23:44:15.113877+00:00", "data": {"market": "0xa761f726bb49bd5840df417d5c62a1da0c711806f2873ba20a922cdf82e15d91", "price_changes": [{"asset_id": "76952716265094437397473546240997652359930403657425377017182997122289382638698", "price": "0.16", "size": "0", "side": "SELL", "hash": "a55b1204c70c8307c881a51252b3924d1eb1d72a", "best_bid": "0.02", "best_ask": "0.17"}, {"asset_id": "109374904603394204857205075260215601582380508716891924055348404297698466525730", "price": "0.84", "size": "0", "side": "BUY", "hash": "282dc360a458105ec4e2fdaa759b2860927ef57f", "best_bid": "0.83", "best_ask": "0.98"}], "timestamp": "1769384654970", "event_type": "price_change"}}
{"_local_timestamp": "2026-01-25T23:44:15.507894+00:00", "data": {"market": "0xa761f726bb49bd5840df417d5c62a1da0c711806f2873ba20a922cdf82e15d91", "price_changes": [{"asset_id": "76952716265094437397473546240997652359930403657425377017182997122289382638698", "price": "0.15", "size": "21.07", "side": "SELL", "hash": "f3fce4a831caf98d044907305f89be1902a51360", "best_bid": "0.02", "best_ask": "0.15"}, {"asset_id": "109374904603394204857205075260215601582380508716891924055348404297698466525730", "price": "0.85", "size": "21.07", "side": "BUY", "hash": "36c362d26bf3f0cfda7bf9671a675e3871505e24", "best_bid": "0.85", "best_ask": "0.98"}], "timestamp": "1769384655362", "event_type": "price_change"}}
{"_local_timestamp": "2026-01-25T23:44:15.995078+00:00", "data": {"market": "0xa761f726bb49bd5840df417d5c62a1da0c711806f2873ba20a922cdf82e15d91", "price_changes": [{"asset_id": "76952716265094437397473546240997652359930403657425377017182997122289382638698", "price": "0.01", "size": "250", "side": "BUY", "hash": "26adecf045b418fb233d5f969b11a13b66b22dbd", "best_bid": "0.02", "best_ask": "0.15"}, {"asset_id": "109374904603394204857205075260215601582380508716891924055348404297698466525730", "price": "0.99", "size": "250", "side": "SELL", "hash": "66ac6dbbfda88c28342854b1c3d3220b8740d31b", "best_bid": "0.85", "best_ask": "0.98"}], "timestamp": "1769384655846", "event_type": "price_change"}}
{"_local_timestamp": "2026-01-25T23:44:16.455406+00:00", "data": {"market": "0xa761f726bb49bd5840df417d5c62a1da0c711806f2873ba20a922cdf82e15d91", "price_changes": [{"asset_id": "76952716265094437397473546240997652359930403657425377017182997122289382638698", "price": "0.01", "size": "302.06", "side": "BUY", "hash": "a4b508a62466acd7980de25535e698eeeb9d48c4", "best_bid": "0.02", "best_ask": "0.15"}, {"asset_id": "109374904603394204857205075260215601582380508716891924055348404297698466525730", "price": "0.99", "size": "302.06", "side": "SELL", "hash": "febe0568c09bc6f1a32437a6c0125142a7f03ccd", "best_bid": "0.85", "best_ask": "0.98"}], "timestamp": "1769384656347", "event_type": "price_change"}}
