{"_local_timestamp": "2026-01-25T23:33:51.938632+00:00", "data": [{"market": "0x96692acae03ce1fa925951c628caa05cadaca99dd6cd06e6bf41e1296a31c5d6", "asset_id": "141897989331777398234248523720868895884419134718481852583319480736372240359", "timestamp": "1769384005128", "hash": "9638eef09201404b483b857705e040a936951ddf", "bids": [{"price": "0.001", "size": "1191.04"}, {"price": "0.002", "size": "652.38"}, {"price": "0.003", "size": "16.28"}], "asks": [{"price": "0.999", "size": "4106.08"}, {"price": "0.998", "size": "70.33"}, {"price": "0.99", "size": "223"}, {"price": "0.989", "size": "49.38"}, {"price": "0.95", "size": "30"}, {"price": "0.94", "size": "66"}, {"price": "0.3", "size": "50"}, {"price": "0.14", "size": "5"}, {"price": "0.13", "size": "6.94"}, {"price": "0.1", "size": "100"}, {"price": "0.099", "size": "51.75"}, {"price": "0.098", "size": "42.12"}, {"price": "0.097", "size": "1.41"}], "event_type": "book", "last_trade_price": "0.903"}, {"market": "0xd1b81e16e339910ccf0f32f661209d1b1b8bf9e7b4544b0549ea3a4152c4d823", "asset_id": "20688138443664652948666007911769513115384585373979761610429258474151963177570", "timestamp": "1769383926631", "hash": "0ca8443d5bc6fd7c65f5739b1a2dbdf6c53dd273", "bids": [{"price": "0.001", "size": "1675.56"}, {"price": "0.002", "size": "232.16"}, {"price": "0.003", "size": "444.9"}, {"price": "0.004", "size": "70.83"}, {"price": "0.005", "size": "56.39"}, {"price": "0.006", "size": "46.76"}], "asks": [{"price": "0.999", "size": "4233.07"}, {"price": "0.998", "size": "70.33"}, {"price": "0.99", "size": "223"}, {"price": "0.989", "size": "49.38"}, {"price": "0.94", "size": "33"}, {"price": "0.939", "size": "32"}, {"price": "0.21", "size": "393.8"}, {"price": "0.19", "size": "23"}, {"price": "0.17", "size": "17"}, {"price": "0.163", "size": "22.1"}, {"price": "0.162", "size": "5.07"}, {"price": "0.159", "size": "10"}, {"price": "0.103", "size": "19.29"}, {"price": "0.101", "size": "11.36"}, {"price": "0.1", "size": "16.39"}, {"price": "0.061", "size": "0.4"}], "event_type": "book", "last_trade_price": "0.004"}, {"market": "0xd1b81e16e339910ccf0f32f661209d1b1b8bf9e7b4544b0549ea3a4152c4d823", "asset_id": "56431156699758996248444003589381918029053732129805739793031966532730675199436", "timestamp": "1769383926631", "hash": "5f486819f431a7eb9fa22dcea0f84457c7fe25a6", "bids": [{"price": "0.001", "size": "4233.07"}, {"price": "0.002", "size": "70.33"}, {"price": "0.01", "size": "223"}, {"price": "0.011", "size": "49.38"}, {"price": "0.06", "size": "33"}, {"price": "0.061", "size": "32"}, {"price": "0.79", "size": "393.8"}, {"price": "0.81", "size": "23"}, {"price": "0.83", "size": "17"}, {"price": "0.837", "size": "22.1"}, {"price": "0.838", "size": "5.07"}, {"price": "0.841", "size": "10"}, {"price": "0.897", "size": "19.29"}, {"price": "0.899", "size": "11.36"}, {"price": "0.9", "size": "16.39"}, {"price": "0.939", "size": "0.4"}], "asks": [{"price": "0.999", "size": "1675.56"}, {"price": "0.998", "size": "232.16"}, {"price": "0.997", "size": "444.9"}, {"price": "0.996", "size": "70.83"}, {"price": "0.995", "size": "56.39"}, {"price": "0.994", "size": "46.76"}], "event_type": "book", "last_trade_price": "0.004"}, {"market": "0x96692acae03ce1fa925951c628caa05cadaca99dd6cd06e6bf41e1296a31c5d6", "asset_id": "75966561768654787319743325692232123182038258640829059408341973756730651618640", "timestamp": "1769384005128", "hash": "754dc2147967a966781f59b65de6d15c607c6d4c", "bids": [{"price": "0.001", "size": "4106.08"}, {"price": "0.002", "size": "70.33"}, {"price": "0.01", "size": "223"}, {"price": "0.011", "size": "49.38"}, {"price": "0.05", "size": "30"}, {"price": "0.06", "size": "66"}, {"price": "0.7", "size": "50"}, {"price": "0.86", "size": "5"}, {"price": "0.87", "size": "6.94"}, {"price": "0.9", "size": "100"}, {"price": "0.901", "size": "51.75"}, {"price": "0.902", "size": "42.12"}, {"price": "0.903", "size": "1.41"}], "asks": [{"price": "0.999", "size": "1191.04"}, {"price": "0.998", "size": "652.38"}, {"price": "0.997", "size": "16.28"}], "event_type": "book", "last_trade_price": "0.903"}, {"market": "0x5de4dac5750688a3ab6db801fef8afb9f069270bf6e211c8ef2ef3c13d4e6734", "asset_id": "42201990037559053024336550021212381979466646133014623519546928336266268180100", "timestamp": "1769384003237", "hash": "9e242163c40f865b1412c8e76e575c7fcbb3c912", "bids": [{"price": "0.001", "size": "4248.11"}, {"price": "0.002", "size": "70.43"}, {"price": "0.01", "size": "173"}, {"price": "0.011", "size": "49.36"}, {"price": "0.06", "size": "33"}, {"price": "0.061", "size": "32"}, {"price": "0.723", "size": "18"}, {"price": "0.86", "size": "5"}, {"price": "0.88", "size": "34.99"}, {"price": "0.923", "size": "43.8"}, {"price": "0.924", "size": "25.01"}, {"price": "0.925", "size": "11.92"}, {"price": "0.926", "size": "17.87"}, {"price": "0.927", "size": "40.99"}, {"price": "0.929", "size": "37.5"}], "asks": [{"price": "0.999", "size": "1686.44"}, {"price": "0.998", "size": "610.03"}, {"price": "0.997", "size": "52.76"}], "event_type": "book", "last_trade_price": "0.004"}, {"market": "0xf7adf0726a5fb5dc899171eece5f6147f13f7a0740568813e87f9e95b8c41cec", "asset_id": "67211021621793404881597066434938623751342708941908565143123241433570119599304", "timestamp": "1769384028206", "hash": "c9fa0ef02c630a44fb96f0237da7b715688df4b3", "bids": [{"price": "0.001", "size": "1665.21"}, {"price": "0.002", "size": "140.11"}, {"price": "0.007", "size": "100.01"}, {"price": "0.008", "size": "33.84"}], "asks": [{"price": "0.999", "size": "4114.05"}, {"price": "0.998", "size": "70.21"}, {"price": "0.99", "size": "173"}, {"price": "0.989", "size": "49.41"}, {"price": "0.95", "size": "30"}, {"price": "0.94", "size": "33"}, {"price": "0.939", "size": "32"}, {"price": "0.24", "size": "400"}, {"price": "0.238", "size": "30"}, {"price": "0.177", "size": "20"}, {"price": "0.134", "size": "24.35"}, {"price": "0.103", "size": "13"}, {"price": "0.02", "size": "115.34"}, {"price": "0.019", "size": "50"}], "event_type": "book", "last_trade_price": "0.008"}, {"market": "0xf7adf0726a5fb5dc899171eece5f6147f13f7a0740568813e87f9e95b8c41cec", "asset_id": "73349274898944035302343147088605808228320703250994971366388527781803154632302", "timestamp": "1769384028206", "hash": "3ec40304e480de8bbdeee0eb9704b98e7ae755db", "bids": [{"price": "0.001", "size": "4114.05"}, {"price": "0.002", "size": "70.21"}, {"price": "0.01", "size": "173"}, {"price": "0.011", "size": "49.41"}, {"price": "0.05", "size": "30"}, {"price": "0.06", "size": "33"}, {"price": "0.061", "size": "32"}, {"price": "0.76", "size": "400"}, {"price": "0.762", "size": "30"}, {"price": "0.823", "size": "20"}, {"price": "0.866", "size": "24.35"}, {"price": "0.897", "size": "13"}, {"price": "0.98", "size": "115.34"}, {"price": "0.981", "size": "50"}], "asks": [{"price": "0.999", "size": "1665.21"}, {"price": "0.998", "size": "140.11"}, {"price": "0.993", "size": "100.01"}, {"price": "0.992", "size": "33.84"}], "event_type": "book", "last_trade_price": "0.008"}, {"market": "0x5de4dac5750688a3ab6db801fef8afb9f069270bf6e211c8ef2ef3c13d4e6734", "asset_id": "108277546154642558727446036629797435038641223716759292036740543614743500442138", "timestamp": "1769384003237", "hash": "4fe350a22b93c937f1a33ff99865dd885ba2340b", "bids": [{"price": "0.001", "size": "1686.44"}, {"price": "0.002", "size": "610.03"}, {"price": "0.003", "size": "52.76"}], "asks": [{"price": "0.999", "size": "4248.11"}, {"price": "0.998", "size": "70.43"}, {"price": "0.99", "size": "173"}, {"price": "0.989", "size": "49.36"}, {"price": "0.94", "size": "33"}, {"price": "0.939", "size": "32"}, {"price": "0.277", "size": "18"}, {"price": "0.14", "size": "5"}, {"price": "0.12", "size": "34.99"}, {"price": "0.077", "size": "43.8"}, {"price": "0.076", "size": "25.01"}, {"price": "0.075", "size": "11.92"}, {"price": "0.074", "size": "17.87"}, {"price": "0.073", "size": "40.99"}, {"price": "0.071", "size": "37.5"}], "event_type": "book", "last_trade_price": "0.004"}]}
{"_local_timestamp": "2026-01-25T23:33:52.134034+00:00", "data": {"market": "0xf7adf0726a5fb5dc899171eece5f6147f13f7a0740568813e87f9e95b8c41cec", "price_changes": [{"asset_id": "67211021621793404881597066434938623751342708941908565143123241433570119599304", "price": "0.004", "size": "134.42", "side": "BUY", "hash": "1f0975202bcefb7eba5c19f1e529375bcdb2b20b", "best_bid": "0.008", "best_ask": "0.019"}, {"asset_id": "73349274898944035302343147088605808228320703250994971366388527781803154632302", "price": "0.996", "size": "134.42", "side": "SELL", "hash": "62b5301b7672c172c517c622d87d34de7ead250c", "best_bid": "0.981", "best_ask": "0.992"}], "timestamp": "1769384032062", "event_type": "price_change"}}
{"_local_timestamp": "2026-01-25T23:33:52.137929+00:00", "data": {"market": "0xf7adf0726a5fb5dc899171eece5f6147f13f7a0740568813e87f9e95b8c41cec", "price_changes": [{"asset_id": "67211021621793404881597066434938623751342708941908565143123241433570119599304", "price": "0.003", "size": "45.34", "side": "BUY", "hash": "3d28236635d07d4febc7b3e2ea5b10f763ecf551", "best_bid": "0.008", "best_ask": "0.019"}, {"asset_id": "73349274898944035302343147088605808228320703250994971366388527781803154632302", "price": "0.997", "size": "45.34", "side": "SELL", "hash": "80f344ac7c568deae1716986902330c4192434ce", "best_bid": "0.981", "best_ask": "0.992"}], "timestamp": "1769384032063", "event_type": "price_change"}}
{"_local_timestamp": "2026-01-25T23:33:56.746107+00:00", "data": {"market": "0x96692acae03ce1fa925951c628caa05cadaca99dd6cd06e6bf41e1296a31c5d6", "price_changes": [{"asset_id": "75966561768654787319743325692232123182038258640829059408341973756730651618640", "price": "0.902", "size": "0", "side": "BUY", "hash": "8400370712ac8c3fa14973684d85c469732dcc08", "best_bid": "0.903", "best_ask": "0.997"}, {"asset_id": "141897989331777398234248523720868895884419134718481852583319480736372240359", "price": "0.098", "size": "0", "side": "SELL", "hash": "d670b254b02d2f8694b2d06354a8ef82178c3b92", "best_bid": "0.003", "best_ask": "0.097"}], "timestamp": "1769384036675", "event_type": "price_change"}}
{"_local_timestamp": "2026-01-25T23:33:56.778278+00:00", "data": {"market": "0x96692acae03ce1fa925951c628caa05cadaca99dd6cd06e6bf41e1296a31c5d6", "price_changes": [{"asset_id": "141897989331777398234248523720868895884419134718481852583319480736372240359", "price": "0.003", "size": "112.28", "side": "BUY", "hash": "54d65d1d4e7beb3ebc73eef0f8d66a46c3e48fc4", "best_bid": "0.003", "best_ask": "0.097"}, {"asset_id": "75966561768654787319743325692232123182038258640829059408341973756730651618640", "price": "0.997", "size": "112.28", "side": "SELL", "hash": "a3b2f7f5d2c8e04fd7caf7d2a10d7420e1f976c8", "best_bid": "0.903", "best_ask": "0.997"}], "timestamp": "1769384036706", "event_type": "price_change"}}
{"_local_timestamp": "2026-01-25T23:33:57.301542+00:00", "data": {"market": "0x5de4dac5750688a3ab6db801fef8afb9f069270bf6e211c8ef2ef3c13d4e6734", "price_changes": [{"asset_id": "42201990037559053024336550021212381979466646133014623519546928336266268180100", "price": "0.927", "size": "0", "side": "BUY", "hash": "4bb8d70986696dc97abf51052dfd0c50848ee552", "best_bid": "0.929", "best_ask": "0.997"}, {"asset_id": "108277546154642558727446036629797435038641223716759292036740543614743500442138", "price": "0.073", "size": "0", "side": "SELL", "hash": "3418db93bbdec2d0797d51dcc5f99ee94150e83d", "best_bid": "0.003", "best_ask": "0.071"}], "timestamp": "1769384037233", "event_type": "price_change"}}
{"_local_timestamp": "2026-01-25T23:34:15.536231+00:00", "data": {"market": "0xd1b81e16e339910ccf0f32f661209d1b1b8bf9e7b4544b0549ea3a4152c4d823", "price_changes": [{"asset_id": "20688138443664652948666007911769513115384585373979761610429258474151963177570", "price": "0.002", "size": "131.85", "side": "BUY", "hash": "39927f5c4ce4a97d97b2dd3051482f10d7e93921", "best_bid": "0.004", "best_ask": "0.061"}, {"asset_id": "56431156699758996248444003589381918029053732129805739793031966532730675199436", "price": "0.998", "size": "131.85", "side": "SELL", "hash": "8eeadaa0d8ab8349d96cc79958d190821027a0b2", "best_bid": "0.939", "best_ask": "0.996"}], "timestamp": "1769384055286", "event_type": "price_change"}}
{"_local_timestamp": "2026-01-25T23:34:15.537448+00:00", "data": {"market": "0xd1b81e16e339910ccf0f32f661209d1b1b8bf9e7b4544b0549ea3a4152c4d823", "price_changes": [{"asset_id": "20688138443664652948666007911769513115384585373979761610429258474151963177570", "price": "0.005", "size": "0", "side": "BUY", "hash": "39927f5c4ce4a97d97b2dd3051482f10d7e93921", "best_bid": "0.004", "best_ask": "0.061"}, {"asset_id": "56431156699758996248444003589381918029053732129805739793031966532730675199436", "price": "0.995", "size": "0", "side": "SELL", "hash": "8eeadaa0d8ab8349d96cc79958d190821027a0b2", "best_bid": "0.939", "best_ask": "0.996"}], "timestamp": "1769384055286", "event_type": "price_change"}}
{"_local_timestamp": "2026-01-25T23:34:15.543005+00:00", "data": {"market": "0xd1b81e16e339910ccf0f32f661209d1b1b8bf9e7b4544b0549ea3a4152c4d823", "price_changes": [{"asset_id": "20688138443664652948666007911769513115384585373979761610429258474151963177570", "price": "0.006", "size": "0", "side": "BUY", "hash": "39927f5c4ce4a97d97b2dd3051482f10d7e93921", "best_bid": "0.004", "best_ask": "0.061"}, {"asset_id": "56431156699758996248444003589381918029053732129805739793031966532730675199436", "price": "0.994", "size": "0", "side": "SELL", "hash": "8eeadaa0d8ab8349d96cc79958d190821027a0b2", "best_bid": "0.939", "best_ask": "0.996"}], "timestamp": "1769384055286", "event_type": "price_change"}}
{"_local_timestamp": "2026-01-25T23:34:15.558608+00:00", "data": {"market": "0xd1b81e16e339910ccf0f32f661209d1b1b8bf9e7b4544b0549ea3a4152c4d823", "price_changes": [{"asset_id": "20688138443664652948666007911769513115384585373979761610429258474151963177570", "price": "0.007", "size": "97", "side": "BUY", "hash": "cce1715af2b28d5cbfeb683368ab5a9443438b49", "best_bid": "0.007", "best_ask": "0.061"}, {"asset_id": "56431156699758996248444003589381918029053732129805739793031966532730675199436", "price": "0.993", "size": "97", "side": "SELL", "hash": "853a67f40ff2cecbb60a72b367cfdb8cc715c8b1", "best_bid": "0.939", "best_ask": "0.993"}], "timestamp": "1769384055312", "event_type": "price_change"}}
{"_local_timestamp": "2026-01-25T23:34:16.226578+00:00", "data": {"market": "0xd1b81e16e339910ccf0f32f661209d1b1b8bf9e7b4544b0549ea3a4152c4d823", "price_changes": [{"asset_id": "20688138443664652948666007911769513115384585373979761610429258474151963177570", "price": "0.004", "size": "222.98", "side": "BUY", "hash": "cf6f9834efcc72876210f5c980027b029a83c78c", "best_bid": "0.007", "best_ask": "0.061"}, {"asset_id": "56431156699758996248444003589381918029053732129805739793031966532730675199436", "price": "0.996", "size": "222.98", "side": "SELL", "hash": "f39390bf2a4d1ec721dd91b5a2281e9650fc9a89", "best_bid": "0.939", "best_ask": "0.993"}], "timestamp": "1769384055982", "event_type": "price_change"}}
{"_local_timestamp": "2026-01-25T23:34:16.233554+00:00", "data": {"market": "0xd1b81e16e339910ccf0f32f661209d1b1b8bf9e7b4544b0549ea3a4152c4d823", "price_changes": [{"asset_id": "20688138443664652948666007911769513115384585373979761610429258474151963177570", "price": "0.002", "size": "209.18", "side": "BUY", "hash": "7a6f3214a480f76b3dec7e4376d648311bbfe231", "best_bid": "0.007", "best_ask": "0.061"}, {"asset_id": "56431156699758996248444003589381918029053732129805739793031966532730675199436", "price": "0.998", "size": "209.18", "side": "SELL", "hash": "32e54073db39fbbba85434864f1c566f55820784", "best_bid": "0.939", "best_ask": "0.993"}], "timestamp": "1769384055987", "event_type": "price_change"}}
{"_local_timestamp": "2026-01-25T23:34:16.858327+00:00", "data": {"market": "0xd1b81e16e339910ccf0f32f661209d1b1b8bf9e7b4544b0549ea3a4152c4d823", "price_changes": [{"asset_id": "20688138443664652948666007911769513115384585373979761610429258474151963177570", "price": "0.007", "size": "0", "side": "BUY", "hash": "16f9f19b92d4923801da09df222814d9ea7d48ac", "best_bid": "0.004", "best_ask": "0.061"}, {"asset_id": "56431156699758996248444003589381918029053732129805739793031966532730675199436", "price": "0.993", "size": "0", "side": "SELL", "hash": "950294613ab62e64b7a5cf12009e204cebec0a49", "best_bid": "0.939", "best_ask": "0.996"}], "timestamp": "1769384056621", "event_type": "price_change"}}
{"_local_timestamp": "2026-01-25T23:34:16.880108+00:00", "data": {"market": "0xd1b81e16e339910ccf0f32f661209d1b1b8bf9e7b4544b0549ea3a4152c4d823", "price_changes": [{"asset_id": "20688138443664652948666007911769513115384585373979761610429258474151963177570", "price": "0.005", "size": "139", "side": "BUY", "hash": "9de1ec4bf48d268cfc49bc968439a6296e0060ca", "best_bid": "0.005", "best_ask": "0.061"}, {"asset_id": "56431156699758996248444003589381918029053732129805739793031966532730675199436", "price": "0.995", "size": "139", "side": "SELL", "hash": "74f2fcd5622fb6a3c37b84ae0904901ca6dfdc19", "best_bid": "0.939", "best_ask": "0.995"}], "timestamp": "1769384056647", "event_type": "price_change"}}
{"_local_timestamp": "2026-01-25T23:34:17.849717+00:00", "data": {"market": "0x5de4dac5750688a3ab6db801fef8afb9f069270bf6e211c8ef2ef3c13d4e6734", "price_changes": [{"asset_id": "108277546154642558727446036629797435038641223716759292036740543614743500442138", "price": "0.001", "size": "1622.21", "side": "BUY", "hash": "5a1222283b757ea68603b133f1b8be75c2d6d381", "best_bid": "0.002", "best_ask": "0.071"}, {"asset_id": "42201990037559053024336550021212381979466646133014623519546928336266268180100", "price": "0.999", "size": "1622.21", "side": "SELL", "hash": "04fb9c941409350f3df70fa30222684527091ccb", "best_bid": "0.929", "best_ask": "0.998"}], "timestamp": "1769384057604", "event_type": "price_change"}}
{"_local_timestamp": "2026-01-25T23:34:17.850316+00:00", "data": {"market": "0x5de4dac5750688a3ab6db801fef8afb9f069270bf6e211c8ef2ef3c13d4e6734", "price_changes": [{"asset_id": "108277546154642558727446036629797435038641223716759292036740543614743500442138", "price": "0.002", "size": "460.44", "side": "BUY", "hash": "5a1222283b757ea68603b133f1b8be75c2d6d381", "best_bid": "0.002", "best_ask": "0.071"}, {"asset_id": "42201990037559053024336550021212381979466646133014623519546928336266268180100", "price": "0.998", "size": "460.44", "side": "SELL", "hash": "04fb9c941409350f3df70fa30222684527091ccb", "best_bid": "0.929", "best_ask": "0.998"}], "timestamp": "1769384057604", "event_type": "price_change"}}
{"_local_timestamp": "2026-01-25T23:34:17.850626+00:00", "data": {"market": "0x5de4dac5750688a3ab6db801fef8afb9f069270bf6e211c8ef2ef3c13d4e6734", "price_changes": [{"asset_id": "108277546154642558727446036629797435038641223716759292036740543614743500442138", "price": "0.003", "size": "0", "side": "BUY", "hash": "5a1222283b757ea68603b133f1b8be75c2d6d381", "best_bid": "0.002", "best_ask": "0.071"}, {"asset_id": "42201990037559053024336550021212381979466646133014623519546928336266268180100", "price": "0.997", "size": "0", "side": "SELL", "hash": "04fb9c941409350f3df70fa30222684527091ccb", "best_bid": "0.929", "best_ask": "0.998"}], "timestamp": "1769384057604", "event_type": "price_change"}}
{"_local_timestamp": "2026-01-25T23:34:18.367941+00:00", "data": {"market": "0xd1b81e16e339910ccf0f32f661209d1b1b8bf9e7b4544b0549ea3a4152c4d823", "price_changes": [{"asset_id": "20688138443664652948666007911769513115384585373979761610429258474151963177570", "price": "0.005", "size": "0", "side": "BUY", "hash": "f9530fe1f4b713654b5dc8c44c70d402bad1a489", "best_bid": "0.004", "best_ask": "0.061"}, {"asset_id": "56431156699758996248444003589381918029053732129805739793031966532730675199436", "price": "0.995", "size": "0", "side": "SELL", "hash": "aa66d2874ba7da78fa8e50fdb58a2c8874ca972e", "best_bid": "0.939", "best_ask": "0.996"}], "timestamp": "1769384058123", "event_type": "price_change"}}
{"_local_timestamp": "2026-01-25T23:34:18.388800+00:00", "data": {"market": "0xd1b81e16e339910ccf0f32f661209d1b1b8bf9e7b4544b0549ea3a4152c4d823", "price_changes": [{"asset_id": "20688138443664652948666007911769513115384585373979761610429258474151963177570", "price": "0.005", "size": "139", "side": "BUY", "hash": "718321fceb39a9b59732e42b63dbe5ecab241fe6", "best_bid": "0.005", "best_ask": "0.061"}, {"asset_id": "56431156699758996248444003589381918029053732129805739793031966532730675199436", "price": "0.995", "size": "139", "side": "SELL", "hash": "12f4cf1db432546b6feca4e72fb20b530cfca74b", "best_bid": "0.939", "best_ask": "0.995"}], "timestamp": "1769384058148", "event_type": "price_change"}}
{"_local_timestamp": "2026-01-25T23:34:19.071831+00:00", "data": {"market": "0x5de4dac5750688a3ab6db801fef8afb9f069270bf6e211c8ef2ef3c13d4e6734", "price_changes": [{"asset_id": "108277546154642558727446036629797435038641223716759292036740543614743500442138", "price": "0.001", "size": "1685.87", "side": "BUY", "hash": "4fbfb2a2e1c5c731b44f17916991aec6125aecfc", "best_bid": "0.002", "best_ask": "0.071"}, {"asset_id": "42201990037559053024336550021212381979466646133014623519546928336266268180100", "price": "0.999", "size": "1685.87", "side": "SELL", "hash": "7f08499c06af6afe3fead8d5daa852872bf8b150", "best_bid": "0.929", "best_ask": "0.998"}], "timestamp": "1769384058826", "event_type": "price_change"}}
{"_local_timestamp": "2026-01-25T23:34:19.075918+00:00", "data": {"market": "0x5de4dac5750688a3ab6db801fef8afb9f069270bf6e211c8ef2ef3c13d4e6734", "price_changes": [{"asset_id": "108277546154642558727446036629797435038641223716759292036740543614743500442138", "price": "0.002", "size": "611.02", "side": "BUY", "hash": "6d11967acb6368810cbb6bbae6c6db0672124bf6", "best_bid": "0.002", "best_ask": "0.071"}, {"asset_id": "42201990037559053024336550021212381979466646133014623519546928336266268180100", "price": "0.998", "size": "611.02", "side": "SELL", "hash": "af7530e90b4b34feffb168a08c27f1907de39227", "best_bid": "0.929", "best_ask": "0.998"}], "timestamp": "1769384058827", "event_type": "price_change"}}
{"_local_timestamp": "2026-01-25T23:34:19.077430+00:00", "data": {"market": "0x5de4dac5750688a3ab6db801fef8afb9f069270bf6e211c8ef2ef3c13d4e6734", "price_changes": [{"asset_id": "108277546154642558727446036629797435038641223716759292036740543614743500442138", "price": "0.003", "size": "52.29", "side": "BUY", "hash": "46b7accd4c706bdbbea1c031fe4df100074e3450", "best_bid": "0.003", "best_ask": "0.071"}, {"asset_id": "42201990037559053024336550021212381979466646133014623519546928336266268180100", "price": "0.997", "size": "52.29", "side": "SELL", "hash": "93f9a87b5a024049c3fd2c6ac1c4db929fdcd049", "best_bid": "0.929", "best_ask": "0.997"}], "timestamp": "1769384058828", "event_type": "price_change"}}
{"_local_timestamp": "2026-01-25T23:34:19.172571+00:00", "data": {"market": "0x96692acae03ce1fa925951c628caa05cadaca99dd6cd06e6bf41e1296a31c5d6", "price_changes": [{"asset_id": "141897989331777398234248523720868895884419134718481852583319480736372240359", "price": "0.001", "size": "1147.4", "side": "BUY", "hash": "5eed101738cdf82c9c514db2bbc9441b86214235", "best_bid": "0.003", "best_ask": "0.097"}, {"asset_id": "75966561768654787319743325692232123182038258640829059408341973756730651618640", "price": "0.999", "size": "1147.4", "side": "SELL", "hash": "e471181b5c9758a3455a85b8cf5a6b1a62849a18", "best_bid": "0.903", "best_ask": "0.997"}], "timestamp": "1769384058942", "event_type": "price_change"}}
{"_local_timestamp": "2026-01-25T23:34:19.174113+00:00", "data": {"market": "0x96692acae03ce1fa925951c628caa05cadaca99dd6cd06e6bf41e1296a31c5d6", "price_changes": [{"asset_id": "141897989331777398234248523720868895884419134718481852583319480736372240359", "price": "0.002", "size": "208.77", "side": "BUY", "hash": "5eed101738cdf82c9c514db2bbc9441b86214235", "best_bid": "0.003", "best_ask": "0.097"}, {"asset_id": "75966561768654787319743325692232123182038258640829059408341973756730651618640", "price": "0.998", "size": "208.77", "side": "SELL", "hash": "e471181b5c9758a3455a85b8cf5a6b1a62849a18", "best_bid": "0.903", "best_ask": "0.997"}], "timestamp": "1769384058942", "event_type": "price_change"}}
{"_local_timestamp": "2026-01-25T23:34:19.175605+00:00", "data": {"market": "0x96692acae03ce1fa925951c628caa05cadaca99dd6cd06e6bf41e1296a31c5d6", "price_changes": [{"asset_id": "141897989331777398234248523720868895884419134718481852583319480736372240359", "price": "0.003", "size": "96", "side": "BUY", "hash": "5eed101738cdf82c9c514db2bbc9441b86214235", "best_bid": "0.003", "best_ask": "0.097"}, {"asset_id": "75966561768654787319743325692232123182038258640829059408341973756730651618640", "price": "0.997", "size": "96", "side": "SELL", "hash": "e471181b5c9758a3455a85b8cf5a6b1a62849a18", "best_bid": "0.903", "best_ask": "0.997"}], "timestamp": "1769384058942", "event_type": "price_change"}}
{"_local_timestamp": "2026-01-25T23:34:19.200261+00:00", "data": {"market": "0x96692acae03ce1fa925951c628caa05cadaca99dd6cd06e6bf41e1296a31c5d6", "price_changes": [{"asset_id": "141897989331777398234248523720868895884419134718481852583319480736372240359", "price": "0.003", "size": "0", "side": "BUY", "hash": "5c513c9055ddc1d2677068998a0b9ec5137d73f0", "best_bid": "0.002", "best_ask": "0.097"}, {"asset_id": "75966561768654787319743325692232123182038258640829059408341973756730651618640", "price": "0.997", "size": "0", "side": "SELL", "hash": "257a5e4ab7b6ef2d321221fa4fa324d0e117b336", "best_bid": "0.903", "best_ask": "0.998"}], "timestamp": "1769384058966", "event_type": "price_change"}}
{"_local_timestamp": "2026-01-25T23:34:19.268646+00:00", "data": {"market": "0x96692acae03ce1fa925951c628caa05cadaca99dd6cd06e6bf41e1296a31c5d6", "price_changes": [{"asset_id": "141897989331777398234248523720868895884419134718481852583319480736372240359", "price": "0.003", "size": "29", "side": "BUY", "hash": "c72a89c9188d1fdcd4cd8fd4b39eb8c6bd4bd2ba", "best_bid": "0.003", "best_ask": "0.097"}, {"asset_id": "75966561768654787319743325692232123182038258640829059408341973756730651618640", "price": "0.997", "size": "29", "side": "SELL", "hash": "9247865e153cc5fbb15b413eef8b53237e784d5c", "best_bid": "0.903", "best_ask": "0.997"}], "timestamp": "1769384059001", "event_type": "price_change"}}
{"_local_timestamp": "2026-01-25T23:34:19.839859+00:00", "data": {"market": "0xd1b81e16e339910ccf0f32f661209d1b1b8bf9e7b4544b0549ea3a4152c4d823", "price_changes": [{"asset_id": "20688138443664652948666007911769513115384585373979761610429258474151963177570", "price": "0.005", "size": "0", "side": "BUY", "hash": "f7ab44aee629e21b0a051097f2437974342cc66e", "best_bid": "0.004", "best_ask": "0.061"}, {"asset_id": "56431156699758996248444003589381918029053732129805739793031966532730675199436", "price": "0.995", "size": "0", "side": "SELL", "hash": "715bb0ba319aa93bcab4e1ffa936b5019bc468a0", "best_bid": "0.939", "best_ask": "0.996"}], "timestamp": "1769384059621", "event_type": "price_change"}}
{"_local_timestamp": "2026-01-25T23:34:19.877775+00:00", "data": {"market": "0xd1b81e16e339910ccf0f32f661209d1b1b8bf9e7b4544b0549ea3a4152c4d823", "price_changes": [{"asset_id": "20688138443664652948666007911769513115384585373979761610429258474151963177570", "price": "0.005", "size": "139", "side": "BUY", "hash": "900cfd83247d119d15365e308e7b2626ccb7769c", "best_bid": "0.005", "best_ask": "0.061"}, {"asset_id": "56431156699758996248444003589381918029053732129805739793031966532730675199436", "price": "0.995", "size": "139", "side": "SELL", "hash": "eff91caf8ea97bb044219299aadd2fa6109f72af", "best_bid": "0.939", "best_ask": "0.995"}], "timestamp": "1769384059650", "event_type": "price_change"}}
{"_local_timestamp": "2026-01-25T23:34:21.345232+00:00", "data": {"market": "0xd1b81e16e339910ccf0f32f661209d1b1b8bf9e7b4544b0549ea3a4152c4d823", "price_changes": [{"asset_id": "20688138443664652948666007911769513115384585373979761610429258474151963177570", "price": "0.005", "size": "0", "side": "BUY", "hash": "bd649c5edee784a359c427c8a696c26a4f2469b1", "best_bid": "0.004", "best_ask": "0.061"}, {"asset_id": "56431156699758996248444003589381918029053732129805739793031966532730675199436", "price": "0.995", "size": "0", "side": "SELL", "hash": "08c685a6de2e3546cfa9b6378562dc34e493821b", "best_bid": "0.939", "best_ask": "0.996"}], "timestamp": "1769384061123", "event_type": "price_change"}}
{"_local_timestamp": "2026-01-25T23:34:21.379882+00:00", "data": {"market": "0xd1b81e16e339910ccf0f32f661209d1b1b8bf9e7b4544b0549ea3a4152c4d823", "price_changes": [{"asset_id": "20688138443664652948666007911769513115384585373979761610429258474151963177570", "price": "0.005", "size": "139", "side": "BUY", "hash": "6b68f98e731bf002fb678621100ed9a8f5f706f2", "best_bid": "0.005", "best_ask": "0.061"}, {"asset_id": "56431156699758996248444003589381918029053732129805739793031966532730675199436", "price": "0.995", "size": "139", "side": "SELL", "hash": "ad63e16d7d38abe4885b2606632d88a1dbbd76a2", "best_bid": "0.939", "best_ask": "0.995"}], "timestamp": "1769384061153", "event_type": "price_change"}}
{"_local_timestamp": "2026-01-25T23:34:21.788783+00:00", "data": {"market": "0x96692acae03ce1fa925951c628caa05cadaca99dd6cd06e6bf41e1296a31c5d6", "price_changes": [{"asset_id": "141897989331777398234248523720868895884419134718481852583319480736372240359", "price": "0.001", "size": "1191.04", "side": "BUY", "hash": "fab4f48ed0b5f11a813d8523465de892b2dfbe27", "best_bid": "0.003", "best_ask": "0.097"}, {"asset_id": "75966561768654787319743325692232123182038258640829059408341973756730651618640", "price": "0.999", "size": "1191.04", "side": "SELL", "hash": "f7985e07ceb758c72f36305e31b82f9799e2501d", "best_bid": "0.903", "best_ask": "0.997"}], "timestamp": "1769384061580", "event_type": "price_change"}}
{"_local_timestamp": "2026-01-25T23:34:21.789198+00:00", "data": {"market": "0x96692acae03ce1fa925951c628caa05cadaca99dd6cd06e6bf41e1296a31c5d6", "price_changes": [{"asset_id": "141897989331777398234248523720868895884419134718481852583319480736372240359", "price": "0.002", "size": "449.56", "side": "BUY", "hash": "ab5dfcfbe307b0226f6fec1dbbe55dcecd2bdaa6", "best_bid": "0.003", "best_ask": "0.097"}, {"asset_id": "75966561768654787319743325692232123182038258640829059408341973756730651618640", "price": "0.998", "size": "449.56", "side": "SELL", "hash": "faa1a7dfcf20a6fb6fa45b72c755fe2055bd7524", "best_bid": "0.903", "best_ask": "0.997"}], "timestamp": "1769384061580", "event_type": "price_change"}}
{"_local_timestamp": "2026-01-25T23:34:21.795708+00:00", "data": {"market": "0x96692acae03ce1fa925951c628caa05cadaca99dd6cd06e6bf41e1296a31c5d6", "price_changes": [{"asset_id": "141897989331777398234248523720868895884419134718481852583319480736372240359", "price": "0.004", "size": "101.41", "side": "BUY", "hash": "1e5ab78a2b338a9f8341d0d2463b36d3925836e9", "best_bid": "0.004", "best_ask": "0.097"}, {"asset_id": "75966561768654787319743325692232123182038258640829059408341973756730651618640", "price": "0.996", "size": "101.41", "side": "SELL", "hash": "281b3ed40e373fbe2fc71c3f2e285853a9d72ab6", "best_bid": "0.903", "best_ask": "0.996"}], "timestamp": "1769384061581", "event_type": "price_change"}}
{"_local_timestamp": "2026-01-25T23:34:21.796674+00:00", "data": {"market": "0x96692acae03ce1fa925951c628caa05cadaca99dd6cd06e6bf41e1296a31c5d6", "price_changes": [{"asset_id": "141897989331777398234248523720868895884419134718481852583319480736372240359", "price": "0.003", "size": "45.28", "side": "BUY", "hash": "8de6aee47b7e1fffed48d9aed6aa80143ea6c7c4", "best_bid": "0.004", "best_ask": "0.097"}, {"asset_id": "75966561768654787319743325692232123182038258640829059408341973756730651618640", "price": "0.997", "size": "45.28", "side": "SELL", "hash": "1e941cdc006cd1fdfb4a9d333b231999766be713", "best_bid": "0.903", "best_ask": "0.996"}], "timestamp": "1769384061582", "event_type": "price_change"}}
{"_local_timestamp": "2026-01-25T23:34:21.824958+00:00", "data": {"market": "0x96692acae03ce1fa925951c628caa05cadaca99dd6cd06e6bf41e1296a31c5d6", "price_changes": [{"asset_id": "141897989331777398234248523720868895884419134718481852583319480736372240359", "price": "0.003", "size": "16.28", "side": "BUY", "hash": "f4207256313cebda0391be240c292c8afa4503da", "best_bid": "0.004", "best_ask": "0.097"}, {"asset_id": "75966561768654787319743325692232123182038258640829059408341973756730651618640", "price": "0.997", "size": "16.28", "side": "SELL", "hash": "92e0f507825dce87f4beed84a6b445a4cbbf1e1a", "best_bid": "0.903", "best_ask": "0.996"}], "timestamp": "1769384061606", "event_type": "price_change"}}
{"_local_timestamp": "2026-01-25T23:34:22.853231+00:00", "data": {"market": "0xd1b81e16e339910ccf0f32f661209d1b1b8bf9e7b4544b0549ea3a4152c4d823", "price_changes": [{"asset_id": "20688138443664652948666007911769513115384585373979761610429258474151963177570", "price": "0.005", "size": "0", "side": "BUY", "hash": "b74d9e066d3130dd32ab540606c9cc78afaa72fc", "best_bid": "0.004", "best_ask": "0.061"}, {"asset_id": "56431156699758996248444003589381918029053732129805739793031966532730675199436", "price": "0.995", "size": "0", "side": "SELL", "hash": "a6be941fef5b10135962819938cf0ef05ad04514", "best_bid": "0.939", "best_ask": "0.996"}], "timestamp": "1769384062623", "event_type": "price_change"}}
{"_local_timestamp": "2026-01-25T23:34:22.879777+00:00", "data": {"market": "0xd1b81e16e339910ccf0f32f661209d1b1b8bf9e7b4544b0549ea3a4152c4d823", "price_changes": [{"asset_id": "20688138443664652948666007911769513115384585373979761610429258474151963177570", "price": "0.005", "size": "139", "side": "BUY", "hash": "df9f694b42390810d1154e07765563bd693ffcb5", "best_bid": "0.005", "best_ask": "0.061"}, {"asset_id": "56431156699758996248444003589381918029053732129805739793031966532730675199436", "price": "0.995", "size": "139", "side": "SELL", "hash": "b026205d3c49b3ea1888f8f15f21bd0cc6110ee8", "best_bid": "0.939", "best_ask": "0.995"}], "timestamp": "1769384062648", "event_type": "price_change"}}
{"_local_timestamp": "2026-01-25T23:34:24.377647+00:00", "data": {"market": "0xd1b81e16e339910ccf0f32f661209d1b1b8bf9e7b4544b0549ea3a4152c4d823", "price_changes": [{"asset_id": "20688138443664652948666007911769513115384585373979761610429258474151963177570", "price": "0.005", "size": "0", "side": "BUY", "hash": "a76e0d216fc0f924f2ca8bdd9197ce3da2af3654", "best_bid": "0.004", "best_ask": "0.061"}, {"asset_id": "56431156699758996248444003589381918029053732129805739793031966532730675199436", "price": "0.995", "size": "0", "side": "SELL", "hash": "86f3f847664ba31b3abafbaefdfb1b2b1906b4ad", "best_bid": "0.939", "best_ask": "0.996"}], "timestamp": "1769384064125", "event_type": "price_change"}}
{"_local_timestamp": "2026-01-25T23:34:24.416398+00:00", "data": {"market": "0xd1b81e16e339910ccf0f32f661209d1b1b8bf9e7b4544b0549ea3a4152c4d823", "price_changes": [{"asset_id": "20688138443664652948666007911769513115384585373979761610429258474151963177570", "price": "0.005", "size": "139", "side": "BUY", "hash": "09afd60305a4067645833ac82f19848cd88f1ca4", "best_bid": "0.005", "best_ask": "0.061"}, {"asset_id": "56431156699758996248444003589381918029053732129805739793031966532730675199436", "price": "0.995", "size": "139", "side": "SELL", "hash": "2b6f67df784e54c76c9522fe0004fe169707ce69", "best_bid": "0.939", "best_ask": "0.995"}], "timestamp": "1769384064171", "event_type": "price_change"}}
{"_local_timestamp": "2026-01-25T23:34:25.862075+00:00", "data": {"market": "0xd1b81e16e339910ccf0f32f661209d1b1b8bf9e7b4544b0549ea3a4152c4d823", "price_changes": [{"asset_id": "20688138443664652948666007911769513115384585373979761610429258474151963177570", "price": "0.005", "size": "0", "side": "BUY", "hash": "703ce6a766474a49570b9a91a86b5cfe5abc4f78", "best_bid": "0.004", "best_ask": "0.061"}, {"asset_id": "56431156699758996248444003589381918029053732129805739793031966532730675199436", "price": "0.995", "size": "0", "side": "SELL", "hash": "f5172fccce80cd932ed08c9d7871e6f3cd32a666", "best_bid": "0.939", "best_ask": "0.996"}], "timestamp": "1769384065622", "event_type": "price_change"}}
{"_local_timestamp": "2026-01-25T23:34:25.938460+00:00", "data": {"market": "0xd1b81e16e339910ccf0f32f661209d1b1b8bf9e7b4544b0549ea3a4152c4d823", "price_changes": [{"asset_id": "20688138443664652948666007911769513115384585373979761610429258474151963177570", "price": "0.005", "size": "139", "side": "BUY", "hash": "92f74ba21bc992b01f6f30c6bad9a543922d9ea1", "best_bid": "0.005", "best_ask": "0.061"}, {"asset_id": "56431156699758996248444003589381918029053732129805739793031966532730675199436", "price": "0.995", "size": "139", "side": "SELL", "hash": "e325d88979031f75a3635b0f10a59ad78e47b454", "best_bid": "0.939", "best_ask": "0.995"}], "timestamp": "1769384065689", "event_type": "price_change"}}
{"_local_timestamp": "2026-01-25T23:34:27.350172+00:00", "data": {"market": "0xd1b81e16e339910ccf0f32f661209d1b1b8bf9e7b4544b0549ea3a4152c4d823", "price_changes": [{"asset_id": "20688138443664652948666007911769513115384585373979761610429258474151963177570", "price": "0.005", "size": "0", "side": "BUY", "hash": "17cff2f765a8f5262f21b03ff77d135a2f7805e6", "best_bid": "0.004", "best_ask": "0.061"}, {"asset_id": "56431156699758996248444003589381918029053732129805739793031966532730675199436", "price": "0.995", "size": "0", "side": "SELL", "hash": "710c8cf2fbb7202f87ba255985f39d06d9920fbb", "best_bid": "0.939", "best_ask": "0.996"}], "timestamp": "1769384067122", "event_type": "price_change"}}
{"_local_timestamp": "2026-01-25T23:34:27.376022+00:00", "data": {"market": "0xd1b81e16e339910ccf0f32f661209d1b1b8bf9e7b4544b0549ea3a4152c4d823", "price_changes": [{"asset_id": "20688138443664652948666007911769513115384585373979761610429258474151963177570", "price": "0.005", "size": "139", "side": "BUY", "hash": "49cf99dea24fba7150a04976adb8b4364b21b7fe", "best_bid": "0.005", "best_ask": "0.061"}, {"asset_id": "56431156699758996248444003589381918029053732129805739793031966532730675199436", "price": "0.995", "size": "139", "side": "SELL", "hash": "c7c4a88f70a891ebd2b41388e7c632980c7bd4ff", "best_bid": "0.939", "best_ask": "0.995"}], "timestamp": "1769384067147", "event_type": "price_change"}}
{"_local_timestamp": "2026-01-25T23:34:29.147349+00:00", "data": {"market": "0xd1b81e16e339910ccf0f32f661209d1b1b8bf9e7b4544b0549ea3a4152c4d823", "price_changes": [{"asset_id": "20688138443664652948666007911769513115384585373979761610429258474151963177570", "price": "0.005", "size": "0", "side": "BUY", "hash": "ff82a39a32d766cade683af4b559a06f525c9b77", "best_bid": "0.004", "best_ask": "0.061"}, {"asset_id": "56431156699758996248444003589381918029053732129805739793031966532730675199436", "price": "0.995", "size": "0", "side": "SELL", "hash": "cc01ac755bd54c4c016c31c206060785268628f7", "best_bid": "0.939", "best_ask": "0.996"}], "timestamp": "1769384068627", "event_type": "price_change"}}
{"_local_timestamp": "2026-01-25T23:34:29.316631+00:00", "data": {"market": "0xd1b81e16e339910ccf0f32f661209d1b1b8bf9e7b4544b0549ea3a4152c4d823", "price_changes": [{"asset_id": "20688138443664652948666007911769513115384585373979761610429258474151963177570", "price": "0.005", "size": "139", "side": "BUY", "hash": "54459d7899c50c131c0e29f3528e27b6bee80e49", "best_bid": "0.005", "best_ask": "0.061"}, {"asset_id": "56431156699758996248444003589381918029053732129805739793031966532730675199436", "price": "0.995", "size": "139", "side": "SELL", "hash": "8a26756a938a67abe0bf097fe2d88044b3cde275", "best_bid": "0.939", "best_ask": "0.995"}], "timestamp": "1769384068940", "event_type": "price_change"}}
{"_local_timestamp": "2026-01-25T23:34:30.462380+00:00", "data": {"market": "0xd1b81e16e339910ccf0f32f661209d1b1b8bf9e7b4544b0549ea3a4152c4d823", "price_changes": [{"asset_id": "20688138443664652948666007911769513115384585373979761610429258474151963177570", "price": "0.005", "size": "0", "side": "BUY", "hash": "a97cf7d45a63e66c7d4f073f050eb333e81d27c1", "best_bid": "0.004", "best_ask": "0.061"}, {"asset_id": "56431156699758996248444003589381918029053732129805739793031966532730675199436", "price": "0.995", "size": "0", "side": "SELL", "hash": "4fa482cec5ae136246f6430b0db2913a83e71e97", "best_bid": "0.939", "best_ask": "0.996"}], "timestamp": "1769384070121", "event_type": "price_change"}}
{"_local_timestamp": "2026-01-25T23:34:30.587990+00:00", "data": {"market": "0xd1b81e16e339910ccf0f32f661209d1b1b8bf9e7b4544b0549ea3a4152c4d823", "price_changes": [{"asset_id": "20688138443664652948666007911769513115384585373979761610429258474151963177570", "price": "0.005", "size": "139", "side": "BUY", "hash": "fd7a76d043892d6f8b954988c32eb9bec5ab4eff", "best_bid": "0.005", "best_ask": "0.061"}, {"asset_id": "56431156699758996248444003589381918029053732129805739793031966532730675199436", "price": "0.995", "size": "139", "side": "SELL", "hash": "d6c876f718c85d7c3260198cdba0123a94c881f5", "best_bid": "0.939", "best_ask": "0.995"}], "timestamp": "1769384070254", "event_type": "price_change"}}
{"_local_timestamp": "2026-01-25T23:34:31.849680+00:00", "data": {"market": "0xd1b81e16e339910ccf0f32f661209d1b1b8bf9e7b4544b0549ea3a4152c4d823", "price_changes": [{"asset_id": "20688138443664652948666007911769513115384585373979761610429258474151963177570", "price": "0.005", "size": "0", "side": "BUY", "hash": "f804083ff2e2cc578ebb5cac8c115a519d53c215", "best_bid": "0.004", "best_ask": "0.061"}, {"asset_id": "56431156699758996248444003589381918029053732129805739793031966532730675199436", "price": "0.995", "size": "0", "side": "SELL", "hash": "561e2897f7c27399ab0325088820e04c0f9e1df0", "best_bid": "0.939", "best_ask": "0.996"}], "timestamp": "1769384071623", "event_type": "price_change"}}
{"_local_timestamp": "2026-01-25T23:34:31.870141+00:00", "data": {"market": "0xd1b81e16e339910ccf0f32f661209d1b1b8bf9e7b4544b0549ea3a4152c4d823", "price_changes": [{"asset_id": "20688138443664652948666007911769513115384585373979761610429258474151963177570", "price": "0.005", "size": "139", "side": "BUY", "hash": "c13f294809900a5142e6db7a875b0d4f83425d2b", "best_bid": "0.005", "best_ask": "0.061"}, {"asset_id": "56431156699758996248444003589381918029053732129805739793031966532730675199436", "price": "0.995", "size": "139", "side": "SELL", "hash": "2c5fdb5e754b90dcda0be35ed09b7a3211a2c2b7", "best_bid": "0.939", "best_ask": "0.995"}], "timestamp": "1769384071652", "event_type": "price_change"}}
{"_local_timestamp": "2026-01-25T23:34:33.356853+00:00", "data": {"market": "0xd1b81e16e339910ccf0f32f661209d1b1b8bf9e7b4544b0549ea3a4152c4d823", "price_changes": [{"asset_id": "20688138443664652948666007911769513115384585373979761610429258474151963177570", "price": "0.005", "size": "0", "side": "BUY", "hash": "c6f46966ce38edb32611f479afb8e2cfccbf7767", "best_bid": "0.004", "best_ask": "0.061"}, {"asset_id": "56431156699758996248444003589381918029053732129805739793031966532730675199436", "price": "0.995", "size": "0", "side": "SELL", "hash": "d3a497dd132a4a910b0d1e9cf959524be5dc4aab", "best_bid": "0.939", "best_ask": "0.996"}], "timestamp": "1769384073123", "event_type": "price_change"}}
{"_local_timestamp": "2026-01-25T23:34:33.389845+00:00", "data": {"market": "0xd1b81e16e339910ccf0f32f661209d1b1b8bf9e7b4544b0549ea3a4152c4d823", "price_changes": [{"asset_id": "20688138443664652948666007911769513115384585373979761610429258474151963177570", "price": "0.005", "size": "139", "side": "BUY", "hash": "0400d0a2aadd2f7567cdf91f98199c97fae90425", "best_bid": "0.005", "best_ask": "0.061"}, {"asset_id": "56431156699758996248444003589381918029053732129805739793031966532730675199436", "price": "0.995", "size": "139", "side": "SELL", "hash": "a3c32496c9213085b3937f0e15f4d8742e7c3fb7", "best_bid": "0.939", "best_ask": "0.995"}], "timestamp": "1769384073150", "event_type": "price_change"}}
{"_local_timestamp": "2026-01-25T23:34:34.584149+00:00", "data": {"market": "0x5de4dac5750688a3ab6db801fef8afb9f069270bf6e211c8ef2ef3c13d4e6734", "price_changes": [{"asset_id": "108277546154642558727446036629797435038641223716759292036740543614743500442138", "price": "0.074", "size": "0", "side": "SELL", "hash": "2228d841ab464ea912db1575c71d7610aa6e35b1", "best_bid": "0.003", "best_ask": "0.071"}, {"asset_id": "42201990037559053024336550021212381979466646133014623519546928336266268180100", "price": "0.926", "size": "0", "side": "BUY", "hash": "9ae43656bc9939c102a4b797975250f7274a836f", "best_bid": "0.929", "best_ask": "0.997"}], "timestamp": "1769384074371", "event_type": "price_change"}}
{"_local_timestamp": "2026-01-25T23:34:34.585439+00:00", "data": {"market": "0x5de4dac5750688a3ab6db801fef8afb9f069270bf6e211c8ef2ef3c13d4e6734", "price_changes": [{"asset_id": "108277546154642558727446036629797435038641223716759292036740543614743500442138", "price": "0.071", "size": "15", "side": "SELL", "hash": "2228d841ab464ea912db1575c71d7610aa6e35b1", "best_bid": "0.003", "best_ask": "0.071"}, {"asset_id": "42201990037559053024336550021212381979466646133014623519546928336266268180100", "price": "0.929", "size": "15", "side": "BUY", "hash": "9ae43656bc9939c102a4b797975250f7274a836f", "best_bid": "0.929", "best_ask": "0.997"}], "timestamp": "1769384074371", "event_type": "price_change"}}
{"_local_timestamp": "2026-01-25T23:34:34.585963+00:00", "data": {"market": "0x5de4dac5750688a3ab6db801fef8afb9f069270bf6e211c8ef2ef3c13d4e6734", "price_changes": [{"asset_id": "108277546154642558727446036629797435038641223716759292036740543614743500442138", "price": "0.076", "size": "0", "side": "SELL", "hash": "2228d841ab464ea912db1575c71d7610aa6e35b1", "best_bid": "0.003", "best_ask": "0.071"}, {"asset_id": "42201990037559053024336550021212381979466646133014623519546928336266268180100", "price": "0.924", "size": "0", "side": "BUY", "hash": "9ae43656bc9939c102a4b797975250f7274a836f", "best_bid": "0.929", "best_ask": "0.997"}], "timestamp": "1769384074371", "event_type": "price_change"}}
{"_local_timestamp": "2026-01-25T23:34:34.618498+00:00", "data": {"market": "0x5de4dac5750688a3ab6db801fef8afb9f069270bf6e211c8ef2ef3c13d4e6734", "price_changes": [{"asset_id": "108277546154642558727446036629797435038641223716759292036740543614743500442138", "price": "0.004", "size": "52", "side": "BUY", "hash": "4318aa1cd4c7a6b43be03b9adfc2202ae8ccabca", "best_bid": "0.004", "best_ask": "0.071"}, {"asset_id": "42201990037559053024336550021212381979466646133014623519546928336266268180100", "price": "0.996", "size": "52", "side": "SELL", "hash": "bac629a015bda47fa10ac8574c1b61c26e12f232", "best_bid": "0.929", "best_ask": "0.996"}], "timestamp": "1769384074404", "event_type": "price_change"}}
{"_local_timestamp": "2026-01-25T23:34:34.834662+00:00", "data": {"market": "0xd1b81e16e339910ccf0f32f661209d1b1b8bf9e7b4544b0549ea3a4152c4d823", "price_changes": [{"asset_id": "20688138443664652948666007911769513115384585373979761610429258474151963177570", "price": "0.005", "size": "0", "side": "BUY", "hash": "5dde897ad8ead6bc64d9a155b3ee1b11ee530c23", "best_bid": "0.004", "best_ask": "0.061"}, {"asset_id": "56431156699758996248444003589381918029053732129805739793031966532730675199436", "price": "0.995", "size": "0", "side": "SELL", "hash": "0fd0ca2e0639859ea57ac76da749c71acb644a62", "best_bid": "0.939", "best_ask": "0.996"}], "timestamp": "1769384074622", "event_type": "price_change"}}
{"_local_timestamp": "2026-01-25T23:34:34.862980+00:00", "data": {"market": "0xd1b81e16e339910ccf0f32f661209d1b1b8bf9e7b4544b0549ea3a4152c4d823", "price_changes": [{"asset_id": "20688138443664652948666007911769513115384585373979761610429258474151963177570", "price": "0.005", "size": "139", "side": "BUY", "hash": "b2c93913c4abb7d633e46aa34f29a23f18faa9fa", "best_bid": "0.005", "best_ask": "0.061"}, {"asset_id": "56431156699758996248444003589381918029053732129805739793031966532730675199436", "price": "0.995", "size": "139", "side": "SELL", "hash": "37095fc0078216eaa8e19afa3ea4518e08ef6d8a", "best_bid": "0.939", "best_ask": "0.995"}], "timestamp": "1769384074648", "event_type": "price_change"}}
{"_local_timestamp": "2026-01-25T23:34:36.090969+00:00", "data": {"market": "0x5de4dac5750688a3ab6db801fef8afb9f069270bf6e211c8ef2ef3c13d4e6734", "price_changes": [{"asset_id": "108277546154642558727446036629797435038641223716759292036740543614743500442138", "price": "0.004", "size": "0", "side": "BUY", "hash": "74a045e4a05f486fcef1e919221d65813f0f9060", "best_bid": "0.003", "best_ask": "0.071"}, {"asset_id": "42201990037559053024336550021212381979466646133014623519546928336266268180100", "price": "0.996", "size": "0", "side": "SELL", "hash": "54fe01d8c7d81bf6787eb3517d81b9e4de0890f1", "best_bid": "0.929", "best_ask": "0.997"}], "timestamp": "1769384075871", "event_type": "price_change"}}
{"_local_timestamp": "2026-01-25T23:34:36.126064+00:00", "data": {"market": "0x5de4dac5750688a3ab6db801fef8afb9f069270bf6e211c8ef2ef3c13d4e6734", "price_changes": [{"asset_id": "108277546154642558727446036629797435038641223716759292036740543614743500442138", "price": "0.004", "size": "52", "side": "BUY", "hash": "a3d5ffb28a32169d94f206d3047ba4330ca50bcc", "best_bid": "0.004", "best_ask": "0.071"}, {"asset_id": "42201990037559053024336550021212381979466646133014623519546928336266268180100", "price": "0.996", "size": "52", "side": "SELL", "hash": "ddb420272d484d39f824fd5975993909c63d2e77", "best_bid": "0.929", "best_ask": "0.996"}], "timestamp": "1769384075909", "event_type": "price_change"}}
{"_local_timestamp": "2026-01-25T23:34:36.362436+00:00", "data": {"market": "0xd1b81e16e339910ccf0f32f661209d1b1b8bf9e7b4544b0549ea3a4152c4d823", "price_changes": [{"asset_id": "20688138443664652948666007911769513115384585373979761610429258474151963177570", "price": "0.005", "size": "0", "side": "BUY", "hash": "826d05228aa20169a871dffac8727ca55907bcfd", "best_bid": "0.004", "best_ask": "0.061"}, {"asset_id": "56431156699758996248444003589381918029053732129805739793031966532730675199436", "price": "0.995", "size": "0", "side": "SELL", "hash": "b9e9e5162e28cf7cea822aa49992bc2e2a219aa1", "best_bid": "0.939", "best_ask": "0.996"}], "timestamp": "1769384076124", "event_type": "price_change"}}
{"_local_timestamp": "2026-01-25T23:34:36.391193+00:00", "data": {"market": "0xd1b81e16e339910ccf0f32f661209d1b1b8bf9e7b4544b0549ea3a4152c4d823", "price_changes": [{"asset_id": "20688138443664652948666007911769513115384585373979761610429258474151963177570", "price": "0.005", "size": "139", "side": "BUY", "hash": "75d862ed54ce4f75ecc373b34a219ddeafd317b3", "best_bid": "0.005", "best_ask": "0.061"}, {"asset_id": "56431156699758996248444003589381918029053732129805739793031966532730675199436", "price": "0.995", "size": "139", "side": "SELL", "hash": "908d3f22ecfb9b6a136b1780497b0969fe9a0b70", "best_bid": "0.939", "best_ask": "0.995"}], "timestamp": "1769384076156", "event_type": "price_change"}}
{"_local_timestamp": "2026-01-25T23:34:37.545453+00:00", "data": {"market": "0x5de4dac5750688a3ab6db801fef8afb9f069270bf6e211c8ef2ef3c13d4e6734", "price_changes": [{"asset_id": "108277546154642558727446036629797435038641223716759292036740543614743500442138", "price": "0.004", "size": "0", "side": "BUY", "hash": "7a50dc446b71b9e7571895aa11ffd840021e3610", "best_bid": "0.003", "best_ask": "0.071"}, {"asset_id": "42201990037559053024336550021212381979466646133014623519546928336266268180100", "price": "0.996", "size": "0", "side": "SELL", "hash": "af36f98d36e5865322b64ad656bdc93ce0d27576", "best_bid": "0.929", "best_ask": "0.997"}], "timestamp": "1769384077369", "event_type": "price_change"}}
{"_local_timestamp": "2026-01-25T23:34:37.561522+00:00", "data": {"market": "0x5de4dac5750688a3ab6db801fef8afb9f069270bf6e211c8ef2ef3c13d4e6734", "price_changes": [{"asset_id": "108277546154642558727446036629797435038641223716759292036740543614743500442138", "price": "0.004", "size": "52", "side": "BUY", "hash": "626ed3930154c8b12248ae4cd0e64eb0571ab0e9", "best_bid": "0.004", "best_ask": "0.071"}, {"asset_id": "42201990037559053024336550021212381979466646133014623519546928336266268180100", "price": "0.996", "size": "52", "side": "SELL", "hash": "564d72eeb1b9f0ca6ade44ee1ede528fa8a6aacc", "best_bid": "0.929", "best_ask": "0.996"}], "timestamp": "1769384077394", "event_type": "price_change"}}
{"_local_timestamp": "2026-01-25T23:34:37.729090+00:00", "data": {"market": "0xd1b81e16e339910ccf0f32f661209d1b1b8bf9e7b4544b0549ea3a4152c4d823", "price_changes": [{"asset_id": "20688138443664652948666007911769513115384585373979761610429258474151963177570", "price": "0.005", "size": "0", "side": "BUY", "hash": "12e512cd83c8efdcfcfcae0a29a6a63b9deff38f", "best_bid": "0.004", "best_ask": "0.061"}, {"asset_id": "56431156699758996248444003589381918029053732129805739793031966532730675199436", "price": "0.995", "size": "0", "side": "SELL", "hash": "e5ef51a86f96a0f287813d76ebc56a28eae9a13d", "best_bid": "0.939", "best_ask": "0.996"}], "timestamp": "1769384077622", "event_type": "price_change"}}
{"_local_timestamp": "2026-01-25T23:34:37.738962+00:00", "data": {"market": "0xd1b81e16e339910ccf0f32f661209d1b1b8bf9e7b4544b0549ea3a4152c4d823", "price_changes": [{"asset_id": "20688138443664652948666007911769513115384585373979761610429258474151963177570", "price": "0.005", "size": "139", "side": "BUY", "hash": "e4722f29e6d6b3c3dba106e1fc58093e914bf0d1", "best_bid": "0.005", "best_ask": "0.061"}, {"asset_id": "56431156699758996248444003589381918029053732129805739793031966532730675199436", "price": "0.995", "size": "139", "side": "SELL", "hash": "193e5436fdc3e020580d720c358e68f948648405", "best_bid": "0.939", "best_ask": "0.995"}], "timestamp": "1769384077647", "event_type": "price_change"}}
{"_local_timestamp": "2026-01-25T23:34:38.943755+00:00", "data": {"market": "0x5de4dac5750688a3ab6db801fef8afb9f069270bf6e211c8ef2ef3c13d4e6734", "price_changes": [{"asset_id": "108277546154642558727446036629797435038641223716759292036740543614743500442138", "price": "0.004", "size": "0", "side": "BUY", "hash": "dda1f66dc228fdf4c4bc94d0b71557cf264e283a", "best_bid": "0.003", "best_ask": "0.071"}, {"asset_id": "42201990037559053024336550021212381979466646133014623519546928336266268180100", "price": "0.996", "size": "0", "side": "SELL", "hash": "9fadddc156fcdc4172a0689f25bec879b9dd2940", "best_bid": "0.929", "best_ask": "0.997"}], "timestamp": "1769384078872", "event_type": "price_change"}}
{"_local_timestamp": "2026-01-25T23:34:38.971830+00:00", "data": {"market": "0x5de4dac5750688a3ab6db801fef8afb9f069270bf6e211c8ef2ef3c13d4e6734", "price_changes": [{"asset_id": "108277546154642558727446036629797435038641223716759292036740543614743500442138", "price": "0.004", "size": "52", "side": "BUY", "hash": "db303eb0ca1875f6f5b0148edab9705e4a5ab1b6", "best_bid": "0.004", "best_ask": "0.071"}, {"asset_id": "42201990037559053024336550021212381979466646133014623519546928336266268180100", "price": "0.996", "size": "52", "side": "SELL", "hash": "1dcfdd7cd8349e041e120af10ccf84ae3cc41e61", "best_bid": "0.929", "best_ask": "0.996"}], "timestamp": "1769384078900", "event_type": "price_change"}}
{"_local_timestamp": "2026-01-25T23:34:39.227679+00:00", "data": {"market": "0xd1b81e16e339910ccf0f32f661209d1b1b8bf9e7b4544b0549ea3a4152c4d823", "price_changes": [{"asset_id": "20688138443664652948666007911769513115384585373979761610429258474151963177570", "price": "0.005", "size": "0", "side": "BUY", "hash": "8eed68c168451d8747dc5f280d66bf0a4116779c", "best_bid": "0.004", "best_ask": "0.061"}, {"asset_id": "56431156699758996248444003589381918029053732129805739793031966532730675199436", "price": "0.995", "size": "0", "side": "SELL", "hash": "a3202261e98436f3dd9e84936fd590f928f85fa4", "best_bid": "0.939", "best_ask": "0.996"}], "timestamp": "1769384079122", "event_type": "price_change"}}
{"_local_timestamp": "2026-01-25T23:34:39.305211+00:00", "data": {"market": "0xd1b81e16e339910ccf0f32f661209d1b1b8bf9e7b4544b0549ea3a4152c4d823", "price_changes": [{"asset_id": "20688138443664652948666007911769513115384585373979761610429258474151963177570", "price": "0.005", "size": "139", "side": "BUY", "hash": "fd7e50fff0ede308a36825b90e52360fee441c66", "best_bid": "0.005", "best_ask": "0.061"}, {"asset_id": "56431156699758996248444003589381918029053732129805739793031966532730675199436", "price": "0.995", "size": "139", "side": "SELL", "hash": "08f5958c4dbcefd388db618e5ee5bed0562a1318", "best_bid": "0.939", "best_ask": "0.995"}], "timestamp": "1769384079185", "event_type": "price_change"}}
{"_local_timestamp": "2026-01-25T23:34:40.577765+00:00", "data": {"market": "0x5de4dac5750688a3ab6db801fef8afb9f069270bf6e211c8ef2ef3c13d4e6734", "price_changes": [{"asset_id": "108277546154642558727446036629797435038641223716759292036740543614743500442138", "price": "0.004", "size": "0", "side": "BUY", "hash": "677e99788ec6f628c8fe066988c85c5ed1fff4ae", "best_bid": "0.003", "best_ask": "0.071"}, {"asset_id": "42201990037559053024336550021212381979466646133014623519546928336266268180100", "price": "0.996", "size": "0", "side": "SELL", "hash": "dd4218500b27ba704e8f9afacb1d78e6ff62dab2", "best_bid": "0.929", "best_ask": "0.997"}], "timestamp": "1769384080369", "event_type": "price_change"}}
{"_local_timestamp": "2026-01-25T23:34:40.685222+00:00", "data": {"market": "0x5de4dac5750688a3ab6db801fef8afb9f069270bf6e211c8ef2ef3c13d4e6734", "price_changes": [{"asset_id": "108277546154642558727446036629797435038641223716759292036740543614743500442138", "price": "0.004", "size": "52", "side": "BUY", "hash": "cc994952e2e37b2768caf1ecf69581aea826bbf6", "best_bid": "0.004", "best_ask": "0.071"}, {"asset_id": "42201990037559053024336550021212381979466646133014623519546928336266268180100", "price": "0.996", "size": "52", "side": "SELL", "hash": "0e493ef8783cdb9961f33e484558b5569d738946", "best_bid": "0.929", "best_ask": "0.996"}], "timestamp": "1769384080538", "event_type": "price_change"}}
{"_local_timestamp": "2026-01-25T23:34:40.737681+00:00", "data": {"market": "0xd1b81e16e339910ccf0f32f661209d1b1b8bf9e7b4544b0549ea3a4152c4d823", "price_changes": [{"asset_id": "20688138443664652948666007911769513115384585373979761610429258474151963177570", "price": "0.005", "size": "0", "side": "BUY", "hash": "886defd240b3349441fa450f502d0fe3bed44aee", "best_bid": "0.004", "best_ask": "0.061"}, {"asset_id": "56431156699758996248444003589381918029053732129805739793031966532730675199436", "price": "0.995", "size": "0", "side": "SELL", "hash": "e444edd3c3361dc5f60f1f2e84e27fbfa701a546", "best_bid": "0.939", "best_ask": "0.996"}], "timestamp": "1769384080622", "event_type": "price_change"}}
{"_local_timestamp": "2026-01-25T23:34:40.786878+00:00", "data": {"market": "0xd1b81e16e339910ccf0f32f661209d1b1b8bf9e7b4544b0549ea3a4152c4d823", "price_changes": [{"asset_id": "20688138443664652948666007911769513115384585373979761610429258474151963177570", "price": "0.005", "size": "139", "side": "BUY", "hash": "9fb700b5c421ba94b6b7aec31d38466b06f37c3d", "best_bid": "0.005", "best_ask": "0.061"}, {"asset_id": "56431156699758996248444003589381918029053732129805739793031966532730675199436", "price": "0.995", "size": "139", "side": "SELL", "hash": "2a9e04c1a9d488e1e39c01b1ff6f1621b8c870ed", "best_bid": "0.939", "best_ask": "0.995"}], "timestamp": "1769384080693", "event_type": "price_change"}}
{"_local_timestamp": "2026-01-25T23:34:41.947111+00:00", "data": {"market": "0x5de4dac5750688a3ab6db801fef8afb9f069270bf6e211c8ef2ef3c13d4e6734", "price_changes": [{"asset_id": "108277546154642558727446036629797435038641223716759292036740543614743500442138", "price": "0.004", "size": "0", "side": "BUY", "hash": "48d37692c07bbfca8d05808c0c3b2c0bfddaf0ee", "best_bid": "0.003", "best_ask": "0.071"}, {"asset_id": "42201990037559053024336550021212381979466646133014623519546928336266268180100", "price": "0.996", "size": "0", "side": "SELL", "hash": "d86bbce91a51bbbd9764d6cec69347a97c1ad9e5", "best_bid": "0.929", "best_ask": "0.997"}], "timestamp": "1769384081879", "event_type": "price_change"}}
{"_local_timestamp": "2026-01-25T23:34:42.027841+00:00", "data": {"market": "0x5de4dac5750688a3ab6db801fef8afb9f069270bf6e211c8ef2ef3c13d4e6734", "price_changes": [{"asset_id": "108277546154642558727446036629797435038641223716759292036740543614743500442138", "price": "0.004", "size": "52", "side": "BUY", "hash": "99228e547aa68c57c705e1cfe965630dae9c975f", "best_bid": "0.004", "best_ask": "0.071"}, {"asset_id": "42201990037559053024336550021212381979466646133014623519546928336266268180100", "price": "0.996", "size": "52", "side": "SELL", "hash": "d725a0aad35eac6b0fa5c07f2cc5a5d6724e109e", "best_bid": "0.929", "best_ask": "0.996"}], "timestamp": "1769384081914", "event_type": "price_change"}}
{"_local_timestamp": "2026-01-25T23:34:42.195759+00:00", "data": {"market": "0xd1b81e16e339910ccf0f32f661209d1b1b8bf9e7b4544b0549ea3a4152c4d823", "price_changes": [{"asset_id": "20688138443664652948666007911769513115384585373979761610429258474151963177570", "price": "0.005", "size": "0", "side": "BUY", "hash": "3403bc156c038cc6d06f79208f4eb533dadd04be", "best_bid": "0.004", "best_ask": "0.061"}, {"asset_id": "56431156699758996248444003589381918029053732129805739793031966532730675199436", "price": "0.995", "size": "0", "side": "SELL", "hash": "10702242eba5433de387f179ac984377697ed346", "best_bid": "0.939", "best_ask": "0.996"}], "timestamp": "1769384082123", "event_type": "price_change"}}
{"_local_timestamp": "2026-01-25T23:34:42.230916+00:00", "data": {"market": "0xd1b81e16e339910ccf0f32f661209d1b1b8bf9e7b4544b0549ea3a4152c4d823", "price_changes": [{"asset_id": "20688138443664652948666007911769513115384585373979761610429258474151963177570", "price": "0.005", "size": "139", "side": "BUY", "hash": "9c4110f6483c6d51bec65913f198f0e90eac4939", "best_bid": "0.005", "best_ask": "0.061"}, {"asset_id": "56431156699758996248444003589381918029053732129805739793031966532730675199436", "price": "0.995", "size": "139", "side": "SELL", "hash": "00b8bb78353b32c9b32ad6ec382727b082efca7a", "best_bid": "0.939", "best_ask": "0.995"}], "timestamp": "1769384082148", "event_type": "price_change"}}
{"_local_timestamp": "2026-01-25T23:34:43.437319+00:00", "data": {"market": "0x5de4dac5750688a3ab6db801fef8afb9f069270bf6e211c8ef2ef3c13d4e6734", "price_changes": [{"asset_id": "108277546154642558727446036629797435038641223716759292036740543614743500442138", "price": "0.004", "size": "0", "side": "BUY", "hash": "7cb25478ab65464167e760181f6db6e4ff252d73", "best_bid": "0.003", "best_ask": "0.071"}, {"asset_id": "42201990037559053024336550021212381979466646133014623519546928336266268180100", "price": "0.996", "size": "0", "side": "SELL", "hash": "3ed3b2577db2bcb8154faac1065f03b9f3dce417", "best_bid": "0.929", "best_ask": "0.997"}], "timestamp": "1769384083369", "event_type": "price_change"}}
{"_local_timestamp": "2026-01-25T23:34:43.465958+00:00", "data": {"market": "0x5de4dac5750688a3ab6db801fef8afb9f069270bf6e211c8ef2ef3c13d4e6734", "price_changes": [{"asset_id": "108277546154642558727446036629797435038641223716759292036740543614743500442138", "price": "0.004", "size": "52", "side": "BUY", "hash": "9be13c3c085a34b04fd3764a44c914dd270ec186", "best_bid": "0.004", "best_ask": "0.071"}, {"asset_id": "42201990037559053024336550021212381979466646133014623519546928336266268180100", "price": "0.996", "size": "52", "side": "SELL", "hash": "424bce19164321f362fe132fc09f96785fc30b22", "best_bid": "0.929", "best_ask": "0.996"}], "timestamp": "1769384083396", "event_type": "price_change"}}
{"_local_timestamp": "2026-01-25T23:34:43.692884+00:00", "data": {"market": "0xd1b81e16e339910ccf0f32f661209d1b1b8bf9e7b4544b0549ea3a4152c4d823", "price_changes": [{"asset_id": "20688138443664652948666007911769513115384585373979761610429258474151963177570", "price": "0.005", "size": "0", "side": "BUY", "hash": "8d6efbe09c337f912c622e417c8938894adef13e", "best_bid": "0.004", "best_ask": "0.061"}, {"asset_id": "56431156699758996248444003589381918029053732129805739793031966532730675199436", "price": "0.995", "size": "0", "side": "SELL", "hash": "9d3adffb0a14c8afb87481348a175d350504db3a", "best_bid": "0.939", "best_ask": "0.996"}], "timestamp": "1769384083621", "event_type": "price_change"}}
{"_local_timestamp": "2026-01-25T23:34:43.718625+00:00", "data": {"market": "0xd1b81e16e339910ccf0f32f661209d1b1b8bf9e7b4544b0549ea3a4152c4d823", "price_changes": [{"asset_id": "20688138443664652948666007911769513115384585373979761610429258474151963177570", "price": "0.005", "size": "139", "side": "BUY", "hash": "e482b43f127df5547b1cee9f4158ab48837f3f05", "best_bid": "0.005", "best_ask": "0.061"}, {"asset_id": "56431156699758996248444003589381918029053732129805739793031966532730675199436", "price": "0.995", "size": "139", "side": "SELL", "hash": "e1d56cd351c4ba792ccc41a60226c4f811f45e0f", "best_bid": "0.939", "best_ask": "0.995"}], "timestamp": "1769384083647", "event_type": "price_change"}}
{"_local_timestamp": "2026-01-25T23:34:44.961292+00:00", "data": {"market": "0x5de4dac5750688a3ab6db801fef8afb9f069270bf6e211c8ef2ef3c13d4e6734", "price_changes": [{"asset_id": "108277546154642558727446036629797435038641223716759292036740543614743500442138", "price": "0.004", "size": "0", "side": "BUY", "hash": "fb10f86d4acd1aa9c0f80a7b49a233240d0e85cd", "best_bid": "0.003", "best_ask": "0.071"}, {"asset_id": "42201990037559053024336550021212381979466646133014623519546928336266268180100", "price": "0.996", "size": "0", "side": "SELL", "hash": "39e9e1e7ac16fc50716003bd9f61ec10375df342", "best_bid": "0.929", "best_ask": "0.997"}], "timestamp": "1769384084869", "event_type": "price_change"}}
{"_local_timestamp": "2026-01-25T23:34:44.993890+00:00", "data": {"market": "0x5de4dac5750688a3ab6db801fef8afb9f069270bf6e211c8ef2ef3c13d4e6734", "price_changes": [{"asset_id": "108277546154642558727446036629797435038641223716759292036740543614743500442138", "price": "0.004", "size": "52", "side": "BUY", "hash": "5df512be01aaebab894cd4c66321ebfbe84dc2e7", "best_bid": "0.004", "best_ask": "0.071"}, {"asset_id": "42201990037559053024336550021212381979466646133014623519546928336266268180100", "price": "0.996", "size": "52", "side": "SELL", "hash": "6b2b79d2f1eedfa5ebc9eef2a89c854e4469bec9", "best_bid": "0.929", "best_ask": "0.996"}], "timestamp": "1769384084907", "event_type": "price_change"}}
{"_local_timestamp": "2026-01-25T23:34:45.188829+00:00", "data": {"market": "0xd1b81e16e339910ccf0f32f661209d1b1b8bf9e7b4544b0549ea3a4152c4d823", "price_changes": [{"asset_id": "20688138443664652948666007911769513115384585373979761610429258474151963177570", "price": "0.005", "size": "0", "side": "BUY", "hash": "47ab7a0a941a01fbec6ac45eec118c6a52184ce8", "best_bid": "0.004", "best_ask": "0.061"}, {"asset_id": "56431156699758996248444003589381918029053732129805739793031966532730675199436", "price": "0.995", "size": "0", "side": "SELL", "hash": "78c540e52a31929db59b45f31bd55ce7d24ef592", "best_bid": "0.939", "best_ask": "0.996"}], "timestamp": "1769384085123", "event_type": "price_change"}}
{"_local_timestamp": "2026-01-25T23:34:45.216688+00:00", "data": {"market": "0xd1b81e16e339910ccf0f32f661209d1b1b8bf9e7b4544b0549ea3a4152c4d823", "price_changes": [{"asset_id": "20688138443664652948666007911769513115384585373979761610429258474151963177570", "price": "0.005", "size": "139", "side": "BUY", "hash": "e52efa70cc7e5f2689650053c4aa3c21e8edcac2", "best_bid": "0.005", "best_ask": "0.061"}, {"asset_id": "56431156699758996248444003589381918029053732129805739793031966532730675199436", "price": "0.995", "size": "139", "side": "SELL", "hash": "62f29661602ed9f4e232ff894ba82b78892bc8c5", "best_bid": "0.939", "best_ask": "0.995"}], "timestamp": "1769384085148", "event_type": "price_change"}}
{"_local_timestamp": "2026-01-25T23:34:46.438815+00:00", "data": {"market": "0x5de4dac5750688a3ab6db801fef8afb9f069270bf6e211c8ef2ef3c13d4e6734", "price_changes": [{"asset_id": "108277546154642558727446036629797435038641223716759292036740543614743500442138", "price": "0.004", "size": "0", "side": "BUY", "hash": "1649b500f4d48549e435fd53cbe3da4a39422585", "best_bid": "0.003", "best_ask": "0.071"}, {"asset_id": "42201990037559053024336550021212381979466646133014623519546928336266268180100", "price": "0.996", "size": "0", "side": "SELL", "hash": "a32376133e66b856a4045f9579b05dd7694b040a", "best_bid": "0.929", "best_ask": "0.997"}], "timestamp": "1769384086371", "event_type": "price_change"}}
{"_local_timestamp": "2026-01-25T23:34:46.465118+00:00", "data": {"market": "0x5de4dac5750688a3ab6db801fef8afb9f069270bf6e211c8ef2ef3c13d4e6734", "price_changes": [{"asset_id": "108277546154642558727446036629797435038641223716759292036740543614743500442138", "price": "0.004", "size": "52", "side": "BUY", "hash": "7373ec662995ca9138157c89d98aceed69aaeaef", "best_bid": "0.004", "best_ask": "0.071"}, {"asset_id": "42201990037559053024336550021212381979466646133014623519546928336266268180100", "price": "0.996", "size": "52", "side": "SELL", "hash": "a18b0e9133e42bcdeff01aff4f7ecfa71f2cc11a", "best_bid": "0.929", "best_ask": "0.996"}], "timestamp": "1769384086398", "event_type": "price_change"}}
{"_local_timestamp": "2026-01-25T23:34:46.699854+00:00", "data": {"market": "0xd1b81e16e339910ccf0f32f661209d1b1b8bf9e7b4544b0549ea3a4152c4d823", "price_changes": [{"asset_id": "20688138443664652948666007911769513115384585373979761610429258474151963177570", "price": "0.005", "size": "0", "side": "BUY", "hash": "fcf59208da83a72eaf9f4fb516c8f73e1f5065d1", "best_bid": "0.004", "best_ask": "0.061"}, {"asset_id": "56431156699758996248444003589381918029053732129805739793031966532730675199436", "price": "0.995", "size": "0", "side": "SELL", "hash": "c5213688a3bb6ff04003173adcba31d380714c64", "best_bid": "0.939", "best_ask": "0.996"}], "timestamp": "1769384086627", "event_type": "price_change"}}
{"_local_timestamp": "2026-01-25T23:34:46.725206+00:00", "data": {"market": "0xd1b81e16e339910ccf0f32f661209d1b1b8bf9e7b4544b0549ea3a4152c4d823", "price_changes": [{"asset_id": "20688138443664652948666007911769513115384585373979761610429258474151963177570", "price": "0.005", "size": "139", "side": "BUY", "hash": "b2009b394b58294cb70c8b875259fe49ea08adbf", "best_bid": "0.005", "best_ask": "0.061"}, {"asset_id": "56431156699758996248444003589381918029053732129805739793031966532730675199436", "price": "0.995", "size": "139", "side": "SELL", "hash": "6dadb44bedf5b1f70785a8141194dc329892221f", "best_bid": "0.939", "best_ask": "0.995"}], "timestamp": "1769384086655", "event_type": "price_change"}}
{"_local_timestamp": "2026-01-25T23:34:47.943292+00:00", "data": {"market": "0x5de4dac5750688a3ab6db801fef8afb9f069270bf6e211c8ef2ef3c13d4e6734", "price_changes": [{"asset_id": "108277546154642558727446036629797435038641223716759292036740543614743500442138", "price": "0.004", "size": "0", "side": "BUY", "hash": "776b5a9f25432c5ed2050b41dab2d3bf9b06e1be", "best_bid": "0.003", "best_ask": "0.071"}, {"asset_id": "42201990037559053024336550021212381979466646133014623519546928336266268180100", "price": "0.996", "size": "0", "side": "SELL", "hash": "7aa0c8ac39b1e8f530a302d3c939777f7dba6708", "best_bid": "0.929", "best_ask": "0.997"}], "timestamp": "1769384087869", "event_type": "price_change"}}
{"_local_timestamp": "2026-01-25T23:34:47.961240+00:00", "data": {"market": "0x5de4dac5750688a3ab6db801fef8afb9f069270bf6e211c8ef2ef3c13d4e6734", "price_changes": [{"asset_id": "108277546154642558727446036629797435038641223716759292036740543614743500442138", "price": "0.004", "size": "52", "side": "BUY", "hash": "1345a89878b2b35c22ec5672547f681d7bc613ad", "best_bid": "0.004", "best_ask": "0.071"}, {"asset_id": "42201990037559053024336550021212381979466646133014623519546928336266268180100", "price": "0.996", "size": "52", "side": "SELL", "hash": "0b7aa867654856f6897f4ff58b077d7ee65773b4", "best_bid": "0.929", "best_ask": "0.996"}], "timestamp": "1769384087896", "event_type": "price_change"}}
{"_local_timestamp": "2026-01-25T23:34:48.192814+00:00", "data": {"market": "0xd1b81e16e339910ccf0f32f661209d1b1b8bf9e7b4544b0549ea3a4152c4d823", "price_changes": [{"asset_id": "20688138443664652948666007911769513115384585373979761610429258474151963177570", "price": "0.005", "size": "0", "side": "BUY", "hash": "9c25fb3db7f076008781506c404d69ae1df97977", "best_bid": "0.004", "best_ask": "0.061"}, {"asset_id": "56431156699758996248444003589381918029053732129805739793031966532730675199436", "price": "0.995", "size": "0", "side": "SELL", "hash": "b0240b8474e88361007d307987090e9c042169e2", "best_bid": "0.939", "best_ask": "0.996"}], "timestamp": "1769384088122", "event_type": "price_change"}}
{"_local_timestamp": "2026-01-25T23:34:48.247054+00:00", "data": {"market": "0xd1b81e16e339910ccf0f32f661209d1b1b8bf9e7b4544b0549ea3a4152c4d823", "price_changes": [{"asset_id": "20688138443664652948666007911769513115384585373979761610429258474151963177570", "price": "0.005", "size": "139", "side": "BUY", "hash": "da930269d27b3152b34267c88366425081f594ec", "best_bid": "0.005", "best_ask": "0.061"}, {"asset_id": "56431156699758996248444003589381918029053732129805739793031966532730675199436", "price": "0.995", "size": "139", "side": "SELL", "hash": "a65c40ea92e1381f4f7d927e2f12b291b5112dd5", "best_bid": "0.939", "best_ask": "0.995"}], "timestamp": "1769384088150", "event_type": "price_change"}}
{"_local_timestamp": "2026-01-25T23:34:49.476386+00:00", "data": {"market": "0x5de4dac5750688a3ab6db801fef8afb9f069270bf6e211c8ef2ef3c13d4e6734", "price_changes": [{"asset_id": "108277546154642558727446036629797435038641223716759292036740543614743500442138", "price": "0.004", "size": "0", "side": "BUY", "hash": "c3ae7fb327221eee7c45fbad31861a977399d7dc", "best_bid": "0.003", "best_ask": "0.071"}, {"asset_id": "42201990037559053024336550021212381979466646133014623519546928336266268180100", "price": "0.996", "size": "0", "side": "SELL", "hash": "dcca576c9cf65cc0ad9d7dbfc5f1d73ac00f1850", "best_bid": "0.929", "best_ask": "0.997"}], "timestamp": "1769384089371", "event_type": "price_change"}}
{"_local_timestamp": "2026-01-25T23:34:49.961686+00:00", "data": {"market": "0x5de4dac5750688a3ab6db801fef8afb9f069270bf6e211c8ef2ef3c13d4e6734", "price_changes": [{"asset_id": "108277546154642558727446036629797435038641223716759292036740543614743500442138", "price": "0.004", "size": "52", "side": "BUY", "hash": "aec227d350344e41a3a43143998687075a358289", "best_bid": "0.004", "best_ask": "0.071"}, {"asset_id": "42201990037559053024336550021212381979466646133014623519546928336266268180100", "price": "0.996", "size": "52", "side": "SELL", "hash": "1b949204244d2f5bd733b5d1a7c6e9f855257218", "best_bid": "0.929", "best_ask": "0.996"}], "timestamp": "1769384089411", "event_type": "price_change"}}
{"_local_timestamp": "2026-01-25T23:34:49.961990+00:00", "data": {"market": "0xd1b81e16e339910ccf0f32f661209d1b1b8bf9e7b4544b0549ea3a4152c4d823", "price_changes": [{"asset_id": "20688138443664652948666007911769513115384585373979761610429258474151963177570", "price": "0.005", "size": "0", "side": "BUY", "hash": "535480ec5f762cd1ea07880658e45d70d2334056", "best_bid": "0.004", "best_ask": "0.061"}, {"asset_id": "56431156699758996248444003589381918029053732129805739793031966532730675199436", "price": "0.995", "size": "0", "side": "SELL", "hash": "662fae1151b13b78bb7bf42616be7a3d8efabf97", "best_bid": "0.939", "best_ask": "0.996"}], "timestamp": "1769384089677", "event_type": "price_change"}}
{"_local_timestamp": "2026-01-25T23:34:49.962224+00:00", "data": {"market": "0xd1b81e16e339910ccf0f32f661209d1b1b8bf9e7b4544b0549ea3a4152c4d823", "price_changes": [{"asset_id": "20688138443664652948666007911769513115384585373979761610429258474151963177570", "price": "0.005", "size": "139", "side": "BUY", "hash": "47250e027448b5afc2d854ae2bf200275f3ec9ac", "best_bid": "0.005", "best_ask": "0.061"}, {"asset_id": "56431156699758996248444003589381918029053732129805739793031966532730675199436", "price": "0.995", "size": "139", "side": "SELL", "hash": "b2eea3249892514cadd89b20e2af49514f9ac652", "best_bid": "0.939", "best_ask": "0.995"}], "timestamp": "1769384089711", "event_type": "price_change"}}
{"_local_timestamp": "2026-01-25T23:34:51.027447+00:00", "data": {"market": "0x5de4dac5750688a3ab6db801fef8afb9f069270bf6e211c8ef2ef3c13d4e6734", "price_changes": [{"asset_id": "108277546154642558727446036629797435038641223716759292036740543614743500442138", "price": "0.004", "size": "0", "side": "BUY", "hash": "ff88a054cae06807f11bb750132fcf2dfe894aaf", "best_bid": "0.003", "best_ask": "0.071"}, {"asset_id": "42201990037559053024336550021212381979466646133014623519546928336266268180100", "price": "0.996", "size": "0", "side": "SELL", "hash": "448781ad8c073aad2a0cb79804dd64a0ed24ec5a", "best_bid": "0.929", "best_ask": "0.997"}], "timestamp": "1769384090871", "event_type": "price_change"}}
{"_local_timestamp": "2026-01-25T23:34:51.045334+00:00", "data": {"market": "0x5de4dac5750688a3ab6db801fef8afb9f069270bf6e211c8ef2ef3c13d4e6734", "price_changes": [{"asset_id": "108277546154642558727446036629797435038641223716759292036740543614743500442138", "price": "0.004", "size": "52", "side": "BUY", "hash": "816aad4a7270aed1b32475dff222c12344f8eee5", "best_bid": "0.004", "best_ask": "0.071"}, {"asset_id": "42201990037559053024336550021212381979466646133014623519546928336266268180100", "price": "0.996", "size": "52", "side": "SELL", "hash": "c3b5a44fec5b11158dd94ef70b305879249b4343", "best_bid": "0.929", "best_ask": "0.996"}], "timestamp": "1769384090899", "event_type": "price_change"}}
{"_local_timestamp": "2026-01-25T23:34:51.286360+00:00", "data": {"market": "0xd1b81e16e339910ccf0f32f661209d1b1b8bf9e7b4544b0549ea3a4152c4d823", "price_changes": [{"asset_id": "20688138443664652948666007911769513115384585373979761610429258474151963177570", "price": "0.005", "size": "0", "side": "BUY", "hash": "8335fe7d6059396918c311c01a0dd454c0aa9445", "best_bid": "0.004", "best_ask": "0.061"}, {"asset_id": "56431156699758996248444003589381918029053732129805739793031966532730675199436", "price": "0.995", "size": "0", "side": "SELL", "hash": "b348359ce1c5935c49f8fe7d1cd733ab2f11653c", "best_bid": "0.939", "best_ask": "0.996"}], "timestamp": "1769384091122", "event_type": "price_change"}}
{"_local_timestamp": "2026-01-25T23:34:51.317383+00:00", "data": {"market": "0xd1b81e16e339910ccf0f32f661209d1b1b8bf9e7b4544b0549ea3a4152c4d823", "price_changes": [{"asset_id": "20688138443664652948666007911769513115384585373979761610429258474151963177570", "price": "0.005", "size": "139", "side": "BUY", "hash": "1144003b2aa63d4279d86e40be3c6fd91a44b922", "best_bid": "0.005", "best_ask": "0.061"}, {"asset_id": "56431156699758996248444003589381918029053732129805739793031966532730675199436", "price": "0.995", "size": "139", "side": "SELL", "hash": "c3084edb5523ffe245f104c125262484f5565712", "best_bid": "0.939", "best_ask": "0.995"}], "timestamp": "1769384091154", "event_type": "price_change"}}
{"_local_timestamp": "2026-01-25T23:34:52.541023+00:00", "data": {"market": "0x5de4dac5750688a3ab6db801fef8afb9f069270bf6e211c8ef2ef3c13d4e6734", "price_changes": [{"asset_id": "108277546154642558727446036629797435038641223716759292036740543614743500442138", "price": "0.004", "size": "0", "side": "BUY", "hash": "343177b21ac66c22f7fc4f16acb71cbc8ae5aa7b", "best_bid": "0.003", "best_ask": "0.071"}, {"asset_id": "42201990037559053024336550021212381979466646133014623519546928336266268180100", "price": "0.996", "size": "0", "side": "SELL", "hash": "9109fac138c41426b8b816e1b415fa96d2c06be0", "best_bid": "0.929", "best_ask": "0.997"}], "timestamp": "1769384092375", "event_type": "price_change"}}
{"_local_timestamp": "2026-01-25T23:34:52.568889+00:00", "data": {"market": "0x5de4dac5750688a3ab6db801fef8afb9f069270bf6e211c8ef2ef3c13d4e6734", "price_changes": [{"asset_id": "108277546154642558727446036629797435038641223716759292036740543614743500442138", "price": "0.004", "size": "52", "side": "BUY", "hash": "6724122e038bf400512f48863615c2ac9a3b8e3b", "best_bid": "0.004", "best_ask": "0.071"}, {"asset_id": "42201990037559053024336550021212381979466646133014623519546928336266268180100", "price": "0.996", "size": "52", "side": "SELL", "hash": "556c3589654c1f02aa045abd2f54619699cad10b", "best_bid": "0.929", "best_ask": "0.996"}], "timestamp": "1769384092401", "event_type": "price_change"}}
{"_local_timestamp": "2026-01-25T23:34:52.780767+00:00", "data": {"market": "0xd1b81e16e339910ccf0f32f661209d1b1b8bf9e7b4544b0549ea3a4152c4d823", "price_changes": [{"asset_id": "20688138443664652948666007911769513115384585373979761610429258474151963177570", "price": "0.005", "size": "0", "side": "BUY", "hash": "183787b9c12ac485f953c716e831faf23b61fca2", "best_bid": "0.004", "best_ask": "0.061"}, {"asset_id": "56431156699758996248444003589381918029053732129805739793031966532730675199436", "price": "0.995", "size": "0", "side": "SELL", "hash": "0e5dd2df4eb4f481a9744085875a4386959ff494", "best_bid": "0.939", "best_ask": "0.996"}], "timestamp": "1769384092622", "event_type": "price_change"}}
{"_local_timestamp": "2026-01-25T23:34:52.809752+00:00", "data": {"market": "0xd1b81e16e339910ccf0f32f661209d1b1b8bf9e7b4544b0549ea3a4152c4d823", "price_changes": [{"asset_id": "20688138443664652948666007911769513115384585373979761610429258474151963177570", "price": "0.005", "size": "139", "side": "BUY", "hash": "7cfab6514de58d3743cc24ed121b067d6947a663", "best_bid": "0.005", "best_ask": "0.061"}, {"asset_id": "56431156699758996248444003589381918029053732129805739793031966532730675199436", "price": "0.995", "size": "139", "side": "SELL", "hash": "745989a958546d4908c39be6cad3e69fb65a99a1", "best_bid": "0.939", "best_ask": "0.995"}], "timestamp": "1769384092649", "event_type": "price_change"}}
{"_local_timestamp": "2026-01-25T23:34:53.969098+00:00", "data": {"market": "0x5de4dac5750688a3ab6db801fef8afb9f069270bf6e211c8ef2ef3c13d4e6734", "price_changes": [{"asset_id": "108277546154642558727446036629797435038641223716759292036740543614743500442138", "price": "0.004", "size": "0", "side": "BUY", "hash": "103240740c6c066b99516cbe3fc500c7d0315894", "best_bid": "0.003", "best_ask": "0.071"}, {"asset_id": "42201990037559053024336550021212381979466646133014623519546928336266268180100", "price": "0.996", "size": "0", "side": "SELL", "hash": "75de621ffd891408e525737f72dd37c994731980", "best_bid": "0.929", "best_ask": "0.997"}], "timestamp": "1769384093876", "event_type": "price_change"}}
{"_local_timestamp": "2026-01-25T23:34:53.989070+00:00", "data": {"market": "0x5de4dac5750688a3ab6db801fef8afb9f069270bf6e211c8ef2ef3c13d4e6734", "price_changes": [{"asset_id": "108277546154642558727446036629797435038641223716759292036740543614743500442138", "price": "0.004", "size": "52", "side": "BUY", "hash": "3fa11a82b5708ee25ef1db65a1f0e6a921da44b5", "best_bid": "0.004", "best_ask": "0.071"}, {"asset_id": "42201990037559053024336550021212381979466646133014623519546928336266268180100", "price": "0.996", "size": "52", "side": "SELL", "hash": "ec8658a28a2b7adb405f7ba3976c4c1cf75650bc", "best_bid": "0.929", "best_ask": "0.996"}], "timestamp": "1769384093903", "event_type": "price_change"}}
{"_local_timestamp": "2026-01-25T23:34:54.193754+00:00", "data": {"market": "0xd1b81e16e339910ccf0f32f661209d1b1b8bf9e7b4544b0549ea3a4152c4d823", "price_changes": [{"asset_id": "20688138443664652948666007911769513115384585373979761610429258474151963177570", "price": "0.005", "size": "0", "side": "BUY", "hash": "8bffa5816d74482d9e19f66855db7264a8712477", "best_bid": "0.004", "best_ask": "0.061"}, {"asset_id": "56431156699758996248444003589381918029053732129805739793031966532730675199436", "price": "0.995", "size": "0", "side": "SELL", "hash": "3cf451c80b182034b1e33917dc74dcc149e2b039", "best_bid": "0.939", "best_ask": "0.996"}], "timestamp": "1769384094127", "event_type": "price_change"}}
{"_local_timestamp": "2026-01-25T23:34:54.233491+00:00", "data": {"market": "0xd1b81e16e339910ccf0f32f661209d1b1b8bf9e7b4544b0549ea3a4152c4d823", "price_changes": [{"asset_id": "20688138443664652948666007911769513115384585373979761610429258474151963177570", "price": "0.005", "size": "139", "side": "BUY", "hash": "a5db665360cc8a0a8ff3e0865125c130dbb49955", "best_bid": "0.005", "best_ask": "0.061"}, {"asset_id": "56431156699758996248444003589381918029053732129805739793031966532730675199436", "price": "0.995", "size": "139", "side": "SELL", "hash": "1944515d072a2e37f2bae9645f47ad980dd2a7e9", "best_bid": "0.939", "best_ask": "0.995"}], "timestamp": "1769384094156", "event_type": "price_change"}}
{"_local_timestamp": "2026-01-25T23:34:55.468600+00:00", "data": {"market": "0x5de4dac5750688a3ab6db801fef8afb9f069270bf6e211c8ef2ef3c13d4e6734", "price_changes": [{"asset_id": "108277546154642558727446036629797435038641223716759292036740543614743500442138", "price": "0.004", "size": "0", "side": "BUY", "hash": "b3941ce9f78ec4cf96204a8c9a2353e538669881", "best_bid": "0.003", "best_ask": "0.071"}, {"asset_id": "42201990037559053024336550021212381979466646133014623519546928336266268180100", "price": "0.996", "size": "0", "side": "SELL", "hash": "6efbe6fe679d388731f149b2e4eee5f5d61ecbfb", "best_bid": "0.929", "best_ask": "0.997"}], "timestamp": "1769384095373", "event_type": "price_change"}}
{"_local_timestamp": "2026-01-25T23:34:55.499423+00:00", "data": {"market": "0x5de4dac5750688a3ab6db801fef8afb9f069270bf6e211c8ef2ef3c13d4e6734", "price_changes": [{"asset_id": "108277546154642558727446036629797435038641223716759292036740543614743500442138", "price": "0.004", "size": "52", "side": "BUY", "hash": "6890e45cfd01f3e01049a819c2199c812a847c40", "best_bid": "0.004", "best_ask": "0.071"}, {"asset_id": "42201990037559053024336550021212381979466646133014623519546928336266268180100", "price": "0.996", "size": "52", "side": "SELL", "hash": "9d4b9267714ec69cb6168df26e9e44384b4a62e7", "best_bid": "0.929", "best_ask": "0.996"}], "timestamp": "1769384095418", "event_type": "price_change"}}
{"_local_timestamp": "2026-01-25T23:34:55.689536+00:00", "data": {"market": "0xd1b81e16e339910ccf0f32f661209d1b1b8bf9e7b4544b0549ea3a4152c4d823", "price_changes": [{"asset_id": "20688138443664652948666007911769513115384585373979761610429258474151963177570", "price": "0.005", "size": "0", "side": "BUY", "hash": "124724d32c06f3c4d40f45f90affee58c4587785", "best_bid": "0.004", "best_ask": "0.061"}, {"asset_id": "56431156699758996248444003589381918029053732129805739793031966532730675199436", "price": "0.995", "size": "0", "side": "SELL", "hash": "49873a7bc449a9d9cbb9778a2dde3e29fec5d6ea", "best_bid": "0.939", "best_ask": "0.996"}], "timestamp": "1769384095621", "event_type": "price_change"}}
{"_local_timestamp": "2026-01-25T23:34:55.717371+00:00", "data": {"market": "0xd1b81e16e339910ccf0f32f661209d1b1b8bf9e7b4544b0549ea3a4152c4d823", "price_changes": [{"asset_id": "20688138443664652948666007911769513115384585373979761610429258474151963177570", "price": "0.005", "size": "139", "side": "BUY", "hash": "e1f7ee26b72cb88ef7545fa0e6615d313df27f7d", "best_bid": "0.005", "best_ask": "0.061"}, {"asset_id": "56431156699758996248444003589381918029053732129805739793031966532730675199436", "price": "0.995", "size": "139", "side": "SELL", "hash": "393bf71fdd2671535551663407eff8fa217927fa", "best_bid": "0.939", "best_ask": "0.995"}], "timestamp": "1769384095648", "event_type": "price_change"}}
{"_local_timestamp": "2026-01-25T23:34:56.954845+00:00", "data": {"market": "0x5de4dac5750688a3ab6db801fef8afb9f069270bf6e211c8ef2ef3c13d4e6734", "price_changes": [{"asset_id": "108277546154642558727446036629797435038641223716759292036740543614743500442138", "price": "0.004", "size": "0", "side": "BUY", "hash": "ca06f39dc9c6f66ecb127e49dfa2307d21e67e52", "best_bid": "0.003", "best_ask": "0.071"}, {"asset_id": "42201990037559053024336550021212381979466646133014623519546928336266268180100", "price": "0.996", "size": "0", "side": "SELL", "hash": "f61bd176c42d233c7c2321f28926f13de4f2243a", "best_bid": "0.929", "best_ask": "0.997"}], "timestamp": "1769384096875", "event_type": "price_change"}}
{"_local_timestamp": "2026-01-25T23:34:57.025709+00:00", "data": {"market": "0x5de4dac5750688a3ab6db801fef8afb9f069270bf6e211c8ef2ef3c13d4e6734", "price_changes": [{"asset_id": "108277546154642558727446036629797435038641223716759292036740543614743500442138", "price": "0.004", "size": "52", "side": "BUY", "hash": "5214f72e82fa39d5500f9812194d91388c8dac52", "best_bid": "0.004", "best_ask": "0.071"}, {"asset_id": "42201990037559053024336550021212381979466646133014623519546928336266268180100", "price": "0.996", "size": "52", "side": "SELL", "hash": "17bbc2f665f8a5caa51e1303bb67b07ca40d7867", "best_bid": "0.929", "best_ask": "0.996"}], "timestamp": "1769384096901", "event_type": "price_change"}}
{"_local_timestamp": "2026-01-25T23:34:58.016118+00:00", "data": {"market": "0xd1b81e16e339910ccf0f32f661209d1b1b8bf9e7b4544b0549ea3a4152c4d823", "price_changes": [{"asset_id": "20688138443664652948666007911769513115384585373979761610429258474151963177570", "price": "0.005", "size": "0", "side": "BUY", "hash": "c19ff12a535bcf4c50bc8624bd824b9998defa2b", "best_bid": "0.004", "best_ask": "0.061"}, {"asset_id": "56431156699758996248444003589381918029053732129805739793031966532730675199436", "price": "0.995", "size": "0", "side": "SELL", "hash": "f904a36a0dfb164442cfffb4a2950883c728f355", "best_bid": "0.939", "best_ask": "0.996"}], "timestamp": "1769384097121", "event_type": "price_change"}}
{"_local_timestamp": "2026-01-25T23:34:58.016555+00:00", "data": {"market": "0xd1b81e16e339910ccf0f32f661209d1b1b8bf9e7b4544b0549ea3a4152c4d823", "price_changes": [{"asset_id": "20688138443664652948666007911769513115384585373979761610429258474151963177570", "price": "0.005", "size": "139", "side": "BUY", "hash": "140bf7385c54332ca7e66d585006d36b2b332f62", "best_bid": "0.005", "best_ask": "0.061"}, {"asset_id": "56431156699758996248444003589381918029053732129805739793031966532730675199436", "price": "0.995", "size": "139", "side": "SELL", "hash": "dad6b2ab718fc6e53d43306203dffdaa93c1cdfc", "best_bid": "0.939", "best_ask": "0.995"}], "timestamp": "1769384097147", "event_type": "price_change"}}
{"_local_timestamp": "2026-01-25T23:34:58.441540+00:00", "data": {"market": "0x5de4dac5750688a3ab6db801fef8afb9f069270bf6e211c8ef2ef3c13d4e6734", "price_changes": [{"asset_id": "108277546154642558727446036629797435038641223716759292036740543614743500442138", "price": "0.004", "size": "0", "side": "BUY", "hash": "bc64f5bafd283d46b0d31e54d55e9d877f8eab95", "best_bid": "0.003", "best_ask": "0.071"}, {"asset_id": "42201990037559053024336550021212381979466646133014623519546928336266268180100", "price": "0.996", "size": "0", "side": "SELL", "hash": "9dd2975d82ca3bf22ee9d0c3838a8ac9acd6d880", "best_bid": "0.929", "best_ask": "0.997"}], "timestamp": "1769384098369", "event_type": "price_change"}}
{"_local_timestamp": "2026-01-25T23:34:58.488612+00:00", "data": {"market": "0x5de4dac5750688a3ab6db801fef8afb9f069270bf6e211c8ef2ef3c13d4e6734", "price_changes": [{"asset_id": "108277546154642558727446036629797435038641223716759292036740543614743500442138", "price": "0.004", "size": "52", "side": "BUY", "hash": "4dd7922b859523dd02bdfa49e0a77251a79638a5", "best_bid": "0.004", "best_ask": "0.071"}, {"asset_id": "42201990037559053024336550021212381979466646133014623519546928336266268180100", "price": "0.996", "size": "52", "side": "SELL", "hash": "afb976c2104bbb1a845ae3b64acb8f35490dcdb7", "best_bid": "0.929", "best_ask": "0.996"}], "timestamp": "1769384098397", "event_type": "price_change"}}
{"_local_timestamp": "2026-01-25T23:34:58.692767+00:00", "data": {"market": "0xd1b81e16e339910ccf0f32f661209d1b1b8bf9e7b4544b0549ea3a4152c4d823", "price_changes": [{"asset_id": "20688138443664652948666007911769513115384585373979761610429258474151963177570", "price": "0.005", "size": "0", "side": "BUY", "hash": "748fb603f02639c83a736e165b6c1c0ff40f1033", "best_bid": "0.004", "best_ask": "0.061"}, {"asset_id": "56431156699758996248444003589381918029053732129805739793031966532730675199436", "price": "0.995", "size": "0", "side": "SELL", "hash": "afd8dd6aceb3ff15d392ce233bd4091f082bb3c9", "best_bid": "0.939", "best_ask": "0.996"}], "timestamp": "1769384098623", "event_type": "price_change"}}
{"_local_timestamp": "2026-01-25T23:34:58.716727+00:00", "data": {"market": "0xd1b81e16e339910ccf0f32f661209d1b1b8bf9e7b4544b0549ea3a4152c4d823", "price_changes": [{"asset_id": "20688138443664652948666007911769513115384585373979761610429258474151963177570", "price": "0.005", "size": "139", "side": "BUY", "hash": "40c527f4102f639c2579645cca43e6fab8cae064", "best_bid": "0.005", "best_ask": "0.061"}, {"asset_id": "56431156699758996248444003589381918029053732129805739793031966532730675199436", "price": "0.995", "size": "139", "side": "SELL", "hash": "03dc6f1cf7bacf46c599cafd39207379737e3817", "best_bid": "0.939", "best_ask": "0.995"}], "timestamp": "1769384098651", "event_type": "price_change"}}
{"_local_timestamp": "2026-01-25T23:34:59.654444+00:00", "data": {"market": "0x5de4dac5750688a3ab6db801fef8afb9f069270bf6e211c8ef2ef3c13d4e6734", "price_changes": [{"asset_id": "42201990037559053024336550021212381979466646133014623519546928336266268180100", "price": "0.926", "size": "41.03", "side": "BUY", "hash": "54baa0a17701e65e6b2fd142e6d4100b85b2baf9", "best_bid": "0.929", "best_ask": "0.996"}, {"asset_id": "108277546154642558727446036629797435038641223716759292036740543614743500442138", "price": "0.074", "size": "41.03", "side": "SELL", "hash": "4a877436011f223cd46b264c21f852b0d1a69432", "best_bid": "0.004", "best_ask": "0.071"}], "timestamp": "1769384099586", "event_type": "price_change"}}
{"_local_timestamp": "2026-01-25T23:34:59.680934+00:00", "data": {"market": "0x5de4dac5750688a3ab6db801fef8afb9f069270bf6e211c8ef2ef3c13d4e6734", "price_changes": [{"asset_id": "108277546154642558727446036629797435038641223716759292036740543614743500442138", "price": "0.004", "size": "0", "side": "BUY", "hash": "d5928bd3abc77aa154bc86daf125f05ad7f747da", "best_bid": "0.003", "best_ask": "0.071"}, {"asset_id": "42201990037559053024336550021212381979466646133014623519546928336266268180100", "price": "0.996", "size": "0", "side": "SELL", "hash": "3860783b5305d66b023545af1f652272df12ef2b", "best_bid": "0.929", "best_ask": "0.997"}], "timestamp": "1769384099612", "event_type": "price_change"}}
{"_local_timestamp": "2026-01-25T23:35:00.190423+00:00", "data": {"market": "0xd1b81e16e339910ccf0f32f661209d1b1b8bf9e7b4544b0549ea3a4152c4d823", "price_changes": [{"asset_id": "20688138443664652948666007911769513115384585373979761610429258474151963177570", "price": "0.005", "size": "0", "side": "BUY", "hash": "fef2e69dc66ef7b8154df402284cf9704e965490", "best_bid": "0.004", "best_ask": "0.061"}, {"asset_id": "56431156699758996248444003589381918029053732129805739793031966532730675199436", "price": "0.995", "size": "0", "side": "SELL", "hash": "c2b773f8117f8cafe7478bb4e3fbce9e2ca00e71", "best_bid": "0.939", "best_ask": "0.996"}], "timestamp": "1769384100122", "event_type": "price_change"}}
{"_local_timestamp": "2026-01-25T23:35:00.220020+00:00", "data": {"market": "0xd1b81e16e339910ccf0f32f661209d1b1b8bf9e7b4544b0549ea3a4152c4d823", "price_changes": [{"asset_id": "20688138443664652948666007911769513115384585373979761610429258474151963177570", "price": "0.005", "size": "139", "side": "BUY", "hash": "6edeb673bcb2ed0c2a59859bd3714b8b9de5a0cc", "best_bid": "0.005", "best_ask": "0.061"}, {"asset_id": "56431156699758996248444003589381918029053732129805739793031966532730675199436", "price": "0.995", "size": "139", "side": "SELL", "hash": "26227314b97920c740b91b800f86b3c34a3820ee", "best_bid": "0.939", "best_ask": "0.995"}], "timestamp": "1769384100148", "event_type": "price_change"}}
{"_local_timestamp": "2026-01-25T23:35:01.689168+00:00", "data": {"market": "0xd1b81e16e339910ccf0f32f661209d1b1b8bf9e7b4544b0549ea3a4152c4d823", "price_changes": [{"asset_id": "20688138443664652948666007911769513115384585373979761610429258474151963177570", "price": "0.005", "size": "0", "side": "BUY", "hash": "442d4c9002aaae360d0e92569186fd129fc9a6d0", "best_bid": "0.004", "best_ask": "0.061"}, {"asset_id": "56431156699758996248444003589381918029053732129805739793031966532730675199436", "price": "0.995", "size": "0", "side": "SELL", "hash": "2bae79ce89b7e15dd1a6e7743255aa716916cd34", "best_bid": "0.939", "best_ask": "0.996"}], "timestamp": "1769384101621", "event_type": "price_change"}}
{"_local_timestamp": "2026-01-25T23:35:01.717357+00:00", "data": {"market": "0xd1b81e16e339910ccf0f32f661209d1b1b8bf9e7b4544b0549ea3a4152c4d823", "price_changes": [{"asset_id": "20688138443664652948666007911769513115384585373979761610429258474151963177570", "price": "0.005", "size": "139", "side": "BUY", "hash": "4aee3636cd06854af6fb99b87add5d30851942e9", "best_bid": "0.005", "best_ask": "0.061"}, {"asset_id": "56431156699758996248444003589381918029053732129805739793031966532730675199436", "price": "0.995", "size": "139", "side": "SELL", "hash": "b8215200d7c174eba44c4f143fd3919e6e006a02", "best_bid": "0.939", "best_ask": "0.995"}], "timestamp": "1769384101649", "event_type": "price_change"}}
{"_local_timestamp": "2026-01-25T23:35:01.726755+00:00", "data": {"market": "0x96692acae03ce1fa925951c628caa05cadaca99dd6cd06e6bf41e1296a31c5d6", "price_changes": [{"asset_id": "75966561768654787319743325692232123182038258640829059408341973756730651618640", "price": "0.902", "size": "42.12", "side": "BUY", "hash": "58e71ba6a47c3e4c7d45dec6288dce2c476b47ed", "best_bid": "0.903", "best_ask": "0.996"}, {"asset_id": "141897989331777398234248523720868895884419134718481852583319480736372240359", "price": "0.098", "size": "42.12", "side": "SELL", "hash": "9c67d16607f5d714cf829cdfba98e512441a410b", "best_bid": "0.004", "best_ask": "0.097"}], "timestamp": "1769384101655", "event_type": "price_change"}}
{"_local_timestamp": "2026-01-25T23:35:03.200394+00:00", "data": {"market": "0xd1b81e16e339910ccf0f32f661209d1b1b8bf9e7b4544b0549ea3a4152c4d823", "price_changes": [{"asset_id": "20688138443664652948666007911769513115384585373979761610429258474151963177570", "price": "0.005", "size": "0", "side": "BUY", "hash": "81be9473679b731819b2659dfbfa09263d50b8b1", "best_bid": "0.004", "best_ask": "0.061"}, {"asset_id": "56431156699758996248444003589381918029053732129805739793031966532730675199436", "price": "0.995", "size": "0", "side": "SELL", "hash": "e4d6c666534f437b9b3952ba12484e19b0eea738", "best_bid": "0.939", "best_ask": "0.996"}], "timestamp": "1769384103121", "event_type": "price_change"}}
{"_local_timestamp": "2026-01-25T23:35:03.232192+00:00", "data": {"market": "0xd1b81e16e339910ccf0f32f661209d1b1b8bf9e7b4544b0549ea3a4152c4d823", "price_changes": [{"asset_id": "20688138443664652948666007911769513115384585373979761610429258474151963177570", "price": "0.005", "size": "139", "side": "BUY", "hash": "9853ecfb7f2465cc73d0287071babdac49ecf7d7", "best_bid": "0.005", "best_ask": "0.061"}, {"asset_id": "56431156699758996248444003589381918029053732129805739793031966532730675199436", "price": "0.995", "size": "139", "side": "SELL", "hash": "cd2504d61736213d540d4e3c0751a7c0270b8838", "best_bid": "0.939", "best_ask": "0.995"}], "timestamp": "1769384103148", "event_type": "price_change"}}
{"_local_timestamp": "2026-01-25T23:35:04.705758+00:00", "data": {"market": "0xd1b81e16e339910ccf0f32f661209d1b1b8bf9e7b4544b0549ea3a4152c4d823", "price_changes": [{"asset_id": "20688138443664652948666007911769513115384585373979761610429258474151963177570", "price": "0.005", "size": "0", "side": "BUY", "hash": "d2ad9d1faca5450d75c94b915f21af690dce2560", "best_bid": "0.004", "best_ask": "0.061"}, {"asset_id": "56431156699758996248444003589381918029053732129805739793031966532730675199436", "price": "0.995", "size": "0", "side": "SELL", "hash": "f2374b09cde400b5efdef8ada05fc8058d3a1a64", "best_bid": "0.939", "best_ask": "0.996"}], "timestamp": "1769384104621", "event_type": "price_change"}}
