{"_local_timestamp": "2026-01-25T23:34:23.882907+00:00", "data": [{"market": "0x5fb05d410438dc807ed2e160d5f45005b49596d50e21042fbec733726a90ffc0", "asset_id": "6759488527389082721062651121568981528622028305880952261250478477341571371898", "timestamp": "1769366226225", "hash": "d21538add971f55f5bff4b146d6cc32dd8b17503", "bids": [{"price": "0.01", "size": "192.95"}, {"price": "0.02", "size": "40.15"}, {"price": "0.03", "size": "100"}, {"price": "0.04", "size": "46.38"}, {"price": "0.05", "size": "77.17"}, {"price": "0.06", "size": "33"}], "asks": [{"price": "0.99", "size": "368.52"}, {"price": "0.98", "size": "207.75"}, {"price": "0.97", "size": "199.87"}, {"price": "0.96", "size": "50"}], "event_type": "book", "last_trade_price": ""}, {"market": "0x01eb34f567610559fda5ae4d95c5b3491896c68392d64650fb3b43318d15ac27", "asset_id": "3655869384687336322100636668729204258083777650839621077243985063074664536420", "timestamp": "1769383915436", "hash": "a9a46967b0b3a73ad63228c95a7442ef1e939be0", "bids": [{"price": "0.01", "size": "397.99"}, {"price": "0.02", "size": "150.48"}, {"price": "0.03", "size": "255.99"}, {"price": "0.04", "size": "50"}], "asks": [{"price": "0.99", "size": "192.95"}, {"price": "0.98", "size": "40.15"}, {"price": "0.97", "size": "100"}, {"price": "0.96", "size": "46.38"}, {"price": "0.95", "size": "77.17"}, {"price": "0.94", "size": "33"}], "event_type": "book", "last_trade_price": ""}, {"market": "0x1e9ee1651580f55851d9da849cab29692ec8ee9a9ac0f23e8695fe2b56cbb320", "asset_id": "81304370847864350078994267588556864566167351322225750241183615443795897120063", "timestamp": "1769366214738", "hash": "d967709c43e1166296b2ef6c6eb1b23ac2c30dce", "bids": [{"price": "0.01", "size": "192.95"}, {"price": "0.02", "size": "40.15"}, {"price": "0.03", "size": "190"}, {"price": "0.04", "size": "59.38"}, {"price": "0.05", "size": "37.17"}, {"price": "0.06", "size": "33"}], "asks": [{"price": "0.99", "size": "368.52"}, {"price": "0.98", "size": "132.75"}, {"price": "0.97", "size": "260.87"}, {"price": "0.96", "size": "50"}], "event_type": "book", "last_trade_price": ""}, {"market": "0x913e5b3930887eaa37625c342fe2cd0104e5d5d8cc4403bdb30236132e3fd349", "asset_id": "19199591189418602217011456334234796782163616468118244326096030164691429300966", "timestamp": "1769366213380", "hash": "01354d8c33cb4fdd4d34afa56f2d847911ed7038", "bids": [{"price": "0.01", "size": "368.52"}, {"price": "0.02", "size": "175"}, {"price": "0.03", "size": "179"}, {"price": "0.04", "size": "50"}], "asks": [{"price": "0.99", "size": "192.95"}, {"price": "0.98", "size": "40.15"}, {"price": "0.97", "size": "190"}, {"price": "0.96", "size": "59.38"}, {"price": "0.95", "size": "37.17"}, {"price": "0.94", "size": "33"}], "event_type": "book", "last_trade_price": ""}, {"market": "0x29b069d5996d01462da32983c04c55c6f902aaeb6296b36be779a42839eae683", "asset_id": "48874471215021262019977432930164647811396581608245350535039029785194169514137", "timestamp": "1769383978555", "hash": "97d9305f6bc853d391d45360cd9f485e6fb40ddc", "bids": [{"price": "0.01", "size": "375.02"}, {"price": "0.02", "size": "136.21"}, {"price": "0.03", "size": "256"}, {"price": "0.04", "size": "50"}, {"price": "0.05", "size": "23.99"}], "asks": [{"price": "0.99", "size": "192.95"}, {"price": "0.98", "size": "40.15"}, {"price": "0.97", "size": "100"}, {"price": "0.96", "size": "46.38"}, {"price": "0.95", "size": "77.17"}, {"price": "0.94", "size": "33"}], "event_type": "book", "last_trade_price": ""}, {"market": "0x913e5b3930887eaa37625c342fe2cd0104e5d5d8cc4403bdb30236132e3fd349", "asset_id": "67869419707679635386935362235596810530733305322378801101228640514972262288619", "timestamp": "1769366213380", "hash": "8140aba75e8ab862a5ca6676145b7c06617485f4", "bids": [{"price": "0.01", "size": "192.95"}, {"price": "0.02", "size": "40.15"}, {"price": "0.03", "size": "190"}, {"price": "0.04", "size": "59.38"}, {"price": "0.05", "size": "37.17"}, {"price": "0.06", "size": "33"}], "asks": [{"price": "0.99", "size": "368.52"}, {"price": "0.98", "size": "175"}, {"price": "0.97", "size": "179"}, {"price": "0.96", "size": "50"}], "event_type": "book", "last_trade_price": ""}, {"market": "0xe579dc7f8185033fe0309cbaa24f5475aed2ffa9c6feb5e135d5ccff534ed716", "asset_id": "14982814521569915161447743201893653233722482039238542754884072142033283214800", "timestamp": "1769366223479", "hash": "60724eb6a50a1f37a315f72afc7c92d0e2ca61a2", "bids": [{"price": "0.01", "size": "368.52"}, {"price": "0.02", "size": "207.75"}, {"price": "0.03", "size": "199.87"}, {"price": "0.04", "size": "50"}], "asks": [{"price": "0.99", "size": "192.95"}, {"price": "0.98", "size": "40.15"}, {"price": "0.97", "size": "100"}, {"price": "0.96", "size": "46.38"}, {"price": "0.95", "size": "77.17"}, {"price": "0.94", "size": "33"}], "event_type": "book", "last_trade_price": ""}, {"market": "0x2a55f37320ccebbc1e86d3e3184637eb992f0568c3f39a9cc8d652bdb4250b74", "asset_id": "32893423763873903686070926194687387864093289981520277593806493538905157696002", "timestamp": "1769366230322", "hash": "6855dd396740dc658e24e1b169d305599b07ffdb", "bids": [{"price": "0.01", "size": "368.52"}, {"price": "0.02", "size": "132.75"}, {"price": "0.03", "size": "260.87"}, {"price": "0.04", "size": "50"}], "asks": [{"price": "0.99", "size": "192.95"}, {"price": "0.98", "size": "40.15"}, {"price": "0.97", "size": "100"}, {"price": "0.96", "size": "46.38"}, {"price": "0.95", "size": "77.17"}, {"price": "0.94", "size": "33"}], "event_type": "book", "last_trade_price": ""}, {"market": "0x3a9e17dbb5baae82b526dfab34d4ea62555f4fad7a7914e1c3d5687ab86ee02d", "asset_id": "12671547171471993598642624126725307799515773802221268397886398640460276612803", "timestamp": "1769383913010", "hash": "5c0abe93fcd75074715ed78df5fd2c61f0b2db1b", "bids": [{"price": "0.01", "size": "192.95"}, {"price": "0.02", "size": "40.15"}, {"price": "0.03", "size": "190"}, {"price": "0.04", "size": "59.38"}, {"price": "0.05", "size": "37.17"}, {"price": "0.06", "size": "33"}], "asks": [{"price": "0.99", "size": "374.59"}, {"price": "0.98", "size": "136.44"}, {"price": "0.97", "size": "255.99"}, {"price": "0.96", "size": "50"}], "event_type": "book", "last_trade_price": ""}, {"market": "0x01eb34f567610559fda5ae4d95c5b3491896c68392d64650fb3b43318d15ac27", "asset_id": "9433112277549858316597166062223926904899061057322333611652835192170927800116", "timestamp": "1769383915436", "hash": "b2f667ad06145451d3d1c76dbeab89761d9534e4", "bids": [{"price": "0.01", "size": "192.95"}, {"price": "0.02", "size": "40.15"}, {"price": "0.03", "size": "100"}, {"price": "0.04", "size": "46.38"}, {"price": "0.05", "size": "77.17"}, {"price": "0.06", "size": "33"}], "asks": [{"price": "0.99", "size": "397.99"}, {"price": "0.98", "size": "150.48"}, {"price": "0.97", "size": "255.99"}, {"price": "0.96", "size": "50"}], "event_type": "book", "last_trade_price": ""}, {"market": "0x7108caede289f309d9750bb91ee37d629b14037841de55dde4234d8ac134e77a", "asset_id": "95601758105298746773655689719228087686149032852735843806235932273474680995161", "timestamp": "1769383978451", "hash": "b0815635a4cb1082840b31a24460a100a674d8f6", "bids": [{"price": "0.01", "size": "192.95"}, {"price": "0.02", "size": "40.15"}, {"price": "0.03", "size": "190"}, {"price": "0.04", "size": "59.38"}, {"price": "0.05", "size": "37.17"}, {"price": "0.06", "size": "33"}], "asks": [{"price": "0.99", "size": "374.46"}, {"price": "0.98", "size": "136.49"}, {"price": "0.97", "size": "256"}, {"price": "0.96", "size": "50"}, {"price": "0.95", "size": "23.99"}], "event_type": "book", "last_trade_price": ""}, {"market": "0x2a55f37320ccebbc1e86d3e3184637eb992f0568c3f39a9cc8d652bdb4250b74", "asset_id": "92622388998114441753724319934984275672290415201008832145626976922214414466801", "timestamp": "1769366230322", "hash": "a368fac98334ead27bdd4321482d485739522765", "bids": [{"price": "0.01", "size": "192.95"}, {"price": "0.02", "size": "40.15"}, {"price": "0.03", "size": "100"}, {"price": "0.04", "size": "46.38"}, {"price": "0.05", "size": "77.17"}, {"price": "0.06", "size": "33"}], "asks": [{"price": "0.99", "size": "368.52"}, {"price": "0.98", "size": "132.75"}, {"price": "0.97", "size": "260.87"}, {"price": "0.96", "size": "50"}], "event_type": "book", "last_trade_price": ""}, {"market": "0x413937a994f88f497cd0591585faeb68ac315514a7a1cfd6c81b5bd7c4e9b16b", "asset_id": "112826308527890942076291395567706747026102852024163361352400391617267421790459", "timestamp": "1769383912695", "hash": "a253034a79c3a77b7deeadc64827239192f2abae", "bids": [{"price": "0.01", "size": "375.02"}, {"price": "0.02", "size": "136.21"}, {"price": "0.03", "size": "256"}, {"price": "0.04", "size": "50"}], "asks": [{"price": "0.99", "size": "192.95"}, {"price": "0.98", "size": "40.15"}, {"price": "0.97", "size": "100"}, {"price": "0.96", "size": "46.38"}, {"price": "0.95", "size": "77.17"}, {"price": "0.94", "size": "33"}], "event_type": "book", "last_trade_price": ""}, {"market": "0x7108caede289f309d9750bb91ee37d629b14037841de55dde4234d8ac134e77a", "asset_id": "53442756491000423966535740086609348114786495670967874327581038512882394501730", "timestamp": "1769383978451", "hash": "3fedee892d6a132ff8a12a9ab705d1fb0d42d30c", "bids": [{"price": "0.01", "size": "374.46"}, {"price": "0.02", "size": "136.49"}, {"price": "0.03", "size": "256"}, {"price": "0.04", "size": "50"}, {"price": "0.05", "size": "23.99"}], "asks": [{"price": "0.99", "size": "192.95"}, {"price": "0.98", "size": "40.15"}, {"price": "0.97", "size": "190"}, {"price": "0.96", "size": "59.38"}, {"price": "0.95", "size": "37.17"}, {"price": "0.94", "size": "33"}], "event_type": "book", "last_trade_price": ""}, {"market": "0x3a9e17dbb5baae82b526dfab34d4ea62555f4fad7a7914e1c3d5687ab86ee02d", "asset_id": "87498758405830308146893832789371000995317693153555143975940189877364175333794", "timestamp": "1769383913010", "hash": "285f650cc89e4151f29b5304775284111ed0f57a", "bids": [{"price": "0.01", "size": "374.59"}, {"price": "0.02", "size": "136.44"}, {"price": "0.03", "size": "255.99"}, {"price": "0.04", "size": "50"}], "asks": [{"price": "0.99", "size": "192.95"}, {"price": "0.98", "size": "40.15"}, {"price": "0.97", "size": "190"}, {"price": "0.96", "size": "59.38"}, {"price": "0.95", "size": "37.17"}, {"price": "0.94", "size": "33"}], "event_type": "book", "last_trade_price": ""}, {"market": "0x35632f123dcf700d1998313e2bb870750364786bd574b4d15c2d765cd09476a2", "asset_id": "41617941198633984725979029552846343155292114735440655155056931520565940387138", "timestamp": "1769366216059", "hash": "078fb532c91a5a96cb0ff041e44ab735b216baaa", "bids": [{"price": "0.01", "size": "368.52"}, {"price": "0.02", "size": "132.75"}, {"price": "0.03", "size": "260.87"}, {"price": "0.04", "size": "50"}], "asks": [{"price": "0.99", "size": "192.95"}, {"price": "0.98", "size": "40.15"}, {"price": "0.97", "size": "190"}, {"price": "0.96", "size": "59.38"}, {"price": "0.95", "size": "37.17"}, {"price": "0.94", "size": "33"}], "event_type": "book", "last_trade_price": ""}, {"market": "0xb61b5a209b3f92e8f187112334c2b0ed68137d9006df21264b0b39576a102ae8", "asset_id": "104137875859218382836620889216890096516401016156627752138490051674861812382950", "timestamp": "1769366217424", "hash": "ae616d80b8899d8b702ac5bb72e3c879f04d2d7b", "bids": [{"price": "0.01", "size": "192.95"}, {"price": "0.02", "size": "40.15"}, {"price": "0.03", "size": "190"}, {"price": "0.04", "size": "59.38"}, {"price": "0.05", "size": "37.17"}, {"price": "0.06", "size": "33"}], "asks": [{"price": "0.99", "size": "368.52"}, {"price": "0.98", "size": "207.75"}, {"price": "0.97", "size": "199.87"}, {"price": "0.96", "size": "50"}], "event_type": "book", "last_trade_price": ""}, {"market": "0x5fb05d410438dc807ed2e160d5f45005b49596d50e21042fbec733726a90ffc0", "asset_id": "24584731485293309007635235099860379034554595887021134637033058275504690872225", "timestamp": "1769366226225", "hash": "2785c755578769a225daaca6f8e645455bb7adf6", "bids": [{"price": "0.01", "size": "368.52"}, {"price": "0.02", "size": "207.75"}, {"price": "0.03", "size": "199.87"}, {"price": "0.04", "size": "50"}], "asks": [{"price": "0.99", "size": "192.95"}, {"price": "0.98", "size": "40.15"}, {"price": "0.97", "size": "100"}, {"price": "0.96", "size": "46.38"}, {"price": "0.95", "size": "77.17"}, {"price": "0.94", "size": "33"}], "event_type": "book", "last_trade_price": ""}, {"market": "0xb61b5a209b3f92e8f187112334c2b0ed68137d9006df21264b0b39576a102ae8", "asset_id": "71471714536475406209383221841670599807187058922464564286594722975556721385415", "timestamp": "1769366217424", "hash": "1ec723457ae81740e395da50ca0ff30298256777", "bids": [{"price": "0.01", "size": "368.52"}, {"price": "0.02", "size": "207.75"}, {"price": "0.03", "size": "199.87"}, {"price": "0.04", "size": "50"}], "asks": [{"price": "0.99", "size": "192.95"}, {"price": "0.98", "size": "40.15"}, {"price": "0.97", "size": "190"}, {"price": "0.96", "size": "59.38"}, {"price": "0.95", "size": "37.17"}, {"price": "0.94", "size": "33"}], "event_type": "book", "last_trade_price": ""}, {"market": "0x6a219b5ae8cac894c720b505a86861be016072c5f7d513934154b4c59641ef07", "asset_id": "23707844575343244651581420676438541875187738855808793955460886111425353756994", "timestamp": "1769366220812", "hash": "326ccdad920bd59c98ee0f14584f08363f49eebc", "bids": [{"price": "0.01", "size": "192.95"}, {"price": "0.02", "size": "40.15"}, {"price": "0.03", "size": "195"}, {"price": "0.04", "size": "59.38"}, {"price": "0.05", "size": "37.17"}, {"price": "0.06", "size": "33"}], "asks": [{"price": "0.99", "size": "368.52"}, {"price": "0.98", "size": "132.75"}, {"price": "0.97", "size": "260.87"}, {"price": "0.96", "size": "50"}], "event_type": "book", "last_trade_price": ""}, {"market": "0x413937a994f88f497cd0591585faeb68ac315514a7a1cfd6c81b5bd7c4e9b16b", "asset_id": "28533444223174418281335033229462337471756372892844389810571002900528056412675", "timestamp": "1769383912695", "hash": "0447443e604694144851ee46eb8dc7ea15e419b4", "bids": [{"price": "0.01", "size": "192.95"}, {"price": "0.02", "size": "40.15"}, {"price": "0.03", "size": "100"}, {"price": "0.04", "size": "46.38"}, {"price": "0.05", "size": "77.17"}, {"price": "0.06", "size": "33"}], "asks": [{"price": "0.99", "size": "375.02"}, {"price": "0.98", "size": "136.21"}, {"price": "0.97", "size": "256"}, {"price": "0.96", "size": "50"}], "event_type": "book", "last_trade_price": ""}, {"market": "0x6b2c35c68b472c1286a88b0aee8a317334b3de9d8aeac7a6a554ce9a95cd8aa7", "asset_id": "81320858037745001723082830229494932653842638163762676691480475097803998587282", "timestamp": "1769383912695", "hash": "b28849a44166937bed2e4ab178e5063351d4f649", "bids": [{"price": "0.01", "size": "192.95"}, {"price": "0.02", "size": "40.15"}, {"price": "0.03", "size": "190"}, {"price": "0.04", "size": "59.38"}, {"price": "0.05", "size": "37.17"}, {"price": "0.06", "size": "33"}], "asks": [{"price": "0.99", "size": "374.6"}, {"price": "0.98", "size": "136.44"}, {"price": "0.97", "size": "255.99"}, {"price": "0.96", "size": "50"}], "event_type": "book", "last_trade_price": ""}, {"market": "0x35632f123dcf700d1998313e2bb870750364786bd574b4d15c2d765cd09476a2", "asset_id": "75976187976379501182048972519469118507406875636523162798037333122558094015136", "timestamp": "1769366216059", "hash": "2159be928a8ffc113be9b7f815f81955956fa577", "bids": [{"price": "0.01", "size": "192.95"}, {"price": "0.02", "size": "40.15"}, {"price": "0.03", "size": "190"}, {"price": "0.04", "size": "59.38"}, {"price": "0.05", "size": "37.17"}, {"price": "0.06", "size": "33"}], "asks": [{"price": "0.99", "size": "368.52"}, {"price": "0.98", "size": "132.75"}, {"price": "0.97", "size": "260.87"}, {"price": "0.96", "size": "50"}], "event_type": "book", "last_trade_price": ""}, {"market": "0x6a219b5ae8cac894c720b505a86861be016072c5f7d513934154b4c59641ef07", "asset_id": "62942027435221102128457873340562968099338143052799489679947094121487910657000", "timestamp": "1769366220812", "hash": "ef9ea7193a1feab2550506d85268437dccaa36fe", "bids": [{"price": "0.01", "size": "368.52"}, {"price": "0.02", "size": "132.75"}, {"price": "0.03", "size": "260.87"}, {"price": "0.04", "size": "50"}], "asks": [{"price": "0.99", "size": "192.95"}, {"price": "0.98", "size": "40.15"}, {"price": "0.97", "size": "195"}, {"price": "0.96", "size": "59.38"}, {"price": "0.95", "size": "37.17"}, {"price": "0.94", "size": "33"}], "event_type": "book", "last_trade_price": ""}, {"market": "0x1e9ee1651580f55851d9da849cab29692ec8ee9a9ac0f23e8695fe2b56cbb320", "asset_id": "88750707320999484541536021618049371652890514126029931663926737514072152988433", "timestamp": "1769366214738", "hash": "155b442a25b3104c3548ccbaf798d3cba10773af", "bids": [{"price": "0.01", "size": "368.52"}, {"price": "0.02", "size": "132.75"}, {"price": "0.03", "size": "260.87"}, {"price": "0.04", "size": "50"}], "asks": [{"price": "0.99", "size": "192.95"}, {"price": "0.98", "size": "40.15"}, {"price": "0.97", "size": "190"}, {"price": "0.96", "size": "59.38"}, {"price": "0.95", "size": "37.17"}, {"price": "0.94", "size": "33"}], "event_type": "book", "last_trade_price": ""}, {"market": "0xe579dc7f8185033fe0309cbaa24f5475aed2ffa9c6feb5e135d5ccff534ed716", "asset_id": "99733361105955618554026524319852544206337504887435873336055653531255419999761", "timestamp": "1769366223479", "hash": "27c4b9777670b6e3fb8a2e7f5e3bbe2d0fad9ebe", "bids": [{"price": "0.01", "size": "192.95"}, {"price": "0.02", "size": "40.15"}, {"price": "0.03", "size": "100"}, {"price": "0.04", "size": "46.38"}, {"price": "0.05", "size": "77.17"}, {"price": "0.06", "size": "33"}], "asks": [{"price": "0.99", "size": "368.52"}, {"price": "0.98", "size": "207.75"}, {"price": "0.97", "size": "199.87"}, {"price": "0.96", "size": "50"}], "event_type": "book", "last_trade_price": ""}, {"market": "0x6b2c35c68b472c1286a88b0aee8a317334b3de9d8aeac7a6a554ce9a95cd8aa7", "asset_id": "87302179081783984181691608899505982272395606346919674297475406972324636484806", "timestamp": "1769383912695", "hash": "0a171e7c763e68f09ffb4dcdac11c3e5b03be2ba", "bids": [{"price": "0.01", "size": "374.6"}, {"price": "0.02", "size": "136.44"}, {"price": "0.03", "size": "255.99"}, {"price": "0.04", "size": "50"}], "asks": [{"price": "0.99", "size": "192.95"}, {"price": "0.98", "size": "40.15"}, {"price": "0.97", "size": "190"}, {"price": "0.96", "size": "59.38"}, {"price": "0.95", "size": "37.17"}, {"price": "0.94", "size": "33"}], "event_type": "book", "last_trade_price": ""}, {"market": "0x29b069d5996d01462da32983c04c55c6f902aaeb6296b36be779a42839eae683", "asset_id": "31672689425130251750074954012317697278792373553054137130418730105206276494733", "timestamp": "1769383978555", "hash": "a683928203f9c25fdb80a0d68043466ca6800b30", "bids": [{"price": "0.01", "size": "192.95"}, {"price": "0.02", "size": "40.15"}, {"price": "0.03", "size": "100"}, {"price": "0.04", "size": "46.38"}, {"price": "0.05", "size": "77.17"}, {"price": "0.06", "size": "33"}], "asks": [{"price": "0.99", "size": "375.02"}, {"price": "0.98", "size": "136.21"}, {"price": "0.97", "size": "256"}, {"price": "0.96", "size": "50"}, {"price": "0.95", "size": "23.99"}], "event_type": "book", "last_trade_price": ""}]}
{"_local_timestamp": "2026-01-25T23:34:33.968288+00:00", "data": {"market": "0x7108caede289f309d9750bb91ee37d629b14037841de55dde4234d8ac134e77a", "price_changes": [{"asset_id": "53442756491000423966535740086609348114786495670967874327581038512882394501730", "price": "0.05", "size": "0", "side": "BUY", "hash": "79c4e0138eaf7394f1cb69742a280c9e53cf7cc3", "best_bid": "0.04", "best_ask": "0.94"}, {"asset_id": "95601758105298746773655689719228087686149032852735843806235932273474680995161", "price": "0.95", "size": "0", "side": "SELL", "hash": "17e47789153310954639ea4dadeacc2461d7b07a", "best_bid": "0.06", "best_ask": "0.96"}], "timestamp": "1769384073891", "event_type": "price_change"}}
