{"_local_timestamp": "2026-01-25T23:34:23.870815+00:00", "data": [{"market": "0x4cf3b8f48636151c6c659a417656314485ce8e95552dca960ac983c043b46a20", "asset_id": "70248363113600276777809924706693735650296251658170609611549724319498778503054", "timestamp": "1769383946922", "hash": "9ff5e38dbd4f06c33c43a4ce6ed1bcfff73707ff", "bids": [{"price": "0.01", "size": "314.58"}, {"price": "0.02", "size": "113.63"}, {"price": "0.03", "size": "49"}, {"price": "0.04", "size": "14.48"}, {"price": "0.06", "size": "33"}, {"price": "0.07", "size": "185.71"}, {"price": "0.08", "size": "160.75"}, {"price": "0.09", "size": "10.64"}, {"price": "0.49", "size": "100"}], "asks": [{"price": "0.99", "size": "602.53"}, {"price": "0.98", "size": "23.92"}, {"price": "0.97", "size": "89.4"}, {"price": "0.96", "size": "98.47"}, {"price": "0.95", "size": "40"}], "event_type": "book", "last_trade_price": ""}, {"market": "0x4cf3b8f48636151c6c659a417656314485ce8e95552dca960ac983c043b46a20", "asset_id": "22775788595354641873930585358775838540087884111814366918370583719862832626554", "timestamp": "1769383946922", "hash": "2b640862bf3e065130356dca72b742093d978fcc", "bids": [{"price": "0.01", "size": "602.53"}, {"price": "0.02", "size": "23.92"}, {"price": "0.03", "size": "89.4"}, {"price": "0.04", "size": "98.47"}, {"price": "0.05", "size": "40"}], "asks": [{"price": "0.99", "size": "314.58"}, {"price": "0.98", "size": "113.63"}, {"price": "0.97", "size": "49"}, {"price": "0.96", "size": "14.48"}, {"price": "0.94", "size": "33"}, {"price": "0.93", "size": "185.71"}, {"price": "0.92", "size": "160.75"}, {"price": "0.91", "size": "10.64"}, {"price": "0.51", "size": "100"}], "event_type": "book", "last_trade_price": ""}, {"market": "0x4d5ab4daed76051bf3ee02f01514a7b0dd1cf209e446672308f46727fa99ed7b", "asset_id": "64977119743751479076413254514305944999304843897903862249385888826938967230411", "timestamp": "1769384030321", "hash": "dc679638553edf9ea07d23b8f979ff69318c74ea", "bids": [{"price": "0.01", "size": "192.95"}, {"price": "0.02", "size": "116.52"}, {"price": "0.03", "size": "25.58"}, {"price": "0.04", "size": "37"}, {"price": "0.05", "size": "77.17"}, {"price": "0.06", "size": "33"}], "asks": [{"price": "0.99", "size": "351.19"}, {"price": "0.98", "size": "122.4"}, {"price": "0.97", "size": "127"}, {"price": "0.96", "size": "62.86"}, {"price": "0.95", "size": "23.99"}], "event_type": "book", "last_trade_price": ""}, {"market": "0x72913ac47e9487e373c7bdd3c75d449f427c895d28e7ad98429b782f228ed9f6", "asset_id": "34939683052114025348559418551897037065239214079285580030139209044392487893523", "timestamp": "1769384031522", "hash": "0994590ba194b6384ebd62ae9eca63711c56eec5", "bids": [{"price": "0.01", "size": "372.67"}, {"price": "0.02", "size": "137.38"}, {"price": "0.03", "size": "127"}, {"price": "0.04", "size": "50"}], "asks": [{"price": "0.99", "size": "192.95"}, {"price": "0.98", "size": "116.52"}, {"price": "0.97", "size": "25.58"}, {"price": "0.96", "size": "37"}, {"price": "0.95", "size": "77.17"}, {"price": "0.94", "size": "33"}], "event_type": "book", "last_trade_price": ""}, {"market": "0x3490799a5410bb29c6fbef53026fa193214a2afb437c64db07725cc9be49125f", "asset_id": "76710204119309871796800118285480788957801563005622626092382674695414134664095", "timestamp": "1769384030321", "hash": "efb62ca29226bb0a2a0acff476751f2353651a17", "bids": [{"price": "0.01", "size": "202.53"}, {"price": "0.02", "size": "49.11"}, {"price": "0.03", "size": "73"}, {"price": "0.04", "size": "98.47"}, {"price": "0.05", "size": "40"}], "asks": [{"price": "0.99", "size": "351.19"}, {"price": "0.98", "size": "122.4"}, {"price": "0.97", "size": "127"}, {"price": "0.96", "size": "62.86"}, {"price": "0.95", "size": "23.99"}], "event_type": "book", "last_trade_price": ""}, {"market": "0x5903552c93f25242889e4fcb9ae10c825b25b49545c6748374a2785b748dd6b5", "asset_id": "79718653894676894533907324775408359727997958419392190740808568815546325080747", "timestamp": "1769384029396", "hash": "ef90917e6abb98bd88149651a8ee5f8d06d9a50f", "bids": [{"price": "0.01", "size": "371.48"}, {"price": "0.02", "size": "138"}, {"price": "0.03", "size": "176.99"}, {"price": "0.04", "size": "50"}], "asks": [{"price": "0.99", "size": "192.95"}, {"price": "0.98", "size": "116.53"}, {"price": "0.97", "size": "25.59"}, {"price": "0.96", "size": "37"}, {"price": "0.95", "size": "77.17"}, {"price": "0.94", "size": "33"}], "event_type": "book", "last_trade_price": ""}, {"market": "0x5903552c93f25242889e4fcb9ae10c825b25b49545c6748374a2785b748dd6b5", "asset_id": "24200433337500189904614360181295632115125818761562840923816489007094730101546", "timestamp": "1769384029396", "hash": "7e5415a0f76b3564c37952af9c14472a08a53c34", "bids": [{"price": "0.01", "size": "192.95"}, {"price": "0.02", "size": "116.53"}, {"price": "0.03", "size": "25.59"}, {"price": "0.04", "size": "37"}, {"price": "0.05", "size": "77.17"}, {"price": "0.06", "size": "33"}], "asks": [{"price": "0.99", "size": "371.48"}, {"price": "0.98", "size": "138"}, {"price": "0.97", "size": "176.99"}, {"price": "0.96", "size": "50"}], "event_type": "book", "last_trade_price": ""}, {"market": "0x72913ac47e9487e373c7bdd3c75d449f427c895d28e7ad98429b782f228ed9f6", "asset_id": "48206729222725636518616980976537499288859343356285093327903485282270033674835", "timestamp": "1769384031522", "hash": "44c29950dc0fe7b30809bdd47a62afc0a9bd082a", "bids": [{"price": "0.01", "size": "192.95"}, {"price": "0.02", "size": "116.52"}, {"price": "0.03", "size": "25.58"}, {"price": "0.04", "size": "37"}, {"price": "0.05", "size": "77.17"}, {"price": "0.06", "size": "33"}], "asks": [{"price": "0.99", "size": "372.67"}, {"price": "0.98", "size": "137.38"}, {"price": "0.97", "size": "127"}, {"price": "0.96", "size": "50"}], "event_type": "book", "last_trade_price": ""}, {"market": "0x760450ed072072950ad3470e598cb9219ea12fcd340d8ab3d81625c1ef5ab855", "asset_id": "80305733120548314778978141872229842731421696388377738883745422592601077397733", "timestamp": "1769367235414", "hash": "11fa76755c0d3d801b3886610c49f5b7cba7ccb0", "bids": [{"price": "0.01", "size": "368.52"}, {"price": "0.02", "size": "207.75"}, {"price": "0.03", "size": "123.87"}, {"price": "0.04", "size": "50"}], "asks": [{"price": "0.99", "size": "192.95"}, {"price": "0.98", "size": "116.52"}, {"price": "0.97", "size": "25.58"}, {"price": "0.96", "size": "37"}, {"price": "0.95", "size": "77.17"}, {"price": "0.94", "size": "33"}], "event_type": "book", "last_trade_price": ""}, {"market": "0xdda19e2d523cee50e256591e0c6e99ddd78b9440c2029ccb2a3f78a29637d1cc", "asset_id": "48603915681148539667206121269083576280338458496946767293661365090494240010836", "timestamp": "1769384029396", "hash": "c45ed634538ebd9b6ea4d74647ab60169626f76a", "bids": [{"price": "0.01", "size": "192.95"}, {"price": "0.02", "size": "116.52"}, {"price": "0.03", "size": "25.58"}, {"price": "0.04", "size": "37"}, {"price": "0.05", "size": "77.17"}, {"price": "0.06", "size": "33"}], "asks": [{"price": "0.99", "size": "374.57"}, {"price": "0.98", "size": "136.44"}, {"price": "0.97", "size": "127"}, {"price": "0.96", "size": "50"}], "event_type": "book", "last_trade_price": ""}, {"market": "0x75f698df86b684d057ed5a74096e20ae1d05f01730d10c8077fa6fe7c0abd1f7", "asset_id": "42131737972221489611902151655767849034970622713625995147721200304331559882837", "timestamp": "1769384033302", "hash": "33200a762cea10f25a15fa5c05d6a1bc40bb4370", "bids": [{"price": "0.01", "size": "411.94"}, {"price": "0.02", "size": "132.97"}, {"price": "0.03", "size": "256"}, {"price": "0.04", "size": "50"}], "asks": [{"price": "0.99", "size": "192.95"}, {"price": "0.98", "size": "40.15"}, {"price": "0.97", "size": "100"}, {"price": "0.96", "size": "46.38"}, {"price": "0.95", "size": "77.17"}, {"price": "0.94", "size": "33"}], "event_type": "book", "last_trade_price": ""}, {"market": "0x4f51cbd55982f0e6bdb69c0612dc85bb2d11783a4663b31ac0dd80bb2386867a", "asset_id": "23967623108365929363857573796782223208657874286115477177189424653191360936956", "timestamp": "1769366717207", "hash": "5733b81b36e3cf110d329db3a28425f555981d96", "bids": [{"price": "0.01", "size": "202.53"}, {"price": "0.02", "size": "49.11"}, {"price": "0.03", "size": "73"}, {"price": "0.04", "size": "98.47"}, {"price": "0.05", "size": "40"}], "asks": [{"price": "0.99", "size": "368.52"}, {"price": "0.98", "size": "132.75"}, {"price": "0.97", "size": "135.87"}, {"price": "0.96", "size": "50"}], "event_type": "book", "last_trade_price": ""}, {"market": "0x75f698df86b684d057ed5a74096e20ae1d05f01730d10c8077fa6fe7c0abd1f7", "asset_id": "114331062311292846978851596896747073179936548520522022623301293531678869531022", "timestamp": "1769384033302", "hash": "22d282e25d10cf5a7337d9f2d5dbd562475c52aa", "bids": [{"price": "0.01", "size": "192.95"}, {"price": "0.02", "size": "40.15"}, {"price": "0.03", "size": "100"}, {"price": "0.04", "size": "46.38"}, {"price": "0.05", "size": "77.17"}, {"price": "0.06", "size": "33"}], "asks": [{"price": "0.99", "size": "411.94"}, {"price": "0.98", "size": "132.97"}, {"price": "0.97", "size": "256"}, {"price": "0.96", "size": "50"}], "event_type": "book", "last_trade_price": ""}, {"market": "0x760450ed072072950ad3470e598cb9219ea12fcd340d8ab3d81625c1ef5ab855", "asset_id": "90430096709115040486089618759265761837260336828718449845240175911665583118614", "timestamp": "1769367235414", "hash": "b44ee31b57309b9c26f6700a086a8417439fc533", "bids": [{"price": "0.01", "size": "192.95"}, {"price": "0.02", "size": "116.52"}, {"price": "0.03", "size": "25.58"}, {"price": "0.04", "size": "37"}, {"price": "0.05", "size": "77.17"}, {"price": "0.06", "size": "33"}], "asks": [{"price": "0.99", "size": "368.52"}, {"price": "0.98", "size": "207.75"}, {"price": "0.97", "size": "123.87"}, {"price": "0.96", "size": "50"}], "event_type": "book", "last_trade_price": ""}, {"market": "0xbbe48953b70ef0c7dd9c140fd5d726aa753592c8dc4bc8154edfba260ac1a493", "asset_id": "108334436755899942772354212328236268814998914276432007928799478317932737595698", "timestamp": "1769383978421", "hash": "f049c46dcebb862d4ed7f4d49dea73ec47c57440", "bids": [{"price": "0.001", "size": "1200.57"}, {"price": "0.002", "size": "65.96"}, {"price": "0.003", "size": "62.53"}, {"price": "0.01", "size": "150"}, {"price": "0.011", "size": "23.74"}, {"price": "0.012", "size": "60.32"}, {"price": "0.04", "size": "37"}, {"price": "0.041", "size": "7.3"}, {"price": "0.05", "size": "91"}, {"price": "0.051", "size": "6.16"}, {"price": "0.06", "size": "33"}, {"price": "0.065", "size": "23.21"}, {"price": "0.066", "size": "13.5"}], "asks": [{"price": "0.999", "size": "1185.91"}, {"price": "0.998", "size": "117.39"}, {"price": "0.99", "size": "380"}, {"price": "0.988", "size": "95"}, {"price": "0.987", "size": "12.57"}, {"price": "0.98", "size": "100"}, {"price": "0.979", "size": "8.91"}, {"price": "0.97", "size": "47.01"}], "event_type": "book", "last_trade_price": "0.030"}, {"market": "0xe47f66723c433c09bc9ec2d2ea2a5577efaa281a9c7fa2a02e29e46e8617455c", "asset_id": "10924975248719655384735586367836871238318706266961692871371587288099481430060", "timestamp": "1769383913455", "hash": "03ceb539e2fe25d899554e061885a2cbe021ed86", "bids": [{"price": "0.01", "size": "373.61"}, {"price": "0.02", "size": "135.67"}, {"price": "0.03", "size": "127.83"}, {"price": "0.04", "size": "50"}], "asks": [{"price": "0.99", "size": "192.95"}, {"price": "0.98", "size": "116.52"}, {"price": "0.97", "size": "25.58"}, {"price": "0.96", "size": "37"}, {"price": "0.95", "size": "77.17"}, {"price": "0.94", "size": "33"}], "event_type": "book", "last_trade_price": ""}, {"market": "0x21784eda884f4b72bf2ccfa8a48ae3b4b7abab9f2725151d0dcefda6bc949415", "asset_id": "96996973627595055861898167859156458353370490929012683601488856316735510831713", "timestamp": "1769366717849", "hash": "8be616c8bf4d2793ca40c14af7931efdf5c8c90f", "bids": [{"price": "0.01", "size": "202.53"}, {"price": "0.02", "size": "49.11"}, {"price": "0.03", "size": "73"}, {"price": "0.04", "size": "98.47"}, {"price": "0.05", "size": "40"}], "asks": [{"price": "0.99", "size": "368.52"}, {"price": "0.98", "size": "132.75"}, {"price": "0.97", "size": "135.87"}, {"price": "0.96", "size": "50"}], "event_type": "book", "last_trade_price": ""}, {"market": "0x3490799a5410bb29c6fbef53026fa193214a2afb437c64db07725cc9be49125f", "asset_id": "67031091858437583467974405322663967470183816364263691797590816556320452229931", "timestamp": "1769384030321", "hash": "b251b51e29e40ac1b12165cd5cdd12794c9f8021", "bids": [{"price": "0.01", "size": "351.19"}, {"price": "0.02", "size": "122.4"}, {"price": "0.03", "size": "127"}, {"price": "0.04", "size": "62.86"}, {"price": "0.05", "size": "23.99"}], "asks": [{"price": "0.99", "size": "202.53"}, {"price": "0.98", "size": "49.11"}, {"price": "0.97", "size": "73"}, {"price": "0.96", "size": "98.47"}, {"price": "0.95", "size": "40"}], "event_type": "book", "last_trade_price": ""}, {"market": "0x4d5ab4daed76051bf3ee02f01514a7b0dd1cf209e446672308f46727fa99ed7b", "asset_id": "65219862074796891702778150924797114915736044277781321343167871067389344001869", "timestamp": "1769384030321", "hash": "54238c572420e19886d8b870085cea50f23b7880", "bids": [{"price": "0.01", "size": "351.19"}, {"price": "0.02", "size": "122.4"}, {"price": "0.03", "size": "127"}, {"price": "0.04", "size": "62.86"}, {"price": "0.05", "size": "23.99"}], "asks": [{"price": "0.99", "size": "192.95"}, {"price": "0.98", "size": "116.52"}, {"price": "0.97", "size": "25.58"}, {"price": "0.96", "size": "37"}, {"price": "0.95", "size": "77.17"}, {"price": "0.94", "size": "33"}], "event_type": "book", "last_trade_price": ""}, {"market": "0x6a16c04d74f489f01c50d017d292379214fa8664e7cdc1327f21d56b94e7cf18", "asset_id": "72213707699667856996227987224066897020326375270998125521415181982448568338462", "timestamp": "1769383978652", "hash": "984bf3a03ab2943271d57a69b5a63f9cbf0648af", "bids": [{"price": "0.01", "size": "374.41"}, {"price": "0.02", "size": "136.52"}, {"price": "0.03", "size": "127"}, {"price": "0.04", "size": "50"}, {"price": "0.05", "size": "23.99"}], "asks": [{"price": "0.99", "size": "192.95"}, {"price": "0.98", "size": "116.52"}, {"price": "0.97", "size": "25.58"}, {"price": "0.96", "size": "37"}, {"price": "0.95", "size": "77.17"}, {"price": "0.94", "size": "33"}], "event_type": "book", "last_trade_price": ""}, {"market": "0xe47f66723c433c09bc9ec2d2ea2a5577efaa281a9c7fa2a02e29e46e8617455c", "asset_id": "17150359220866358495700891590061756497422012093398179772063419422936219709814", "timestamp": "1769383913455", "hash": "7c250696b0db293c9ec18de65d16b27a4d9815a9", "bids": [{"price": "0.01", "size": "192.95"}, {"price": "0.02", "size": "116.52"}, {"price": "0.03", "size": "25.58"}, {"price": "0.04", "size": "37"}, {"price": "0.05", "size": "77.17"}, {"price": "0.06", "size": "33"}], "asks": [{"price": "0.99", "size": "373.61"}, {"price": "0.98", "size": "135.67"}, {"price": "0.97", "size": "127.83"}, {"price": "0.96", "size": "50"}], "event_type": "book", "last_trade_price": ""}, {"market": "0x6a16c04d74f489f01c50d017d292379214fa8664e7cdc1327f21d56b94e7cf18", "asset_id": "9174442456989766308113350783070996316737518838204270131721078506042323692269", "timestamp": "1769383978652", "hash": "671c944da0c2f189dfaa005f67908a06a7267f20", "bids": [{"price": "0.01", "size": "192.95"}, {"price": "0.02", "size": "116.52"}, {"price": "0.03", "size": "25.58"}, {"price": "0.04", "size": "37"}, {"price": "0.05", "size": "77.17"}, {"price": "0.06", "size": "33"}], "asks": [{"price": "0.99", "size": "374.41"}, {"price": "0.98", "size": "136.52"}, {"price": "0.97", "size": "127"}, {"price": "0.96", "size": "50"}, {"price": "0.95", "size": "23.99"}], "event_type": "book", "last_trade_price": ""}, {"market": "0x041471e77cf0cadfe0e90d3335bb0475b7c04f8adc2d08e03d231b3ab82600ff", "asset_id": "112720166655610236530070735785077595942080316046603525135802895217336453038121", "timestamp": "1769383913657", "hash": "8758eafe761919d0421a21977109ba76f4989465", "bids": [{"price": "0.01", "size": "192.77"}, {"price": "0.02", "size": "116.44"}, {"price": "0.03", "size": "25.48"}, {"price": "0.04", "size": "37"}, {"price": "0.05", "size": "77.14"}, {"price": "0.06", "size": "33"}], "asks": [{"price": "0.99", "size": "375.02"}, {"price": "0.98", "size": "136.21"}, {"price": "0.97", "size": "127"}, {"price": "0.96", "size": "50"}], "event_type": "book", "last_trade_price": ""}, {"market": "0x041471e77cf0cadfe0e90d3335bb0475b7c04f8adc2d08e03d231b3ab82600ff", "asset_id": "22287681533496661369362803479961919499507216529656180844350792721131954405285", "timestamp": "1769383913657", "hash": "63201f3238db04d59d1d027dd2c98ab1db9a805b", "bids": [{"price": "0.01", "size": "375.02"}, {"price": "0.02", "size": "136.21"}, {"price": "0.03", "size": "127"}, {"price": "0.04", "size": "50"}], "asks": [{"price": "0.99", "size": "192.77"}, {"price": "0.98", "size": "116.44"}, {"price": "0.97", "size": "25.48"}, {"price": "0.96", "size": "37"}, {"price": "0.95", "size": "77.14"}, {"price": "0.94", "size": "33"}], "event_type": "book", "last_trade_price": ""}, {"market": "0x4f51cbd55982f0e6bdb69c0612dc85bb2d11783a4663b31ac0dd80bb2386867a", "asset_id": "86169419073569582802998238969128589906132261345542245645731519627462506260274", "timestamp": "1769366717207", "hash": "e4cf1d3d58c6a42aa6b4fa9881eed0ff4b909ceb", "bids": [{"price": "0.01", "size": "368.52"}, {"price": "0.02", "size": "132.75"}, {"price": "0.03", "size": "135.87"}, {"price": "0.04", "size": "50"}], "asks": [{"price": "0.99", "size": "202.53"}, {"price": "0.98", "size": "49.11"}, {"price": "0.97", "size": "73"}, {"price": "0.96", "size": "98.47"}, {"price": "0.95", "size": "40"}], "event_type": "book", "last_trade_price": ""}, {"market": "0x21784eda884f4b72bf2ccfa8a48ae3b4b7abab9f2725151d0dcefda6bc949415", "asset_id": "15282677724083845764223616552068963664582062021609289432275737279470781564954", "timestamp": "1769366717849", "hash": "47837a62361c1c115ecb709a9471caf2e3fe45d4", "bids": [{"price": "0.01", "size": "368.52"}, {"price": "0.02", "size": "132.75"}, {"price": "0.03", "size": "135.87"}, {"price": "0.04", "size": "50"}], "asks": [{"price": "0.99", "size": "202.53"}, {"price": "0.98", "size": "49.11"}, {"price": "0.97", "size": "73"}, {"price": "0.96", "size": "98.47"}, {"price": "0.95", "size": "40"}], "event_type": "book", "last_trade_price": ""}, {"market": "0xbbe48953b70ef0c7dd9c140fd5d726aa753592c8dc4bc8154edfba260ac1a493", "asset_id": "109623631119753418566314935076361111079945475680502199511268072219931048214157", "timestamp": "1769383978421", "hash": "f649efebbfc0751ab78f3b149d2232a41ce16dc7", "bids": [{"price": "0.001", "size": "1185.91"}, {"price": "0.002", "size": "117.39"}, {"price": "0.01", "size": "380"}, {"price": "0.012", "size": "95"}, {"price": "0.013", "size": "12.57"}, {"price": "0.02", "size": "100"}, {"price": "0.021", "size": "8.91"}, {"price": "0.03", "size": "47.01"}], "asks": [{"price": "0.999", "size": "1200.57"}, {"price": "0.998", "size": "65.96"}, {"price": "0.997", "size": "62.53"}, {"price": "0.99", "size": "150"}, {"price": "0.989", "size": "23.74"}, {"price": "0.988", "size": "60.32"}, {"price": "0.96", "size": "37"}, {"price": "0.959", "size": "7.3"}, {"price": "0.95", "size": "91"}, {"price": "0.949", "size": "6.16"}, {"price": "0.94", "size": "33"}, {"price": "0.935", "size": "23.21"}, {"price": "0.934", "size": "13.5"}], "event_type": "book", "last_trade_price": "0.030"}, {"market": "0xdda19e2d523cee50e256591e0c6e99ddd78b9440c2029ccb2a3f78a29637d1cc", "asset_id": "86444503902741600863949200697950873205179167187099789180230893131728903185327", "timestamp": "1769384029396", "hash": "5e5e866a4d54535ea9387ca95f6a4a6bda0eab82", "bids": [{"price": "0.01", "size": "374.57"}, {"price": "0.02", "size": "136.44"}, {"price": "0.03", "size": "127"}, {"price": "0.04", "size": "50"}], "asks": [{"price": "0.99", "size": "192.95"}, {"price": "0.98", "size": "116.52"}, {"price": "0.97", "size": "25.58"}, {"price": "0.96", "size": "37"}, {"price": "0.95", "size": "77.17"}, {"price": "0.94", "size": "33"}], "event_type": "book", "last_trade_price": ""}]}
{"_local_timestamp": "2026-01-25T23:34:33.680102+00:00", "data": {"market": "0x3490799a5410bb29c6fbef53026fa193214a2afb437c64db07725cc9be49125f", "price_changes": [{"asset_id": "67031091858437583467974405322663967470183816364263691797590816556320452229931", "price": "0.05", "size": "0", "side": "BUY", "hash": "7e096a6432d19183b453ecc9639cf02da0142cf0", "best_bid": "0.04", "best_ask": "0.95"}, {"asset_id": "76710204119309871796800118285480788957801563005622626092382674695414134664095", "price": "0.95", "size": "0", "side": "SELL", "hash": "978f546b23f05555c20d990a67068fd519f0f37f", "best_bid": "0.05", "best_ask": "0.96"}], "timestamp": "1769384073594", "event_type": "price_change"}}
{"_local_timestamp": "2026-01-25T23:34:33.755524+00:00", "data": {"market": "0x6a16c04d74f489f01c50d017d292379214fa8664e7cdc1327f21d56b94e7cf18", "price_changes": [{"asset_id": "72213707699667856996227987224066897020326375270998125521415181982448568338462", "price": "0.05", "size": "0", "side": "BUY", "hash": "29fea69f70ce1c8075a419418ed10361c7124a38", "best_bid": "0.04", "best_ask": "0.94"}, {"asset_id": "9174442456989766308113350783070996316737518838204270131721078506042323692269", "price": "0.95", "size": "0", "side": "SELL", "hash": "a9eab68816290250775e885ee35a25001263341f", "best_bid": "0.06", "best_ask": "0.96"}], "timestamp": "1769384073687", "event_type": "price_change"}}
{"_local_timestamp": "2026-01-25T23:34:34.051539+00:00", "data": {"market": "0x4d5ab4daed76051bf3ee02f01514a7b0dd1cf209e446672308f46727fa99ed7b", "price_changes": [{"asset_id": "65219862074796891702778150924797114915736044277781321343167871067389344001869", "price": "0.05", "size": "0", "side": "BUY", "hash": "1a0a714f22e639c2c2049799bf6aeea44f771222", "best_bid": "0.04", "best_ask": "0.94"}, {"asset_id": "64977119743751479076413254514305944999304843897903862249385888826938967230411", "price": "0.95", "size": "0", "side": "SELL", "hash": "ce0df36ad6c35f072afca8440c064cc4ededd593", "best_bid": "0.06", "best_ask": "0.96"}], "timestamp": "1769384073982", "event_type": "price_change"}}
