{"_local_timestamp": "2026-01-25T23:40:59.970201+00:00", "data": [{"market": "0xd1b81e16e339910ccf0f32f661209d1b1b8bf9e7b4544b0549ea3a4152c4d823", "asset_id": "20688138443664652948666007911769513115384585373979761610429258474151963177570", "timestamp": "1769384270660", "hash": "c290cfdc3f7776e3671c4c9dee2ed14b32b21808", "bids": [{"price": "0.001", "size": "1675.56"}, {"price": "0.002", "size": "230.55"}, {"price": "0.003", "size": "444.9"}, {"price": "0.004", "size": "130.29"}, {"price": "0.006", "size": "54.66"}], "asks": [{"price": "0.999", "size": "4233.07"}, {"price": "0.998", "size": "70.33"}, {"price": "0.99", "size": "223"}, {"price": "0.989", "size": "49.38"}, {"price": "0.94", "size": "33"}, {"price": "0.939", "size": "32"}, {"price": "0.21", "size": "393.8"}, {"price": "0.19", "size": "23"}, {"price": "0.17", "size": "17"}, {"price": "0.163", "size": "22.1"}, {"price": "0.162", "size": "5.07"}, {"price": "0.159", "size": "10"}, {"price": "0.103", "size": "19.29"}, {"price": "0.101", "size": "11.36"}, {"price": "0.1", "size": "16.39"}, {"price": "0.061", "size": "0.4"}], "event_type": "book", "last_trade_price": "0.004"}, {"market": "0xf7adf0726a5fb5dc899171eece5f6147f13f7a0740568813e87f9e95b8c41cec", "asset_id": "67211021621793404881597066434938623751342708941908565143123241433570119599304", "timestamp": "1769384227994", "hash": "944ad5aa1d65dcd866356da86937304183aab370", "bids": [{"price": "0.001", "size": "1665.21"}, {"price": "0.002", "size": "403.58"}, {"price": "0.003", "size": "11.96"}, {"price": "0.007", "size": "100.01"}, {"price": "0.008", "size": "33.84"}], "asks": [{"price": "0.999", "size": "4114.05"}, {"price": "0.998", "size": "70.21"}, {"price": "0.99", "size": "173"}, {"price": "0.989", "size": "49.41"}, {"price": "0.95", "size": "30"}, {"price": "0.94", "size": "33"}, {"price": "0.939", "size": "32"}, {"price": "0.24", "size": "400"}, {"price": "0.238", "size": "30"}, {"price": "0.177", "size": "20"}, {"price": "0.134", "size": "24.35"}, {"price": "0.103", "size": "13"}, {"price": "0.02", "size": "115.34"}, {"price": "0.019", "size": "50"}], "event_type": "book", "last_trade_price": "0.008"}, {"market": "0x96692acae03ce1fa925951c628caa05cadaca99dd6cd06e6bf41e1296a31c5d6", "asset_id": "75966561768654787319743325692232123182038258640829059408341973756730651618640", "timestamp": "1769384425268", "hash": "b75782bcc0b17039856478fb96d925c0491594f2", "bids": [{"price": "0.001", "size": "4106.08"}, {"price": "0.002", "size": "70.33"}, {"price": "0.01", "size": "223"}, {"price": "0.011", "size": "49.38"}, {"price": "0.05", "size": "30"}, {"price": "0.06", "size": "66"}, {"price": "0.7", "size": "50"}, {"price": "0.86", "size": "5"}, {"price": "0.87", "size": "6.94"}, {"price": "0.9", "size": "100"}, {"price": "0.901", "size": "51.75"}, {"price": "0.903", "size": "1.41"}], "asks": [{"price": "0.999", "size": "1170.92"}, {"price": "0.998", "size": "663.48"}, {"price": "0.997", "size": "109.59"}], "event_type": "book", "last_trade_price": "0.903"}, {"market": "0xd1b81e16e339910ccf0f32f661209d1b1b8bf9e7b4544b0549ea3a4152c4d823", "asset_id": "56431156699758996248444003589381918029053732129805739793031966532730675199436", "timestamp": "1769384270660", "hash": "8603424c15203e9656a8fb8560ac283664cae6d1", "bids": [{"price": "0.001", "size": "4233.07"}, {"price": "0.002", "size": "70.33"}, {"price": "0.01", "size": "223"}, {"price": "0.011", "size": "49.38"}, {"price": "0.06", "size": "33"}, {"price": "0.061", "size": "32"}, {"price": "0.79", "size": "393.8"}, {"price": "0.81", "size": "23"}, {"price": "0.83", "size": "17"}, {"price": "0.837", "size": "22.1"}, {"price": "0.838", "size": "5.07"}, {"price": "0.841", "size": "10"}, {"price": "0.897", "size": "19.29"}, {"price": "0.899", "size": "11.36"}, {"price": "0.9", "size": "16.39"}, {"price": "0.939", "size": "0.4"}], "asks": [{"price": "0.999", "size": "1675.56"}, {"price": "0.998", "size": "230.55"}, {"price": "0.997", "size": "444.9"}, {"price": "0.996", "size": "130.29"}, {"price": "0.994", "size": "54.66"}], "event_type": "book", "last_trade_price": "0.004"}, {"market": "0x96692acae03ce1fa925951c628caa05cadaca99dd6cd06e6bf41e1296a31c5d6", "asset_id": "141897989331777398234248523720868895884419134718481852583319480736372240359", "timestamp": "1769384425268", "hash": "c94ab90b2e055a9b42529deb51ec39d103603627", "bids": [{"price": "0.001", "size": "1170.92"}, {"price": "0.002", "size": "663.48"}, {"price": "0.003", "size": "109.59"}], "asks": [{"price": "0.999", "size": "4106.08"}, {"price": "0.998", "size": "70.33"}, {"price": "0.99", "size": "223"}, {"price": "0.989", "size": "49.38"}, {"price": "0.95", "size": "30"}, {"price": "0.94", "size": "66"}, {"price": "0.3", "size": "50"}, {"price": "0.14", "size": "5"}, {"price": "0.13", "size": "6.94"}, {"price": "0.1", "size": "100"}, {"price": "0.099", "size": "51.75"}, {"price": "0.097", "size": "1.41"}], "event_type": "book", "last_trade_price": "0.903"}, {"market": "0xf7adf0726a5fb5dc899171eece5f6147f13f7a0740568813e87f9e95b8c41cec", "asset_id": "73349274898944035302343147088605808228320703250994971366388527781803154632302", "timestamp": "1769384227994", "hash": "bd08de5b4a446831731111a6100ecc56edf29464", "bids": [{"price": "0.001", "size": "4114.05"}, {"price": "0.002", "size": "70.21"}, {"price": "0.01", "size": "173"}, {"price": "0.011", "size": "49.41"}, {"price": "0.05", "size": "30"}, {"price": "0.06", "size": "33"}, {"price": "0.061", "size": "32"}, {"price": "0.76", "size": "400"}, {"price": "0.762", "size": "30"}, {"price": "0.823", "size": "20"}, {"price": "0.866", "size": "24.35"}, {"price": "0.897", "size": "13"}, {"price": "0.98", "size": "115.34"}, {"price": "0.981", "size": "50"}], "asks": [{"price": "0.999", "size": "1665.21"}, {"price": "0.998", "size": "403.58"}, {"price": "0.997", "size": "11.96"}, {"price": "0.993", "size": "100.01"}, {"price": "0.992", "size": "33.84"}], "event_type": "book", "last_trade_price": "0.008"}, {"market": "0x5de4dac5750688a3ab6db801fef8afb9f069270bf6e211c8ef2ef3c13d4e6734", "asset_id": "108277546154642558727446036629797435038641223716759292036740543614743500442138", "timestamp": "1769384427026", "hash": "46c944d0946df337d404312fea2315672b719855", "bids": [{"price": "0.001", "size": "1671.71"}, {"price": "0.002", "size": "460.44"}, {"price": "0.003", "size": "46.07"}, {"price": "0.004", "size": "82.22"}], "asks": [{"price": "0.999", "size": "4248.11"}, {"price": "0.998", "size": "70.43"}, {"price": "0.99", "size": "173"}, {"price": "0.989", "size": "49.36"}, {"price": "0.94", "size": "33"}, {"price": "0.939", "size": "32"}, {"price": "0.277", "size": "18"}, {"price": "0.14", "size": "5"}, {"price": "0.12", "size": "34.99"}, {"price": "0.077", "size": "43.8"}, {"price": "0.075", "size": "11.92"}, {"price": "0.072", "size": "42.89"}, {"price": "0.071", "size": "15"}, {"price": "0.07", "size": "22.5"}], "event_type": "book", "last_trade_price": "0.004"}, {"market": "0x5de4dac5750688a3ab6db801fef8afb9f069270bf6e211c8ef2ef3c13d4e6734", "asset_id": "42201990037559053024336550021212381979466646133014623519546928336266268180100", "timestamp": "1769384427026", "hash": "3f3597719a471561094c60b75c67fb749896f7c4", "bids": [{"price": "0.001", "size": "4248.11"}, {"price": "0.002", "size": "70.43"}, {"price": "0.01", "size": "173"}, {"price": "0.011", "size": "49.36"}, {"price": "0.06", "size": "33"}, {"price": "0.061", "size": "32"}, {"price": "0.723", "size": "18"}, {"price": "0.86", "size": "5"}, {"price": "0.88", "size": "34.99"}, {"price": "0.923", "size": "43.8"}, {"price": "0.925", "size": "11.92"}, {"price": "0.928", "size": "42.89"}, {"price": "0.929", "size": "15"}, {"price": "0.93", "size": "22.5"}], "asks": [{"price": "0.999", "size": "1671.71"}, {"price": "0.998", "size": "460.44"}, {"price": "0.997", "size": "46.07"}, {"price": "0.996", "size": "82.22"}], "event_type": "book", "last_trade_price": "0.004"}]}
{"_local_timestamp": "2026-01-25T23:41:30.442933+00:00", "data": {"market": "0xd1b81e16e339910ccf0f32f661209d1b1b8bf9e7b4544b0549ea3a4152c4d823", "price_changes": [{"asset_id": "20688138443664652948666007911769513115384585373979761610429258474151963177570", "price": "0.002", "size": "138.67", "side": "BUY", "hash": "e3992ea9900a63e135e701a736e258d001b6d633", "best_bid": "0.004", "best_ask": "0.061"}, {"asset_id": "56431156699758996248444003589381918029053732129805739793031966532730675199436", "price": "0.998", "size": "138.67", "side": "SELL", "hash": "b2c277cddb5dafbb6d0245441c33966a2f927867", "best_bid": "0.939", "best_ask": "0.996"}], "timestamp": "1769384490374", "event_type": "price_change"}}
{"_local_timestamp": "2026-01-25T23:41:30.443864+00:00", "data": {"market": "0xd1b81e16e339910ccf0f32f661209d1b1b8bf9e7b4544b0549ea3a4152c4d823", "price_changes": [{"asset_id": "20688138443664652948666007911769513115384585373979761610429258474151963177570", "price": "0.006", "size": "0", "side": "BUY", "hash": "e3992ea9900a63e135e701a736e258d001b6d633", "best_bid": "0.004", "best_ask": "0.061"}, {"asset_id": "56431156699758996248444003589381918029053732129805739793031966532730675199436", "price": "0.994", "size": "0", "side": "SELL", "hash": "b2c277cddb5dafbb6d0245441c33966a2f927867", "best_bid": "0.939", "best_ask": "0.996"}], "timestamp": "1769384490374", "event_type": "price_change"}}
{"_local_timestamp": "2026-01-25T23:41:30.483533+00:00", "data": {"market": "0xd1b81e16e339910ccf0f32f661209d1b1b8bf9e7b4544b0549ea3a4152c4d823", "price_changes": [{"asset_id": "20688138443664652948666007911769513115384585373979761610429258474151963177570", "price": "0.007", "size": "112", "side": "BUY", "hash": "5d88c0581eda8734b3fd21b325e20d3aec6c0623", "best_bid": "0.007", "best_ask": "0.061"}, {"asset_id": "56431156699758996248444003589381918029053732129805739793031966532730675199436", "price": "0.993", "size": "112", "side": "SELL", "hash": "068199920f737485a27f97ea94ccb6638228b976", "best_bid": "0.939", "best_ask": "0.993"}], "timestamp": "1769384490413", "event_type": "price_change"}}
{"_local_timestamp": "2026-01-25T23:41:30.903691+00:00", "data": {"market": "0xd1b81e16e339910ccf0f32f661209d1b1b8bf9e7b4544b0549ea3a4152c4d823", "price_changes": [{"asset_id": "20688138443664652948666007911769513115384585373979761610429258474151963177570", "price": "0.007", "size": "144.73", "side": "BUY", "hash": "6dd28763ff52e1bca0ed35a426f8b80a4a9c4772", "best_bid": "0.007", "best_ask": "0.061"}, {"asset_id": "56431156699758996248444003589381918029053732129805739793031966532730675199436", "price": "0.993", "size": "144.73", "side": "SELL", "hash": "d5c0e5d305dc9d89a46662a4db55b044d01f5e3e", "best_bid": "0.939", "best_ask": "0.993"}], "timestamp": "1769384490837", "event_type": "price_change"}}
{"_local_timestamp": "2026-01-25T23:41:30.910066+00:00", "data": {"market": "0xd1b81e16e339910ccf0f32f661209d1b1b8bf9e7b4544b0549ea3a4152c4d823", "price_changes": [{"asset_id": "20688138443664652948666007911769513115384585373979761610429258474151963177570", "price": "0.004", "size": "144.91", "side": "BUY", "hash": "1f4fcff57948d9e6b341ee1dfe8a2d0da723e11f", "best_bid": "0.007", "best_ask": "0.061"}, {"asset_id": "56431156699758996248444003589381918029053732129805739793031966532730675199436", "price": "0.996", "size": "144.91", "side": "SELL", "hash": "25d8c863c61825ba0ecb7330bd4c7ae8b65884a1", "best_bid": "0.939", "best_ask": "0.993"}], "timestamp": "1769384490838", "event_type": "price_change"}}
{"_local_timestamp": "2026-01-25T23:41:30.910626+00:00", "data": {"market": "0xd1b81e16e339910ccf0f32f661209d1b1b8bf9e7b4544b0549ea3a4152c4d823", "price_changes": [{"asset_id": "20688138443664652948666007911769513115384585373979761610429258474151963177570", "price": "0.003", "size": "519.61", "side": "BUY", "hash": "597697755e0b624c1a699876346849dbd1df9c9a", "best_bid": "0.007", "best_ask": "0.061"}, {"asset_id": "56431156699758996248444003589381918029053732129805739793031966532730675199436", "price": "0.997", "size": "519.61", "side": "SELL", "hash": "30133538274e4f0d58a59ea43966b1636f7908dc", "best_bid": "0.939", "best_ask": "0.993"}], "timestamp": "1769384490839", "event_type": "price_change"}}
{"_local_timestamp": "2026-01-25T23:41:31.696349+00:00", "data": {"market": "0xd1b81e16e339910ccf0f32f661209d1b1b8bf9e7b4544b0549ea3a4152c4d823", "price_changes": [{"asset_id": "20688138443664652948666007911769513115384585373979761610429258474151963177570", "price": "0.007", "size": "32.73", "side": "BUY", "hash": "2157f5500be758de68c4ee0b768dc272c2035795", "best_bid": "0.007", "best_ask": "0.061"}, {"asset_id": "56431156699758996248444003589381918029053732129805739793031966532730675199436", "price": "0.993", "size": "32.73", "side": "SELL", "hash": "e2d4f2c301e08bbb623e0df74207395020e322ba", "best_bid": "0.939", "best_ask": "0.993"}], "timestamp": "1769384491621", "event_type": "price_change"}}
{"_local_timestamp": "2026-01-25T23:41:35.165772+00:00", "data": {"market": "0x5de4dac5750688a3ab6db801fef8afb9f069270bf6e211c8ef2ef3c13d4e6734", "price_changes": [{"asset_id": "42201990037559053024336550021212381979466646133014623519546928336266268180100", "price": "0.93", "size": "63.36", "side": "BUY", "hash": "5366076d9955b032d1b1acd7b3cdad6777cec4a8", "best_bid": "0.93", "best_ask": "0.996"}, {"asset_id": "108277546154642558727446036629797435038641223716759292036740543614743500442138", "price": "0.07", "size": "63.36", "side": "SELL", "hash": "629fe69b69f311ddde76d06916f9522f6b6216d1", "best_bid": "0.004", "best_ask": "0.07"}], "timestamp": "1769384495092", "event_type": "price_change"}}
{"_local_timestamp": "2026-01-25T23:41:35.348116+00:00", "data": {"market": "0x5de4dac5750688a3ab6db801fef8afb9f069270bf6e211c8ef2ef3c13d4e6734", "price_changes": [{"asset_id": "42201990037559053024336550021212381979466646133014623519546928336266268180100", "price": "0.93", "size": "93.36", "side": "BUY", "hash": "6b45b024da43071369412416f51f9ba953f323ae", "best_bid": "0.93", "best_ask": "0.996"}, {"asset_id": "108277546154642558727446036629797435038641223716759292036740543614743500442138", "price": "0.07", "size": "93.36", "side": "SELL", "hash": "cc722e819a094a0e02228cc6b84ccb98191a178e", "best_bid": "0.004", "best_ask": "0.07"}], "timestamp": "1769384495273", "event_type": "price_change"}}
