{"_local_timestamp": "2026-01-25T23:33:51.938632+00:00", "data": [{"market": "0x96692acae03ce1fa925951c628caa05cadaca99dd6cd06e6bf41e1296a31c5d6", "asset_id": "141897989331777398234248523720868895884419134718481852583319480736372240359", "timestamp": "1769384005128", "hash": "9638eef09201404b483b857705e040a936951ddf", "bids": [{"price": "0.001", "size": "1191.04"}, {"price": "0.002", "size": "652.38"}, {"price": "0.003", "size": "16.28"}], "asks": [{"price": "0.999", "size": "4106.08"}, {"price": "0.998", "size": "70.33"}, {"price": "0.99", "size": "223"}, {"price": "0.989", "size": "49.38"}, {"price": "0.95", "size": "30"}, {"price": "0.94", "size": "66"}, {"price": "0.3", "size": "50"}, {"price": "0.14", "size": "5"}, {"price": "0.13", "size": "6.94"}, {"price": "0.1", "size": "100"}, {"price": "0.099", "size": "51.75"}, {"price": "0.098", "size": "42.12"}, {"price": "0.097", "size": "1.41"}], "event_type": "book", "last_trade_price": "0.903"}, {"market": "0xd1b81e16e339910ccf0f32f661209d1b1b8bf9e7b4544b0549ea3a4152c4d823", "asset_id": "20688138443664652948666007911769513115384585373979761610429258474151963177570", "timestamp": "1769383926631", "hash": "0ca8443d5bc6fd7c65f5739b1a2dbdf6c53dd273", "bids": [{"price": "0.001", "size": "1675.56"}, {"price": "0.002", "size": "232.16"}, {"price": "0.003", "size": "444.9"}, {"price": "0.004", "size": "70.83"}, {"price": "0.005", "size": "56.39"}, {"price": "0.006", "size": "46.76"}], "asks": [{"price": "0.999", "size": "4233.07"}, {"price": "0.998", "size": "70.33"}, {"price": "0.99", "size": "223"}, {"price": "0.989", "size": "49.38"}, {"price": "0.94", "size": "33"}, {"price": "0.939", "size": "32"}, {"price": "0.21", "size": "393.8"}, {"price": "0.19", "size": "23"}, {"price": "0.17", "size": "17"}, {"price": "0.163", "size": "22.1"}, {"price": "0.162", "size": "5.07"}, {"price": "0.159", "size": "10"}, {"price": "0.103", "size": "19.29"}, {"price": "0.101", "size": "11.36"}, {"price": "0.1", "size": "16.39"}, {"price": "0.061", "size": "0.4"}], "event_type": "book", "last_trade_price": "0.004"}, {"market": "0xd1b81e16e339910ccf0f32f661209d1b1b8bf9e7b4544b0549ea3a4152c4d823", "asset_id": "56431156699758996248444003589381918029053732129805739793031966532730675199436", "timestamp": "1769383926631", "hash": "5f486819f431a7eb9fa22dcea0f84457c7fe25a6", "bids": [{"price": "0.001", "size": "4233.07"}, {"price": "0.002", "size": "70.33"}, {"price": "0.01", "size": "223"}, {"price": "0.011", "size": "49.38"}, {"price": "0.06", "size": "33"}, {"price": "0.061", "size": "32"}, {"price": "0.79", "size": "393.8"}, {"price": "0.81", "size": "23"}, {"price": "0.83", "size": "17"}, {"price": "0.837", "size": "22.1"}, {"price": "0.838", "size": "5.07"}, {"price": "0.841", "size": "10"}, {"price": "0.897", "size": "19.29"}, {"price": "0.899", "size": "11.36"}, {"price": "0.9", "size": "16.39"}, {"price": "0.939", "size": "0.4"}], "asks": [{"price": "0.999", "size": "1675.56"}, {"price": "0.998", "size": "232.16"}, {"price": "0.997", "size": "444.9"}, {"price": "0.996", "size": "70.83"}, {"price": "0.995", "size": "56.39"}, {"price": "0.994", "size": "46.76"}], "event_type": "book", "last_trade_price": "0.004"}, {"market": "0x96692acae03ce1fa925951c628caa05cadaca99dd6cd06e6bf41e1296a31c5d6", "asset_id": "75966561768654787319743325692232123182038258640829059408341973756730651618640", "timestamp": "1769384005128", "hash": "754dc2147967a966781f59b65de6d15c607c6d4c", "bids": [{"price": "0.001", "size": "4106.08"}, {"price": "0.002", "size": "70.33"}, {"price": "0.01", "size": "223"}, {"price": "0.011", "size": "49.38"}, {"price": "0.05", "size": "30"}, {"price": "0.06", "size": "66"}, {"price": "0.7", "size": "50"}, {"price": "0.86", "size": "5"}, {"price": "0.87", "size": "6.94"}, {"price": "0.9", "size": "100"}, {"price": "0.901", "size": "51.75"}, {"price": "0.902", "size": "42.12"}, {"price": "0.903", "size": "1.41"}], "asks": [{"price": "0.999", "size": "1191.04"}, {"price": "0.998", "size": "652.38"}, {"price": "0.997", "size": "16.28"}], "event_type": "book", "last_trade_price": "0.903"}, {"market": "0x5de4dac5750688a3ab6db801fef8afb9f069270bf6e211c8ef2ef3c13d4e6734", "asset_id": "42201990037559053024336550021212381979466646133014623519546928336266268180100", "timestamp": "1769384003237", "hash": "9e242163c40f865b1412c8e76e575c7fcbb3c912", "bids": [{"price": "0.001", "size": "4248.11"}, {"price": "0.002", "size": "70.43"}, {"price": "0.01", "size": "173"}, {"price": "0.011", "size": "49.36"}, {"price": "0.06", "size": "33"}, {"price": "0.061", "size": "32"}, {"price": "0.723", "size": "18"}, {"price": "0.86", "size": "5"}, {"price": "0.88", "size": "34.99"}, {"price": "0.923", "size": "43.8"}, {"price": "0.924", "size": "25.01"}, {"price": "0.925", "size": "11.92"}, {"price": "0.926", "size": "17.87"}, {"price": "0.927", "size": "40.99"}, {"price": "0.929", "size": "37.5"}], "asks": [{"price": "0.999", "size": "1686.44"}, {"price": "0.998", "size": "610.03"}, {"price": "0.997", "size": "52.76"}], "event_type": "book", "last_trade_price": "0.004"}, {"market": "0xf7adf0726a5fb5dc899171eece5f6147f13f7a0740568813e87f9e95b8c41cec", "asset_id": "67211021621793404881597066434938623751342708941908565143123241433570119599304", "timestamp": "1769384028206", "hash": "c9fa0ef02c630a44fb96f0237da7b715688df4b3", "bids": [{"price": "0.001", "size": "1665.21"}, {"price": "0.002", "size": "140.11"}, {"price": "0.007", "size": "100.01"}, {"price": "0.008", "size": "33.84"}], "asks": [{"price": "0.999", "size": "4114.05"}, {"price": "0.998", "size": "70.21"}, {"price": "0.99", "size": "173"}, {"price": "0.989", "size": "49.41"}, {"price": "0.95", "size": "30"}, {"price": "0.94", "size": "33"}, {"price": "0.939", "size": "32"}, {"price": "0.24", "size": "400"}, {"price": "0.238", "size": "30"}, {"price": "0.177", "size": "20"}, {"price": "0.134", "size": "24.35"}, {"price": "0.103", "size": "13"}, {"price": "0.02", "size": "115.34"}, {"price": "0.019", "size": "50"}], "event_type": "book", "last_trade_price": "0.008"}, {"market": "0xf7adf0726a5fb5dc899171eece5f6147f13f7a0740568813e87f9e95b8c41cec", "asset_id": "73349274898944035302343147088605808228320703250994971366388527781803154632302", "timestamp": "1769384028206", "hash": "3ec40304e480de8bbdeee0eb9704b98e7ae755db", "bids": [{"price": "0.001", "size": "4114.05"}, {"price": "0.002", "size": "70.21"}, {"price": "0.01", "size": "173"}, {"price": "0.011", "size": "49.41"}, {"price": "0.05", "size": "30"}, {"price": "0.06", "size": "33"}, {"price": "0.061", "size": "32"}, {"price": "0.76", "size": "400"}, {"price": "0.762", "size": "30"}, {"price": "0.823", "size": "20"}, {"price": "0.866", "size": "24.35"}, {"price": "0.897", "size": "13"}, {"price": "0.98", "size": "115.34"}, {"price": "0.981", "size": "50"}], "asks": [{"price": "0.999", "size": "1665.21"}, {"price": "0.998", "size": "140.11"}, {"price": "0.993", "size": "100.01"}, {"price": "0.992", "size": "33.84"}], "event_type": "book", "last_trade_price": "0.008"}, {"market": "0x5de4dac5750688a3ab6db801fef8afb9f069270bf6e211c8ef2ef3c13d4e6734", "asset_id": "108277546154642558727446036629797435038641223716759292036740543614743500442138", "timestamp": "1769384003237", "hash": "4fe350a22b93c937f1a33ff99865dd885ba2340b", "bids": [{"price": "0.001", "size": "1686.44"}, {"price": "0.002", "size": "610.03"}, {"price": "0.003", "size": "52.76"}], "asks": [{"price": "0.999", "size": "4248.11"}, {"price": "0.998", "size": "70.43"}, {"price": "0.99", "size": "173"}, {"price": "0.989", "size": "49.36"}, {"price": "0.94", "size": "33"}, {"price": "0.939", "size": "32"}, {"price": "0.277", "size": "18"}, {"price": "0.14", "size": "5"}, {"price": "0.12", "size": "34.99"}, {"price": "0.077", "size": "43.8"}, {"price": "0.076", "size": "25.01"}, {"price": "0.075", "size": "11.92"}, {"price": "0.074", "size": "17.87"}, {"price": "0.073", "size": "40.99"}, {"price": "0.071", "size": "37.5"}], "event_type": "book", "last_trade_price": "0.004"}]}
{"_local_timestamp": "2026-01-25T23:33:52.134034+00:00", "data": {"market": "0xf7adf0726a5fb5dc899171eece5f6147f13f7a0740568813e87f9e95b8c41cec", "price_changes": [{"asset_id": "67211021621793404881597066434938623751342708941908565143123241433570119599304", "price": "0.004", "size": "134.42", "side": "BUY", "hash": "1f0975202bcefb7eba5c19f1e529375bcdb2b20b", "best_bid": "0.008", "best_ask": "0.019"}, {"asset_id": "73349274898944035302343147088605808228320703250994971366388527781803154632302", "price": "0.996", "size": "134.42", "side": "SELL", "hash": "62b5301b7672c172c517c622d87d34de7ead250c", "best_bid": "0.981", "best_ask": "0.992"}], "timestamp": "1769384032062", "event_type": "price_change"}}
{"_local_timestamp": "2026-01-25T23:33:52.137929+00:00", "data": {"market": "0xf7adf0726a5fb5dc899171eece5f6147f13f7a0740568813e87f9e95b8c41cec", "price_changes": [{"asset_id": "67211021621793404881597066434938623751342708941908565143123241433570119599304", "price": "0.003", "size": "45.34", "side": "BUY", "hash": "3d28236635d07d4febc7b3e2ea5b10f763ecf551", "best_bid": "0.008", "best_ask": "0.019"}, {"asset_id": "73349274898944035302343147088605808228320703250994971366388527781803154632302", "price": "0.997", "size": "45.34", "side": "SELL", "hash": "80f344ac7c568deae1716986902330c4192434ce", "best_bid": "0.981", "best_ask": "0.992"}], "timestamp": "1769384032063", "event_type": "price_change"}}
{"_local_timestamp": "2026-01-25T23:33:56.746107+00:00", "data": {"market": "0x96692acae03ce1fa925951c628caa05cadaca99dd6cd06e6bf41e1296a31c5d6", "price_changes": [{"asset_id": "75966561768654787319743325692232123182038258640829059408341973756730651618640", "price": "0.902", "size": "0", "side": "BUY", "hash": "8400370712ac8c3fa14973684d85c469732dcc08", "best_bid": "0.903", "best_ask": "0.997"}, {"asset_id": "141897989331777398234248523720868895884419134718481852583319480736372240359", "price": "0.098", "size": "0", "side": "SELL", "hash": "d670b254b02d2f8694b2d06354a8ef82178c3b92", "best_bid": "0.003", "best_ask": "0.097"}], "timestamp": "1769384036675", "event_type": "price_change"}}
{"_local_timestamp": "2026-01-25T23:33:56.778278+00:00", "data": {"market": "0x96692acae03ce1fa925951c628caa05cadaca99dd6cd06e6bf41e1296a31c5d6", "price_changes": [{"asset_id": "141897989331777398234248523720868895884419134718481852583319480736372240359", "price": "0.003", "size": "112.28", "side": "BUY", "hash": "54d65d1d4e7beb3ebc73eef0f8d66a46c3e48fc4", "best_bid": "0.003", "best_ask": "0.097"}, {"asset_id": "75966561768654787319743325692232123182038258640829059408341973756730651618640", "price": "0.997", "size": "112.28", "side": "SELL", "hash": "a3b2f7f5d2c8e04fd7caf7d2a10d7420e1f976c8", "best_bid": "0.903", "best_ask": "0.997"}], "timestamp": "1769384036706", "event_type": "price_change"}}
{"_local_timestamp": "2026-01-25T23:33:57.301542+00:00", "data": {"market": "0x5de4dac5750688a3ab6db801fef8afb9f069270bf6e211c8ef2ef3c13d4e6734", "price_changes": [{"asset_id": "42201990037559053024336550021212381979466646133014623519546928336266268180100", "price": "0.927", "size": "0", "side": "BUY", "hash": "4bb8d70986696dc97abf51052dfd0c50848ee552", "best_bid": "0.929", "best_ask": "0.997"}, {"asset_id": "108277546154642558727446036629797435038641223716759292036740543614743500442138", "price": "0.073", "size": "0", "side": "SELL", "hash": "3418db93bbdec2d0797d51dcc5f99ee94150e83d", "best_bid": "0.003", "best_ask": "0.071"}], "timestamp": "1769384037233", "event_type": "price_change"}}
