{"_local_timestamp": "2026-01-25T23:41:29.441560+00:00", "data": [{"market": "0x9e2c73ed62d3342bb64ee91cc174b478af89e8c02bae0fa4f0f390a74a702633", "asset_id": "103252389304830476607973347887793467886857427001157293753128952517476231694201", "timestamp": "1769384481215", "hash": "c3a4bec08bff9b365b8b8ffb03d5d333f4efdc4a", "bids": [{"price": "0.01", "size": "164.57"}, {"price": "0.02", "size": "63.62"}, {"price": "0.03", "size": "175"}, {"price": "0.04", "size": "55.22"}, {"price": "0.05", "size": "40"}, {"price": "0.06", "size": "21.64"}, {"price": "0.5", "size": "10"}], "asks": [{"price": "0.99", "size": "325.44"}, {"price": "0.98", "size": "136.06"}, {"price": "0.97", "size": "266.97"}, {"price": "0.96", "size": "50"}], "event_type": "book", "last_trade_price": ""}, {"market": "0x9b93a774749480ba7319ee8861348c3d421dc5a16df0214a3339ec3c5c9f342e", "asset_id": "47470140810943473492417925249977678700871530999242754270841300010664467167206", "timestamp": "1769384482699", "hash": "587e8e0e46db893d849a890f13a844d08accf346", "bids": [{"price": "0.01", "size": "324.59"}, {"price": "0.02", "size": "136.44"}, {"price": "0.03", "size": "292"}, {"price": "0.04", "size": "50"}], "asks": [{"price": "0.99", "size": "202.55"}, {"price": "0.98", "size": "75.11"}, {"price": "0.97", "size": "186"}, {"price": "0.96", "size": "60.47"}, {"price": "0.95", "size": "40"}], "event_type": "book", "last_trade_price": ""}, {"market": "0x0c5fbf1eb595a97d2c0acd3985059ad7f6ab49596b0bda969a16e1890ff8d40d", "asset_id": "91094230548447756463796752957077194173807368088398608824493987704771804798470", "timestamp": "1769384484297", "hash": "6f761e083c12128de3b16614c8f9f7af5e50a795", "bids": [{"price": "0.01", "size": "164.57"}, {"price": "0.02", "size": "63.28"}, {"price": "0.03", "size": "103"}, {"price": "0.04", "size": "58.13"}, {"price": "0.05", "size": "40"}, {"price": "0.06", "size": "33"}, {"price": "0.07", "size": "16.84"}, {"price": "0.75", "size": "10"}], "asks": [{"price": "0.99", "size": "295.95"}, {"price": "0.98", "size": "132.76"}, {"price": "0.97", "size": "211"}, {"price": "0.96", "size": "50"}], "event_type": "book", "last_trade_price": ""}, {"market": "0x3df1d40dc6fea27f18ee584b616ff1b09cf202666db865f16041fd710e6af8bb", "asset_id": "23528625128045910880668141394959912700348374558685635391261073031597504650581", "timestamp": "1769366131347", "hash": "1565d1c95971535360b06d19df8acfd97880dec0", "bids": [{"price": "0.01", "size": "202.55"}, {"price": "0.02", "size": "75.11"}, {"price": "0.03", "size": "119"}, {"price": "0.04", "size": "60.47"}, {"price": "0.05", "size": "40"}], "asks": [{"price": "0.99", "size": "318.54"}, {"price": "0.98", "size": "132.76"}, {"price": "0.97", "size": "201.88"}, {"price": "0.96", "size": "50"}], "event_type": "book", "last_trade_price": ""}, {"market": "0x3198dd943e669247f030ef00cb8961d085a9b99f1155960b8cc3e1f08d1c0139", "asset_id": "102536115263978520181589701524518424717998611252685919844416638887324523779473", "timestamp": "1769366129985", "hash": "66bb038e2a2fac22bacf014351377ce5de8c8530", "bids": [{"price": "0.01", "size": "202.55"}, {"price": "0.02", "size": "75.11"}, {"price": "0.03", "size": "186"}, {"price": "0.04", "size": "60.47"}, {"price": "0.05", "size": "40"}], "asks": [{"price": "0.99", "size": "318.54"}, {"price": "0.98", "size": "132.76"}, {"price": "0.97", "size": "271.88"}, {"price": "0.96", "size": "50"}], "event_type": "book", "last_trade_price": ""}, {"market": "0x2007b18cf1601796bceca32ee948c5a88e302029d469747b09fd2d42e3bad505", "asset_id": "26442081845944692797083968131927177720273041744525578783092625478403299808526", "timestamp": "1769384329507", "hash": "4c30eb889e9d38c42566bb9a138debd2d3214f18", "bids": [{"price": "0.01", "size": "264.57"}, {"price": "0.02", "size": "106.96"}, {"price": "0.03", "size": "259.68"}, {"price": "0.04", "size": "50"}, {"price": "0.05", "size": "28.4"}, {"price": "0.76", "size": "10"}], "asks": [{"price": "0.99", "size": "315.34"}, {"price": "0.98", "size": "258"}, {"price": "0.97", "size": "65"}], "event_type": "book", "last_trade_price": "0.040"}, {"market": "0x9e2c73ed62d3342bb64ee91cc174b478af89e8c02bae0fa4f0f390a74a702633", "asset_id": "72193631086374028080078791797532054770381188506642933759347695727239636831066", "timestamp": "1769384481215", "hash": "dbd0eb88c28ee111d78a0dffc5d3438d1a1fb3e3", "bids": [{"price": "0.01", "size": "325.44"}, {"price": "0.02", "size": "136.06"}, {"price": "0.03", "size": "266.97"}, {"price": "0.04", "size": "50"}], "asks": [{"price": "0.99", "size": "164.57"}, {"price": "0.98", "size": "63.62"}, {"price": "0.97", "size": "175"}, {"price": "0.96", "size": "55.22"}, {"price": "0.95", "size": "40"}, {"price": "0.94", "size": "21.64"}, {"price": "0.5", "size": "10"}], "event_type": "book", "last_trade_price": ""}, {"market": "0x631cea545a1b367f821d6ed0b761b20fec9d09aebd769ce5717c7704767a2ca7", "asset_id": "103463640586276203080149137450634064754835297146620360268134480386048597804224", "timestamp": "1769366135351", "hash": "058ae95cbca5d8272307c769301a12da0ffb8738", "bids": [{"price": "0.01", "size": "202.55"}, {"price": "0.02", "size": "75.11"}, {"price": "0.03", "size": "119"}, {"price": "0.04", "size": "60.47"}, {"price": "0.05", "size": "40"}], "asks": [{"price": "0.99", "size": "250"}, {"price": "0.98", "size": "132.76"}, {"price": "0.97", "size": "201.88"}, {"price": "0.96", "size": "50"}], "event_type": "book", "last_trade_price": ""}, {"market": "0x5c22466ab9af8966ad10d1dbd50d743beddf658a2122104d30dbc6b7e5fe023f", "asset_id": "831552095182018840913332803742331439179830760845165067066088165089522003565", "timestamp": "1769384436508", "hash": "d7a2e5246e888df75c51b8c96b66d5cb27b2a281", "bids": [{"price": "0.01", "size": "264.57"}, {"price": "0.02", "size": "106.96"}, {"price": "0.03", "size": "259.68"}, {"price": "0.04", "size": "50"}, {"price": "0.05", "size": "28.4"}, {"price": "0.66", "size": "10"}], "asks": [{"price": "0.99", "size": "303.37"}, {"price": "0.98", "size": "143.78"}, {"price": "0.97", "size": "144.18"}, {"price": "0.96", "size": "50"}], "event_type": "book", "last_trade_price": ""}, {"market": "0x2007b18cf1601796bceca32ee948c5a88e302029d469747b09fd2d42e3bad505", "asset_id": "31260085349420353000309506947246272567761498724043684826853778771340677076263", "timestamp": "1769384329507", "hash": "126c13ec00df9aaa82b87da7d4a659072fbe5b66", "bids": [{"price": "0.01", "size": "315.34"}, {"price": "0.02", "size": "258"}, {"price": "0.03", "size": "65"}], "asks": [{"price": "0.99", "size": "264.57"}, {"price": "0.98", "size": "106.96"}, {"price": "0.97", "size": "259.68"}, {"price": "0.96", "size": "50"}, {"price": "0.95", "size": "28.4"}, {"price": "0.24", "size": "10"}], "event_type": "book", "last_trade_price": "0.040"}, {"market": "0x1af30b5eedc5249fe8cebbccba0be0a20be4fa0507fd5e524dd32ae95ebac53e", "asset_id": "94493802502629257266088601620702913217886908449403484857736721220551729770705", "timestamp": "1769384119602", "hash": "4785f9ce1681ddfe99687fa7724f389251c6b585", "bids": [{"price": "0.01", "size": "250"}, {"price": "0.02", "size": "263"}], "asks": [{"price": "0.99", "size": "164.56"}, {"price": "0.98", "size": "63.6"}, {"price": "0.97", "size": "66"}, {"price": "0.96", "size": "106.21"}, {"price": "0.95", "size": "40"}, {"price": "0.94", "size": "12.69"}, {"price": "0.92", "size": "10.71"}, {"price": "0.91", "size": "22"}, {"price": "0.9", "size": "8.61"}, {"price": "0.25", "size": "10"}, {"price": "0.24", "size": "29.98"}], "event_type": "book", "last_trade_price": "0.030"}, {"market": "0x0c5fbf1eb595a97d2c0acd3985059ad7f6ab49596b0bda969a16e1890ff8d40d", "asset_id": "82381849263059402960203081742578883852467929144057666979428398436371243565252", "timestamp": "1769384484297", "hash": "92a5d368fd7e67c85a1aa1b5dc3109f280fb5bfa", "bids": [{"price": "0.01", "size": "295.95"}, {"price": "0.02", "size": "132.76"}, {"price": "0.03", "size": "211"}, {"price": "0.04", "size": "50"}], "asks": [{"price": "0.99", "size": "164.57"}, {"price": "0.98", "size": "63.28"}, {"price": "0.97", "size": "103"}, {"price": "0.96", "size": "58.13"}, {"price": "0.95", "size": "40"}, {"price": "0.94", "size": "33"}, {"price": "0.93", "size": "16.84"}, {"price": "0.25", "size": "10"}], "event_type": "book", "last_trade_price": ""}, {"market": "0x1d32ce05ca6e0c2ef2155f7756e04bf7ee447e5cd80f9b0cbca6e30103e712c2", "asset_id": "37057698084414040692364565521610587851828014249054752719927033051683113093506", "timestamp": "1769384482700", "hash": "eded2973858c0b31f7e1dfa3c7461dd78b81de84", "bids": [{"price": "0.01", "size": "202.55"}, {"price": "0.02", "size": "75.11"}, {"price": "0.03", "size": "119"}, {"price": "0.04", "size": "60.47"}, {"price": "0.05", "size": "40"}], "asks": [{"price": "0.99", "size": "324.59"}, {"price": "0.98", "size": "136.44"}, {"price": "0.97", "size": "199"}, {"price": "0.96", "size": "50"}], "event_type": "book", "last_trade_price": ""}, {"market": "0x482eab96f7df799c20e9a45099764388aa57c4ef55d7d18fdd0cda219f0cccb2", "asset_id": "3301908819207304216042907744413331196107944198007836456890911948473702090533", "timestamp": "1769366133989", "hash": "f318a77a3e181906e9502be004b7a7252b09dc0e", "bids": [{"price": "0.01", "size": "318.54"}, {"price": "0.02", "size": "132.76"}, {"price": "0.03", "size": "203.88"}, {"price": "0.04", "size": "50"}], "asks": [{"price": "0.99", "size": "202.55"}, {"price": "0.98", "size": "75.11"}, {"price": "0.97", "size": "119"}, {"price": "0.96", "size": "60.47"}, {"price": "0.95", "size": "40"}], "event_type": "book", "last_trade_price": ""}, {"market": "0x1f28e936a3e9c2a916bfdecc4d6603835e1985f60c485a60bcb7b8402a7ec5cf", "asset_id": "73587133910662165037774303092494427178210720015259146875668169537819894761679", "timestamp": "1769384436603", "hash": "93f85619c6609126991f8834e6580e8e132fce54", "bids": [{"price": "0.01", "size": "301.99"}, {"price": "0.02", "size": "122.42"}, {"price": "0.03", "size": "199.8"}, {"price": "0.04", "size": "50"}], "asks": [{"price": "0.99", "size": "202.55"}, {"price": "0.98", "size": "75.11"}, {"price": "0.97", "size": "124"}, {"price": "0.96", "size": "60.47"}, {"price": "0.95", "size": "40"}], "event_type": "book", "last_trade_price": ""}, {"market": "0x482eab96f7df799c20e9a45099764388aa57c4ef55d7d18fdd0cda219f0cccb2", "asset_id": "29375820716734114659327208058545017096850234545778529741158031213293851159246", "timestamp": "1769366133989", "hash": "e1037f366a70fcf0cd5f80a5f9510f1da3d1d25b", "bids": [{"price": "0.01", "size": "202.55"}, {"price": "0.02", "size": "75.11"}, {"price": "0.03", "size": "119"}, {"price": "0.04", "size": "60.47"}, {"price": "0.05", "size": "40"}], "asks": [{"price": "0.99", "size": "318.54"}, {"price": "0.98", "size": "132.76"}, {"price": "0.97", "size": "203.88"}, {"price": "0.96", "size": "50"}], "event_type": "book", "last_trade_price": ""}, {"market": "0x1af30b5eedc5249fe8cebbccba0be0a20be4fa0507fd5e524dd32ae95ebac53e", "asset_id": "34268338706162072883152046858187622357637574181231558621627973964871143179305", "timestamp": "1769384119602", "hash": "a434b69278b4c289943322d156fe75196c591906", "bids": [{"price": "0.01", "size": "164.56"}, {"price": "0.02", "size": "63.6"}, {"price": "0.03", "size": "66"}, {"price": "0.04", "size": "106.21"}, {"price": "0.05", "size": "40"}, {"price": "0.06", "size": "12.69"}, {"price": "0.08", "size": "10.71"}, {"price": "0.09", "size": "22"}, {"price": "0.1", "size": "8.61"}, {"price": "0.75", "size": "10"}, {"price": "0.76", "size": "29.98"}], "asks": [{"price": "0.99", "size": "250"}, {"price": "0.98", "size": "263"}], "event_type": "book", "last_trade_price": "0.030"}, {"market": "0xcf25a16506f6a3b97973f859548d7e6fae3a26074dc5bf9f3327ff4afa15f052", "asset_id": "9488373209706990415927061741680637538181330995613638592761892634037988951887", "timestamp": "1769384436416", "hash": "e9edf6802176ca09161dc20d417c79192665671c", "bids": [{"price": "0.01", "size": "317.9"}, {"price": "0.02", "size": "130.9"}, {"price": "0.03", "size": "150.06"}, {"price": "0.04", "size": "50"}], "asks": [{"price": "0.99", "size": "202.55"}, {"price": "0.98", "size": "75.11"}, {"price": "0.97", "size": "119"}, {"price": "0.96", "size": "60.47"}, {"price": "0.95", "size": "40"}], "event_type": "book", "last_trade_price": ""}, {"market": "0x1d32ce05ca6e0c2ef2155f7756e04bf7ee447e5cd80f9b0cbca6e30103e712c2", "asset_id": "96035427047957860238601964686322960178796676250355302488497645891282073906323", "timestamp": "1769384482700", "hash": "2d239acf1c6f16677ae277717c9e2d7397b74477", "bids": [{"price": "0.01", "size": "324.59"}, {"price": "0.02", "size": "136.44"}, {"price": "0.03", "size": "199"}, {"price": "0.04", "size": "50"}], "asks": [{"price": "0.99", "size": "202.55"}, {"price": "0.98", "size": "75.11"}, {"price": "0.97", "size": "119"}, {"price": "0.96", "size": "60.47"}, {"price": "0.95", "size": "40"}], "event_type": "book", "last_trade_price": ""}, {"market": "0x1f28e936a3e9c2a916bfdecc4d6603835e1985f60c485a60bcb7b8402a7ec5cf", "asset_id": "109828891071100824896847511565545818376466735813078502135402694505564753762449", "timestamp": "1769384436603", "hash": "9085f41ae06fc27a023d477e7c2d13b6b35332e0", "bids": [{"price": "0.01", "size": "202.55"}, {"price": "0.02", "size": "75.11"}, {"price": "0.03", "size": "124"}, {"price": "0.04", "size": "60.47"}, {"price": "0.05", "size": "40"}], "asks": [{"price": "0.99", "size": "301.99"}, {"price": "0.98", "size": "122.42"}, {"price": "0.97", "size": "199.8"}, {"price": "0.96", "size": "50"}], "event_type": "book", "last_trade_price": ""}, {"market": "0x3df1d40dc6fea27f18ee584b616ff1b09cf202666db865f16041fd710e6af8bb", "asset_id": "74275377145099892534048956360568732163537668220476136728849256884629203741316", "timestamp": "1769366131347", "hash": "7fb7a7e5f393b8be6e1ddcfd99942a52e528d573", "bids": [{"price": "0.01", "size": "318.54"}, {"price": "0.02", "size": "132.76"}, {"price": "0.03", "size": "201.88"}, {"price": "0.04", "size": "50"}], "asks": [{"price": "0.99", "size": "202.55"}, {"price": "0.98", "size": "75.11"}, {"price": "0.97", "size": "119"}, {"price": "0.96", "size": "60.47"}, {"price": "0.95", "size": "40"}], "event_type": "book", "last_trade_price": ""}, {"market": "0xcf25a16506f6a3b97973f859548d7e6fae3a26074dc5bf9f3327ff4afa15f052", "asset_id": "61758322350122459599126798316719591551997232699291374228656807283047310789999", "timestamp": "1769384436416", "hash": "5700dcbb40c8d77b60fee514614ef46fbd918e77", "bids": [{"price": "0.01", "size": "202.55"}, {"price": "0.02", "size": "75.11"}, {"price": "0.03", "size": "119"}, {"price": "0.04", "size": "60.47"}, {"price": "0.05", "size": "40"}], "asks": [{"price": "0.99", "size": "317.9"}, {"price": "0.98", "size": "130.9"}, {"price": "0.97", "size": "150.06"}, {"price": "0.96", "size": "50"}], "event_type": "book", "last_trade_price": ""}, {"market": "0x0446968b6f0abedca51a9f21e2f096afa2677470e51ffa6a0fb8b8cd2bf844b6", "asset_id": "36221445164848782670199956916508258724867928233029336054315942169450434152996", "timestamp": "1769384481216", "hash": "9401f8cd618db5948a0b6fb5a84e4739696e511a", "bids": [{"price": "0.01", "size": "324.59"}, {"price": "0.02", "size": "136.44"}, {"price": "0.03", "size": "292"}, {"price": "0.04", "size": "50"}], "asks": [{"price": "0.99", "size": "202.55"}, {"price": "0.98", "size": "75.11"}, {"price": "0.97", "size": "186"}, {"price": "0.96", "size": "60.47"}, {"price": "0.95", "size": "40"}], "event_type": "book", "last_trade_price": ""}, {"market": "0x631cea545a1b367f821d6ed0b761b20fec9d09aebd769ce5717c7704767a2ca7", "asset_id": "79779242889335197227982557268444017822136446569166284810101808354048848441815", "timestamp": "1769366135351", "hash": "7ed97367d6247e4a13a487db5321a6465aec038b", "bids": [{"price": "0.01", "size": "250"}, {"price": "0.02", "size": "132.76"}, {"price": "0.03", "size": "201.88"}, {"price": "0.04", "size": "50"}], "asks": [{"price": "0.99", "size": "202.55"}, {"price": "0.98", "size": "75.11"}, {"price": "0.97", "size": "119"}, {"price": "0.96", "size": "60.47"}, {"price": "0.95", "size": "40"}], "event_type": "book", "last_trade_price": ""}, {"market": "0x0446968b6f0abedca51a9f21e2f096afa2677470e51ffa6a0fb8b8cd2bf844b6", "asset_id": "36518045933709081237173813849791033593464861197281531431020977072941117781776", "timestamp": "1769384481216", "hash": "89f0bd8c0330d884557879853cf70d496b92bdb6", "bids": [{"price": "0.01", "size": "202.55"}, {"price": "0.02", "size": "75.11"}, {"price": "0.03", "size": "186"}, {"price": "0.04", "size": "60.47"}, {"price": "0.05", "size": "40"}], "asks": [{"price": "0.99", "size": "324.59"}, {"price": "0.98", "size": "136.44"}, {"price": "0.97", "size": "292"}, {"price": "0.96", "size": "50"}], "event_type": "book", "last_trade_price": ""}, {"market": "0x5c22466ab9af8966ad10d1dbd50d743beddf658a2122104d30dbc6b7e5fe023f", "asset_id": "37887044872997566171462898983315525952734239959668179403918911454608764498126", "timestamp": "1769384436508", "hash": "a692006e2166eabc1b82054d50e8bde1d18ecf96", "bids": [{"price": "0.01", "size": "303.37"}, {"price": "0.02", "size": "143.78"}, {"price": "0.03", "size": "144.18"}, {"price": "0.04", "size": "50"}], "asks": [{"price": "0.99", "size": "264.57"}, {"price": "0.98", "size": "106.96"}, {"price": "0.97", "size": "259.68"}, {"price": "0.96", "size": "50"}, {"price": "0.95", "size": "28.4"}, {"price": "0.34", "size": "10"}], "event_type": "book", "last_trade_price": ""}, {"market": "0x3198dd943e669247f030ef00cb8961d085a9b99f1155960b8cc3e1f08d1c0139", "asset_id": "66757876320428341729773975814837173035639589085776087690849335776935249057631", "timestamp": "1769366129985", "hash": "25b757898ad88de273ce225180739e9228a4d466", "bids": [{"price": "0.01", "size": "318.54"}, {"price": "0.02", "size": "132.76"}, {"price": "0.03", "size": "271.88"}, {"price": "0.04", "size": "50"}], "asks": [{"price": "0.99", "size": "202.55"}, {"price": "0.98", "size": "75.11"}, {"price": "0.97", "size": "186"}, {"price": "0.96", "size": "60.47"}, {"price": "0.95", "size": "40"}], "event_type": "book", "last_trade_price": ""}, {"market": "0x9b93a774749480ba7319ee8861348c3d421dc5a16df0214a3339ec3c5c9f342e", "asset_id": "99803313817396325674786571450316932512429211886420016435927794699821860350833", "timestamp": "1769384482699", "hash": "e0e9ca17d4018d4754eb8e0456c924bd26de1225", "bids": [{"price": "0.01", "size": "202.55"}, {"price": "0.02", "size": "75.11"}, {"price": "0.03", "size": "186"}, {"price": "0.04", "size": "60.47"}, {"price": "0.05", "size": "40"}], "asks": [{"price": "0.99", "size": "324.59"}, {"price": "0.98", "size": "136.44"}, {"price": "0.97", "size": "292"}, {"price": "0.96", "size": "50"}], "event_type": "book", "last_trade_price": ""}]}
{"_local_timestamp": "2026-01-25T23:42:22.255361+00:00", "data": {"market": "0xcf25a16506f6a3b97973f859548d7e6fae3a26074dc5bf9f3327ff4afa15f052", "price_changes": [{"asset_id": "9488373209706990415927061741680637538181330995613638592761892634037988951887", "price": "0.02", "size": "138.19", "side": "BUY", "hash": "38133b1ec825d907df47afe5672a6f4d6ef5c0c8", "best_bid": "0.04", "best_ask": "0.95"}, {"asset_id": "61758322350122459599126798316719591551997232699291374228656807283047310789999", "price": "0.98", "size": "138.19", "side": "SELL", "hash": "e577af064145611f079b2e13ffc6d0080bc3a970", "best_bid": "0.05", "best_ask": "0.96"}], "timestamp": "1769384542135", "event_type": "price_change"}}
{"_local_timestamp": "2026-01-25T23:42:22.257021+00:00", "data": {"market": "0x1f28e936a3e9c2a916bfdecc4d6603835e1985f60c485a60bcb7b8402a7ec5cf", "price_changes": [{"asset_id": "73587133910662165037774303092494427178210720015259146875668169537819894761679", "price": "0.01", "size": "323.36", "side": "BUY", "hash": "7d0bacd61a74ea697455d58ab5956b9e22f5f098", "best_bid": "0.04", "best_ask": "0.95"}, {"asset_id": "109828891071100824896847511565545818376466735813078502135402694505564753762449", "price": "0.99", "size": "323.36", "side": "SELL", "hash": "782a6cbe46a3d7fe029263e75f176a790f83a813", "best_bid": "0.05", "best_ask": "0.96"}], "timestamp": "1769384542135", "event_type": "price_change"}}
{"_local_timestamp": "2026-01-25T23:42:22.257366+00:00", "data": {"market": "0x1f28e936a3e9c2a916bfdecc4d6603835e1985f60c485a60bcb7b8402a7ec5cf", "price_changes": [{"asset_id": "73587133910662165037774303092494427178210720015259146875668169537819894761679", "price": "0.02", "size": "135.85", "side": "BUY", "hash": "6fcc1746b4ad47f1168e16d05519117329c88b3f", "best_bid": "0.04", "best_ask": "0.95"}, {"asset_id": "109828891071100824896847511565545818376466735813078502135402694505564753762449", "price": "0.98", "size": "135.85", "side": "SELL", "hash": "ad46f92621f25ebd93e399ff9ea898bf8cf44867", "best_bid": "0.05", "best_ask": "0.96"}], "timestamp": "1769384542137", "event_type": "price_change"}}
{"_local_timestamp": "2026-01-25T23:42:22.367029+00:00", "data": {"market": "0x5c22466ab9af8966ad10d1dbd50d743beddf658a2122104d30dbc6b7e5fe023f", "price_changes": [{"asset_id": "37887044872997566171462898983315525952734239959668179403918911454608764498126", "price": "0.01", "size": "287.36", "side": "BUY", "hash": "399a16a4daf3dd2b8dcd00662736314d01d9117a", "best_bid": "0.04", "best_ask": "0.34"}, {"asset_id": "831552095182018840913332803742331439179830760845165067066088165089522003565", "price": "0.99", "size": "287.36", "side": "SELL", "hash": "12115f5dd4fba4be1507404aadad0c4934bd9e58", "best_bid": "0.66", "best_ask": "0.96"}], "timestamp": "1769384542255", "event_type": "price_change"}}
{"_local_timestamp": "2026-01-25T23:42:22.367388+00:00", "data": {"market": "0x5c22466ab9af8966ad10d1dbd50d743beddf658a2122104d30dbc6b7e5fe023f", "price_changes": [{"asset_id": "37887044872997566171462898983315525952734239959668179403918911454608764498126", "price": "0.02", "size": "122.42", "side": "BUY", "hash": "399a16a4daf3dd2b8dcd00662736314d01d9117a", "best_bid": "0.04", "best_ask": "0.34"}, {"asset_id": "831552095182018840913332803742331439179830760845165067066088165089522003565", "price": "0.98", "size": "122.42", "side": "SELL", "hash": "12115f5dd4fba4be1507404aadad0c4934bd9e58", "best_bid": "0.66", "best_ask": "0.96"}], "timestamp": "1769384542255", "event_type": "price_change"}}
{"_local_timestamp": "2026-01-25T23:42:25.535767+00:00", "data": {"market": "0x5c22466ab9af8966ad10d1dbd50d743beddf658a2122104d30dbc6b7e5fe023f", "price_changes": [{"asset_id": "37887044872997566171462898983315525952734239959668179403918911454608764498126", "price": "0.02", "size": "142.78", "side": "BUY", "hash": "3df4a754ac33c4173f392e766066368eb85e9b12", "best_bid": "0.04", "best_ask": "0.34"}, {"asset_id": "831552095182018840913332803742331439179830760845165067066088165089522003565", "price": "0.98", "size": "142.78", "side": "SELL", "hash": "018ea28ed71b9fc4906f2dfde5127fb3a3571d08", "best_bid": "0.66", "best_ask": "0.96"}], "timestamp": "1769384545421", "event_type": "price_change"}}
{"_local_timestamp": "2026-01-25T23:42:25.536216+00:00", "data": {"market": "0x5c22466ab9af8966ad10d1dbd50d743beddf658a2122104d30dbc6b7e5fe023f", "price_changes": [{"asset_id": "37887044872997566171462898983315525952734239959668179403918911454608764498126", "price": "0.01", "size": "305.35", "side": "BUY", "hash": "d4f4260a0eb1278d01e461d62f71b833ffe0fb28", "best_bid": "0.04", "best_ask": "0.34"}, {"asset_id": "831552095182018840913332803742331439179830760845165067066088165089522003565", "price": "0.99", "size": "305.35", "side": "SELL", "hash": "15a89595f2f64dce631eff9754e5eee0a0db68c4", "best_bid": "0.66", "best_ask": "0.96"}], "timestamp": "1769384545422", "event_type": "price_change"}}
{"_local_timestamp": "2026-01-25T23:42:26.772163+00:00", "data": {"market": "0x2007b18cf1601796bceca32ee948c5a88e302029d469747b09fd2d42e3bad505", "price_changes": [{"asset_id": "31260085349420353000309506947246272567761498724043684826853778771340677076263", "price": "0.01", "size": "250", "side": "BUY", "hash": "37e8329b2c6fccc3a1ebdff21de814d42499a427", "best_bid": "0.03", "best_ask": "0.24"}, {"asset_id": "26442081845944692797083968131927177720273041744525578783092625478403299808526", "price": "0.99", "size": "250", "side": "SELL", "hash": "6d5c699da3120b53104ac26554b21481349936a9", "best_bid": "0.76", "best_ask": "0.97"}], "timestamp": "1769384546663", "event_type": "price_change"}}
{"_local_timestamp": "2026-01-25T23:42:28.457510+00:00", "data": {"market": "0x2007b18cf1601796bceca32ee948c5a88e302029d469747b09fd2d42e3bad505", "price_changes": [{"asset_id": "31260085349420353000309506947246272567761498724043684826853778771340677076263", "price": "0.01", "size": "315.34", "side": "BUY", "hash": "6a4ddbd04bba7c0e00fb439b60bb7f0dfb984df5", "best_bid": "0.03", "best_ask": "0.24"}, {"asset_id": "26442081845944692797083968131927177720273041744525578783092625478403299808526", "price": "0.99", "size": "315.34", "side": "SELL", "hash": "3af6e0fe3b7f9948e9cd04068e344b572417de47", "best_bid": "0.76", "best_ask": "0.97"}], "timestamp": "1769384548368", "event_type": "price_change"}}
{"_local_timestamp": "2026-01-25T23:42:28.459419+00:00", "data": {"market": "0x2007b18cf1601796bceca32ee948c5a88e302029d469747b09fd2d42e3bad505", "price_changes": [{"asset_id": "31260085349420353000309506947246272567761498724043684826853778771340677076263", "price": "0.02", "size": "323.06", "side": "BUY", "hash": "e9a3456f3df23470c93eda215983708a18272703", "best_bid": "0.03", "best_ask": "0.24"}, {"asset_id": "26442081845944692797083968131927177720273041744525578783092625478403299808526", "price": "0.98", "size": "323.06", "side": "SELL", "hash": "46260b7b5ba6cc80223fe28102efc67879849a15", "best_bid": "0.76", "best_ask": "0.97"}], "timestamp": "1769384548369", "event_type": "price_change"}}
{"_local_timestamp": "2026-01-25T23:43:26.825334+00:00", "data": {"market": "0x2007b18cf1601796bceca32ee948c5a88e302029d469747b09fd2d42e3bad505", "price_changes": [{"asset_id": "31260085349420353000309506947246272567761498724043684826853778771340677076263", "price": "0.02", "size": "258", "side": "BUY", "hash": "674eacb8b5f30a11fde4c8fb5e8f98625c32a0fb", "best_bid": "0.03", "best_ask": "0.24"}, {"asset_id": "26442081845944692797083968131927177720273041744525578783092625478403299808526", "price": "0.98", "size": "258", "side": "SELL", "hash": "12350ce8ce806f3acb2339277b0ed3c1466b16aa", "best_bid": "0.76", "best_ask": "0.97"}], "timestamp": "1769384606682", "event_type": "price_change"}}
