{"_local_timestamp": "2026-01-25T23:34:24.967517+00:00", "data": [{"market": "0x50a7654cf38bfd4c236de11e7cf567b266fdbc065bf838aa259373929254cd26", "asset_id": "78692422483725420156800323750253512418088548955341771545627893708717523774087", "timestamp": "1769366098227", "hash": "5824b4213d30ebd5eab6f9dff3f10b2e3dc4c7a5", "bids": [{"price": "0.01", "size": "318.54"}, {"price": "0.02", "size": "132.76"}, {"price": "0.03", "size": "272.88"}, {"price": "0.04", "size": "50"}], "asks": [{"price": "0.99", "size": "192.96"}, {"price": "0.98", "size": "40.17"}, {"price": "0.97", "size": "92"}, {"price": "0.96", "size": "83.38"}, {"price": "0.95", "size": "27.17"}, {"price": "0.94", "size": "33"}], "event_type": "book", "last_trade_price": ""}, {"market": "0x8e5e93738d39bfa96b5c71b68a5b97322294c8cedbe22a4a1a1ce3a24d7a1cd7", "asset_id": "4289278606893847085254190999368801698273252554244292015509049559218855376578", "timestamp": "1769383978950", "hash": "e36f6502cb8ab5721fd68d1e717db6df22ff5252", "bids": [{"price": "0.01", "size": "318.54"}, {"price": "0.02", "size": "132.76"}, {"price": "0.03", "size": "272.88"}, {"price": "0.04", "size": "50"}], "asks": [{"price": "0.99", "size": "324.61"}, {"price": "0.98", "size": "136.45"}, {"price": "0.97", "size": "235"}, {"price": "0.96", "size": "50"}, {"price": "0.95", "size": "23.99"}], "event_type": "book", "last_trade_price": ""}, {"market": "0x2ec05444b8206859177527f412919023335807559d3893bfdc244afefc5e47b0", "asset_id": "46389190561284496912293774303680445803680681901466073431112039669872696059793", "timestamp": "1769383823228", "hash": "e8ec3fcad9b546a37ce8422b9c4ba45d7b6f1a38", "bids": [{"price": "0.01", "size": "192.96"}, {"price": "0.02", "size": "40.17"}, {"price": "0.03", "size": "95"}, {"price": "0.04", "size": "83.38"}, {"price": "0.05", "size": "27.17"}, {"price": "0.06", "size": "33"}], "asks": [{"price": "0.99", "size": "324.61"}, {"price": "0.98", "size": "136.45"}, {"price": "0.97", "size": "280"}, {"price": "0.96", "size": "50"}], "event_type": "book", "last_trade_price": ""}, {"market": "0x2ec05444b8206859177527f412919023335807559d3893bfdc244afefc5e47b0", "asset_id": "36453257333060664302272578736638239402243609113870411579283920884153897843291", "timestamp": "1769383823228", "hash": "d9837c148b0588c5e2fc88782df3a25b0432d7d8", "bids": [{"price": "0.01", "size": "324.61"}, {"price": "0.02", "size": "136.45"}, {"price": "0.03", "size": "280"}, {"price": "0.04", "size": "50"}], "asks": [{"price": "0.99", "size": "192.96"}, {"price": "0.98", "size": "40.17"}, {"price": "0.97", "size": "95"}, {"price": "0.96", "size": "83.38"}, {"price": "0.95", "size": "27.17"}, {"price": "0.94", "size": "33"}], "event_type": "book", "last_trade_price": ""}, {"market": "0xb8ef2d3bcec165deadb82567f77b2388728cb72359e7360ac8961251a7e2afdd", "asset_id": "99119429639346216558506846907652364506124715164431712568772785133524081984811", "timestamp": "1769383978950", "hash": "0bd733741661b3648be35f7c35de3db1169d794a", "bids": [{"price": "0.01", "size": "324.61"}, {"price": "0.02", "size": "136.45"}, {"price": "0.03", "size": "280"}, {"price": "0.04", "size": "50"}], "asks": [{"price": "0.99", "size": "324.61"}, {"price": "0.98", "size": "136.45"}, {"price": "0.97", "size": "235"}, {"price": "0.96", "size": "50"}, {"price": "0.95", "size": "23.99"}], "event_type": "book", "last_trade_price": ""}, {"market": "0xcce8e134cc800c647578712ae1cacd0e7d637a419a6dee4f9c24796d51db0265", "asset_id": "65817102744065572480230294686806311631479345064141969816983875806228836264752", "timestamp": "1769383979052", "hash": "f7335c3820a86af8e3f9801188a4ba71eae178ab", "bids": [{"price": "0.01", "size": "318.54"}, {"price": "0.02", "size": "132.76"}, {"price": "0.03", "size": "203.88"}, {"price": "0.04", "size": "50"}], "asks": [{"price": "0.99", "size": "326.74"}, {"price": "0.98", "size": "135.38"}, {"price": "0.97", "size": "199"}, {"price": "0.96", "size": "50"}, {"price": "0.95", "size": "23.99"}], "event_type": "book", "last_trade_price": ""}, {"market": "0x8e5e93738d39bfa96b5c71b68a5b97322294c8cedbe22a4a1a1ce3a24d7a1cd7", "asset_id": "31665810693337854078333031179629564712987621075571279782098878118998024539942", "timestamp": "1769383978950", "hash": "0e899a2b1e498b33fc82be3899adf286436cfa4a", "bids": [{"price": "0.01", "size": "324.61"}, {"price": "0.02", "size": "136.45"}, {"price": "0.03", "size": "235"}, {"price": "0.04", "size": "50"}, {"price": "0.05", "size": "23.99"}], "asks": [{"price": "0.99", "size": "318.54"}, {"price": "0.98", "size": "132.76"}, {"price": "0.97", "size": "272.88"}, {"price": "0.96", "size": "50"}], "event_type": "book", "last_trade_price": ""}, {"market": "0xa553e9fab8c5b65206826c13c3af9b6be92d30c9c8201fd43f07e98d0bcfd579", "asset_id": "97888639872369939223919799390542737259247997322068019224307993159751348626803", "timestamp": "1769383823228", "hash": "fa85580740df0432dd88fdf703ef1344e51eb6c8", "bids": [{"price": "0.01", "size": "321.51"}, {"price": "0.02", "size": "138"}, {"price": "0.03", "size": "280"}, {"price": "0.04", "size": "50"}], "asks": [{"price": "0.99", "size": "192.96"}, {"price": "0.98", "size": "119.53"}, {"price": "0.97", "size": "25.6"}, {"price": "0.96", "size": "25"}, {"price": "0.95", "size": "87.17"}, {"price": "0.94", "size": "33"}], "event_type": "book", "last_trade_price": ""}, {"market": "0xfa92381f81b5adcfda62f2d53e77dae85a187f0e0fd6de82751d98f2783f4c82", "asset_id": "108340183697860237873537937757432633768541731341678932872023807481050268145294", "timestamp": "1769383978950", "hash": "d1e42686d36ed13f5257726a5f86e68482e4fe29", "bids": [{"price": "0.01", "size": "192.96"}, {"price": "0.02", "size": "40.17"}, {"price": "0.03", "size": "92"}, {"price": "0.04", "size": "83.38"}, {"price": "0.05", "size": "27.17"}, {"price": "0.06", "size": "33"}], "asks": [{"price": "0.99", "size": "324.61"}, {"price": "0.98", "size": "136.45"}, {"price": "0.97", "size": "268"}, {"price": "0.96", "size": "50"}, {"price": "0.95", "size": "23.99"}], "event_type": "book", "last_trade_price": ""}, {"market": "0x4d35158f35437b2a046f47ed834659a238f0eab9b6475c46b08a4fdbfb0a8371", "asset_id": "80526323222606421671338856587841249061831272164247760037444004984999868940383", "timestamp": "1769383978950", "hash": "8da7a09146c6942ad3cdf269d5b9a6f9978f8598", "bids": [{"price": "0.01", "size": "324.61"}, {"price": "0.02", "size": "136.45"}, {"price": "0.03", "size": "193"}, {"price": "0.04", "size": "50"}, {"price": "0.05", "size": "23.99"}], "asks": [{"price": "0.99", "size": "318.54"}, {"price": "0.98", "size": "132.76"}, {"price": "0.97", "size": "272.88"}, {"price": "0.96", "size": "50"}], "event_type": "book", "last_trade_price": ""}, {"market": "0xfa92381f81b5adcfda62f2d53e77dae85a187f0e0fd6de82751d98f2783f4c82", "asset_id": "99860339626233003377107831802845090972415981890567845419092028703436659773744", "timestamp": "1769383978950", "hash": "3ad91511d64a64fe0a167b98ee3142f5897f2e1d", "bids": [{"price": "0.01", "size": "324.61"}, {"price": "0.02", "size": "136.45"}, {"price": "0.03", "size": "268"}, {"price": "0.04", "size": "50"}, {"price": "0.05", "size": "23.99"}], "asks": [{"price": "0.99", "size": "192.96"}, {"price": "0.98", "size": "40.17"}, {"price": "0.97", "size": "92"}, {"price": "0.96", "size": "83.38"}, {"price": "0.95", "size": "27.17"}, {"price": "0.94", "size": "33"}], "event_type": "book", "last_trade_price": ""}, {"market": "0xcce8e134cc800c647578712ae1cacd0e7d637a419a6dee4f9c24796d51db0265", "asset_id": "42594116318814585990723848827387927348930790190064595765047508877479170108692", "timestamp": "1769383979052", "hash": "ce5eb83bf2cd16c698cdb146d303dc1cf3041cdc", "bids": [{"price": "0.01", "size": "326.74"}, {"price": "0.02", "size": "135.38"}, {"price": "0.03", "size": "199"}, {"price": "0.04", "size": "50"}, {"price": "0.05", "size": "23.99"}], "asks": [{"price": "0.99", "size": "318.54"}, {"price": "0.98", "size": "132.76"}, {"price": "0.97", "size": "203.88"}, {"price": "0.96", "size": "50"}], "event_type": "book", "last_trade_price": ""}, {"market": "0xc32eb2ef6e9ff79355cdd3cf5167bb2d296c2a4b94a6f9e91b62baf2a11fe915", "asset_id": "19353349643293160294017855897120942108968324163221470521949683147376822269864", "timestamp": "1769383978950", "hash": "06e28dd57c2f25121fb351f74cf2c15055cb1e22", "bids": [{"price": "0.01", "size": "318.54"}, {"price": "0.02", "size": "132.76"}, {"price": "0.03", "size": "203.88"}, {"price": "0.04", "size": "50"}], "asks": [{"price": "0.99", "size": "325.03"}, {"price": "0.98", "size": "136.24"}, {"price": "0.97", "size": "199"}, {"price": "0.96", "size": "50"}, {"price": "0.95", "size": "23.99"}], "event_type": "book", "last_trade_price": ""}, {"market": "0x6c69159feef34c18c8e4e2ccf6580a5d89a69d0a3834185402138ec13d6952e7", "asset_id": "17188538777625132692660656014689339104699325451015624831433972145591059141742", "timestamp": "1769383978950", "hash": "62c1f873a812065f7c6bd0bf189a7fbd3ba92ef4", "bids": [{"price": "0.01", "size": "323.24"}, {"price": "0.02", "size": "135.93"}, {"price": "0.03", "size": "199.8"}, {"price": "0.04", "size": "50"}, {"price": "0.05", "size": "23.99"}], "asks": [{"price": "0.99", "size": "324.5"}, {"price": "0.98", "size": "136.5"}, {"price": "0.97", "size": "199"}, {"price": "0.96", "size": "50"}], "event_type": "book", "last_trade_price": ""}, {"market": "0x50a7654cf38bfd4c236de11e7cf567b266fdbc065bf838aa259373929254cd26", "asset_id": "60349906698433546189098204381593377097633410965480292357677437321259982746328", "timestamp": "1769366098227", "hash": "7243c3d352010e142c36cd5852d7b8ebc65b5ab8", "bids": [{"price": "0.01", "size": "192.96"}, {"price": "0.02", "size": "40.17"}, {"price": "0.03", "size": "92"}, {"price": "0.04", "size": "83.38"}, {"price": "0.05", "size": "27.17"}, {"price": "0.06", "size": "33"}], "asks": [{"price": "0.99", "size": "318.54"}, {"price": "0.98", "size": "132.76"}, {"price": "0.97", "size": "272.88"}, {"price": "0.96", "size": "50"}], "event_type": "book", "last_trade_price": ""}, {"market": "0xfebcebce8643989027c547ea1c9b61dac0b47a03dc44ae742c56fc32ed7f4521", "asset_id": "68091805598215361887579543601922545950020242636143729645760544101001256572232", "timestamp": "1769383979052", "hash": "0f5128138c8210f33b2313fb3d3524008cc96da6", "bids": [{"price": "0.01", "size": "318.54"}, {"price": "0.02", "size": "132.76"}, {"price": "0.03", "size": "203.88"}, {"price": "0.04", "size": "50"}], "asks": [{"price": "0.99", "size": "325.03"}, {"price": "0.98", "size": "136.24"}, {"price": "0.97", "size": "199"}, {"price": "0.96", "size": "50"}, {"price": "0.95", "size": "23.99"}], "event_type": "book", "last_trade_price": ""}, {"market": "0x6c69159feef34c18c8e4e2ccf6580a5d89a69d0a3834185402138ec13d6952e7", "asset_id": "7155917747898226841630160054956272790663585315139518208542677863440461896871", "timestamp": "1769383978950", "hash": "5d3342d53c8209b578634682395d2a1c683fbc61", "bids": [{"price": "0.01", "size": "324.5"}, {"price": "0.02", "size": "136.5"}, {"price": "0.03", "size": "199"}, {"price": "0.04", "size": "50"}], "asks": [{"price": "0.99", "size": "323.24"}, {"price": "0.98", "size": "135.93"}, {"price": "0.97", "size": "199.8"}, {"price": "0.96", "size": "50"}, {"price": "0.95", "size": "23.99"}], "event_type": "book", "last_trade_price": ""}, {"market": "0x5921c31cf941f5bb16af83cf64e93faa3919ae44856a8a19f0ce5a8c7708bb04", "asset_id": "19882581017284074173837856337727250253994645865586624719511142546577763248135", "timestamp": "1769383979052", "hash": "ea7add580f46069c49bcb67501258fb01bc6e977", "bids": [{"price": "0.01", "size": "324.27"}, {"price": "0.02", "size": "136.62"}, {"price": "0.03", "size": "199"}, {"price": "0.04", "size": "50"}, {"price": "0.05", "size": "23.99"}], "asks": [{"price": "0.99", "size": "324.27"}, {"price": "0.98", "size": "136.62"}, {"price": "0.97", "size": "199"}, {"price": "0.96", "size": "50"}, {"price": "0.95", "size": "23.99"}], "event_type": "book", "last_trade_price": ""}, {"market": "0xbb8510952d1916afb304e953b9e5a3c7bfbb9b8d74429f04a77d3ce9abf59ede", "asset_id": "43863257746611880218937041751040871913582567578141446572924843850046623196609", "timestamp": "1769383978950", "hash": "f153302e81b2d91f4a26a8bc7405fd0893fba99e", "bids": [{"price": "0.01", "size": "324.28"}, {"price": "0.02", "size": "136.63"}, {"price": "0.03", "size": "198.99"}, {"price": "0.04", "size": "50"}], "asks": [{"price": "0.99", "size": "326.5"}, {"price": "0.98", "size": "135.5"}, {"price": "0.97", "size": "199"}, {"price": "0.96", "size": "50"}, {"price": "0.95", "size": "23.99"}], "event_type": "book", "last_trade_price": ""}, {"market": "0x1574c97d1e0b39e0aa6122623f9ef9417b11d5c391d65060264aa9979e0de387", "asset_id": "740605388710709512354418877329303473638121640739314648330344397295465148041", "timestamp": "1769383823698", "hash": "e800007aeaa399cd28b158755509914d3448f18c", "bids": [{"price": "0.01", "size": "192.96"}, {"price": "0.02", "size": "40.17"}, {"price": "0.03", "size": "92"}, {"price": "0.04", "size": "83.38"}, {"price": "0.05", "size": "27.17"}, {"price": "0.06", "size": "33"}], "asks": [{"price": "0.99", "size": "324.61"}, {"price": "0.98", "size": "136.45"}, {"price": "0.97", "size": "280"}, {"price": "0.96", "size": "50"}], "event_type": "book", "last_trade_price": ""}, {"market": "0xfebcebce8643989027c547ea1c9b61dac0b47a03dc44ae742c56fc32ed7f4521", "asset_id": "65259862989779526899113611940295663390181697886491735235503986258900972141603", "timestamp": "1769383979052", "hash": "aaf6ba5cfe1c32d1e73dfec2fea19919ea0eec9b", "bids": [{"price": "0.01", "size": "325.03"}, {"price": "0.02", "size": "136.24"}, {"price": "0.03", "size": "199"}, {"price": "0.04", "size": "50"}, {"price": "0.05", "size": "23.99"}], "asks": [{"price": "0.99", "size": "318.54"}, {"price": "0.98", "size": "132.76"}, {"price": "0.97", "size": "203.88"}, {"price": "0.96", "size": "50"}], "event_type": "book", "last_trade_price": ""}, {"market": "0x4d35158f35437b2a046f47ed834659a238f0eab9b6475c46b08a4fdbfb0a8371", "asset_id": "30476494742793499221416014095750917086512108938334884011193720383741587262581", "timestamp": "1769383978950", "hash": "a2b073786e3e7fbef45e8715f18ff33e9569e925", "bids": [{"price": "0.01", "size": "318.54"}, {"price": "0.02", "size": "132.76"}, {"price": "0.03", "size": "272.88"}, {"price": "0.04", "size": "50"}], "asks": [{"price": "0.99", "size": "324.61"}, {"price": "0.98", "size": "136.45"}, {"price": "0.97", "size": "193"}, {"price": "0.96", "size": "50"}, {"price": "0.95", "size": "23.99"}], "event_type": "book", "last_trade_price": ""}, {"market": "0xb8ef2d3bcec165deadb82567f77b2388728cb72359e7360ac8961251a7e2afdd", "asset_id": "86022011366679176850231859959431997001979507229477606673736375246628108109456", "timestamp": "1769383978950", "hash": "c9214803928276cbad7bf5582ee93e2888ae22da", "bids": [{"price": "0.01", "size": "324.61"}, {"price": "0.02", "size": "136.45"}, {"price": "0.03", "size": "235"}, {"price": "0.04", "size": "50"}, {"price": "0.05", "size": "23.99"}], "asks": [{"price": "0.99", "size": "324.61"}, {"price": "0.98", "size": "136.45"}, {"price": "0.97", "size": "280"}, {"price": "0.96", "size": "50"}], "event_type": "book", "last_trade_price": ""}, {"market": "0x5921c31cf941f5bb16af83cf64e93faa3919ae44856a8a19f0ce5a8c7708bb04", "asset_id": "112884328786807100192202904147068364993635663253354982517010699383897186239141", "timestamp": "1769383979052", "hash": "7334a51bcb27ec6374256d1a5697dfcb314bca70", "bids": [{"price": "0.01", "size": "324.27"}, {"price": "0.02", "size": "136.62"}, {"price": "0.03", "size": "199"}, {"price": "0.04", "size": "50"}, {"price": "0.05", "size": "23.99"}], "asks": [{"price": "0.99", "size": "324.27"}, {"price": "0.98", "size": "136.62"}, {"price": "0.97", "size": "199"}, {"price": "0.96", "size": "50"}, {"price": "0.95", "size": "23.99"}], "event_type": "book", "last_trade_price": ""}, {"market": "0xbb8510952d1916afb304e953b9e5a3c7bfbb9b8d74429f04a77d3ce9abf59ede", "asset_id": "28122100507487988913975082995339253590983376110617853907860490631003390921001", "timestamp": "1769383978950", "hash": "2338fba677c7c3c45f0f8acbb3e4cbbccf29ab7c", "bids": [{"price": "0.01", "size": "326.5"}, {"price": "0.02", "size": "135.5"}, {"price": "0.03", "size": "199"}, {"price": "0.04", "size": "50"}, {"price": "0.05", "size": "23.99"}], "asks": [{"price": "0.99", "size": "324.28"}, {"price": "0.98", "size": "136.63"}, {"price": "0.97", "size": "198.99"}, {"price": "0.96", "size": "50"}], "event_type": "book", "last_trade_price": ""}, {"market": "0xa553e9fab8c5b65206826c13c3af9b6be92d30c9c8201fd43f07e98d0bcfd579", "asset_id": "115635820593063196378846946739661482628925643991759375782603606130357845478093", "timestamp": "1769383823228", "hash": "ade98b48702d8443cde3eb09a6fb3307cab83ff5", "bids": [{"price": "0.01", "size": "192.96"}, {"price": "0.02", "size": "119.53"}, {"price": "0.03", "size": "25.6"}, {"price": "0.04", "size": "25"}, {"price": "0.05", "size": "87.17"}, {"price": "0.06", "size": "33"}], "asks": [{"price": "0.99", "size": "321.51"}, {"price": "0.98", "size": "138"}, {"price": "0.97", "size": "280"}, {"price": "0.96", "size": "50"}], "event_type": "book", "last_trade_price": ""}, {"market": "0xc32eb2ef6e9ff79355cdd3cf5167bb2d296c2a4b94a6f9e91b62baf2a11fe915", "asset_id": "81839358533908552833079143480204009408182729728450572341026542742385062234307", "timestamp": "1769383978950", "hash": "405951c1b16749895cac0317908d486c2e9e77ea", "bids": [{"price": "0.01", "size": "325.03"}, {"price": "0.02", "size": "136.24"}, {"price": "0.03", "size": "199"}, {"price": "0.04", "size": "50"}, {"price": "0.05", "size": "23.99"}], "asks": [{"price": "0.99", "size": "318.54"}, {"price": "0.98", "size": "132.76"}, {"price": "0.97", "size": "203.88"}, {"price": "0.96", "size": "50"}], "event_type": "book", "last_trade_price": ""}, {"market": "0x1574c97d1e0b39e0aa6122623f9ef9417b11d5c391d65060264aa9979e0de387", "asset_id": "53184341308294491787776386049292947761235184653025631079998133045007059144775", "timestamp": "1769383823698", "hash": "bc7ae88a68e394e7fb31683eec3249a516cd58ba", "bids": [{"price": "0.01", "size": "324.61"}, {"price": "0.02", "size": "136.45"}, {"price": "0.03", "size": "280"}, {"price": "0.04", "size": "50"}], "asks": [{"price": "0.99", "size": "192.96"}, {"price": "0.98", "size": "40.17"}, {"price": "0.97", "size": "92"}, {"price": "0.96", "size": "83.38"}, {"price": "0.95", "size": "27.17"}, {"price": "0.94", "size": "33"}], "event_type": "book", "last_trade_price": ""}]}
{"_local_timestamp": "2026-01-25T23:34:34.031189+00:00", "data": {"market": "0xbb8510952d1916afb304e953b9e5a3c7bfbb9b8d74429f04a77d3ce9abf59ede", "price_changes": [{"asset_id": "28122100507487988913975082995339253590983376110617853907860490631003390921001", "price": "0.05", "size": "0", "side": "BUY", "hash": "d1b0c9f76e11a55d4a8fb61280b9b3996cca8e87", "best_bid": "0.04", "best_ask": "0.96"}, {"asset_id": "43863257746611880218937041751040871913582567578141446572924843850046623196609", "price": "0.95", "size": "0", "side": "SELL", "hash": "ba46fef42259bfd7b5b11a06d7d7f24121b3e7d2", "best_bid": "0.04", "best_ask": "0.96"}], "timestamp": "1769384073786", "event_type": "price_change"}}
{"_local_timestamp": "2026-01-25T23:34:34.033772+00:00", "data": {"market": "0x4d35158f35437b2a046f47ed834659a238f0eab9b6475c46b08a4fdbfb0a8371", "price_changes": [{"asset_id": "80526323222606421671338856587841249061831272164247760037444004984999868940383", "price": "0.05", "size": "0", "side": "BUY", "hash": "f6484694649777811c2c43530b63cc60281f9cae", "best_bid": "0.04", "best_ask": "0.96"}, {"asset_id": "30476494742793499221416014095750917086512108938334884011193720383741587262581", "price": "0.95", "size": "0", "side": "SELL", "hash": "b4cc5e97e145ba08a9c726d53927f3b1bef99a50", "best_bid": "0.04", "best_ask": "0.96"}], "timestamp": "1769384073786", "event_type": "price_change"}}
{"_local_timestamp": "2026-01-25T23:34:34.035859+00:00", "data": {"market": "0xc32eb2ef6e9ff79355cdd3cf5167bb2d296c2a4b94a6f9e91b62baf2a11fe915", "price_changes": [{"asset_id": "81839358533908552833079143480204009408182729728450572341026542742385062234307", "price": "0.05", "size": "0", "side": "BUY", "hash": "3b635f54abebf09a78880670b3b7e7e931b6556b", "best_bid": "0.04", "best_ask": "0.96"}, {"asset_id": "19353349643293160294017855897120942108968324163221470521949683147376822269864", "price": "0.95", "size": "0", "side": "SELL", "hash": "8f9a1b910139d47594029bac4557b2b1b682c86d", "best_bid": "0.04", "best_ask": "0.96"}], "timestamp": "1769384073786", "event_type": "price_change"}}
{"_local_timestamp": "2026-01-25T23:34:34.036372+00:00", "data": {"market": "0xcce8e134cc800c647578712ae1cacd0e7d637a419a6dee4f9c24796d51db0265", "price_changes": [{"asset_id": "42594116318814585990723848827387927348930790190064595765047508877479170108692", "price": "0.05", "size": "0", "side": "BUY", "hash": "8a6134b523eaf3766bf4ba3d0c7972b9fc881ca9", "best_bid": "0.04", "best_ask": "0.96"}, {"asset_id": "65817102744065572480230294686806311631479345064141969816983875806228836264752", "price": "0.95", "size": "0", "side": "SELL", "hash": "646f040f5f8ed97a31b4f1f133ef3f137cf7eee5", "best_bid": "0.04", "best_ask": "0.96"}], "timestamp": "1769384073786", "event_type": "price_change"}}
{"_local_timestamp": "2026-01-25T23:34:34.115830+00:00", "data": {"market": "0xfebcebce8643989027c547ea1c9b61dac0b47a03dc44ae742c56fc32ed7f4521", "price_changes": [{"asset_id": "65259862989779526899113611940295663390181697886491735235503986258900972141603", "price": "0.05", "size": "0", "side": "BUY", "hash": "73df0da2a171888d8e0032a79d89017f3e77e670", "best_bid": "0.04", "best_ask": "0.96"}, {"asset_id": "68091805598215361887579543601922545950020242636143729645760544101001256572232", "price": "0.95", "size": "0", "side": "SELL", "hash": "c0c79e1781ae4bc8b89223adf0998380297d60bf", "best_bid": "0.04", "best_ask": "0.96"}], "timestamp": "1769384073891", "event_type": "price_change"}}
{"_local_timestamp": "2026-01-25T23:34:34.117136+00:00", "data": {"market": "0xb8ef2d3bcec165deadb82567f77b2388728cb72359e7360ac8961251a7e2afdd", "price_changes": [{"asset_id": "86022011366679176850231859959431997001979507229477606673736375246628108109456", "price": "0.05", "size": "0", "side": "BUY", "hash": "043bce4c2bd53eefc30d526719048d8b11ca0206", "best_bid": "0.04", "best_ask": "0.96"}, {"asset_id": "99119429639346216558506846907652364506124715164431712568772785133524081984811", "price": "0.95", "size": "0", "side": "SELL", "hash": "2294230e66ff64188f5aa78321c43ea7986490e6", "best_bid": "0.04", "best_ask": "0.96"}], "timestamp": "1769384073891", "event_type": "price_change"}}
{"_local_timestamp": "2026-01-25T23:34:34.117746+00:00", "data": {"market": "0x8e5e93738d39bfa96b5c71b68a5b97322294c8cedbe22a4a1a1ce3a24d7a1cd7", "price_changes": [{"asset_id": "31665810693337854078333031179629564712987621075571279782098878118998024539942", "price": "0.05", "size": "0", "side": "BUY", "hash": "c7ce63420fec6fec2456da424bcc2d41c4efa0dc", "best_bid": "0.04", "best_ask": "0.96"}, {"asset_id": "4289278606893847085254190999368801698273252554244292015509049559218855376578", "price": "0.95", "size": "0", "side": "SELL", "hash": "4c608737ea209dfcddf2e3a7ce9fc2a7a19fb246", "best_bid": "0.04", "best_ask": "0.96"}], "timestamp": "1769384073891", "event_type": "price_change"}}
{"_local_timestamp": "2026-01-25T23:34:34.211559+00:00", "data": {"market": "0xfa92381f81b5adcfda62f2d53e77dae85a187f0e0fd6de82751d98f2783f4c82", "price_changes": [{"asset_id": "99860339626233003377107831802845090972415981890567845419092028703436659773744", "price": "0.05", "size": "0", "side": "BUY", "hash": "e8ecf761cc316b09220a8944f33f7bc46d8b0e27", "best_bid": "0.04", "best_ask": "0.94"}, {"asset_id": "108340183697860237873537937757432633768541731341678932872023807481050268145294", "price": "0.95", "size": "0", "side": "SELL", "hash": "9ee2bdbf10932c438424c08ecbcba631b3e3693c", "best_bid": "0.06", "best_ask": "0.96"}], "timestamp": "1769384073982", "event_type": "price_change"}}
{"_local_timestamp": "2026-01-25T23:34:34.213136+00:00", "data": {"market": "0x6c69159feef34c18c8e4e2ccf6580a5d89a69d0a3834185402138ec13d6952e7", "price_changes": [{"asset_id": "17188538777625132692660656014689339104699325451015624831433972145591059141742", "price": "0.05", "size": "0", "side": "BUY", "hash": "48cf2eceed2218ed96f8ade88fa8dca3ccbf4ca1", "best_bid": "0.04", "best_ask": "0.96"}, {"asset_id": "7155917747898226841630160054956272790663585315139518208542677863440461896871", "price": "0.95", "size": "0", "side": "SELL", "hash": "dc9ffa85aaf7b7c7c8ac661c4d93f213455f5fc2", "best_bid": "0.04", "best_ask": "0.96"}], "timestamp": "1769384073982", "event_type": "price_change"}}
{"_local_timestamp": "2026-01-25T23:34:34.214267+00:00", "data": {"market": "0x5921c31cf941f5bb16af83cf64e93faa3919ae44856a8a19f0ce5a8c7708bb04", "price_changes": [{"asset_id": "112884328786807100192202904147068364993635663253354982517010699383897186239141", "price": "0.05", "size": "0", "side": "BUY", "hash": "9907a6bda29edbb29667b9494d6e6896048d1d47", "best_bid": "0.04", "best_ask": "0.95"}, {"asset_id": "19882581017284074173837856337727250253994645865586624719511142546577763248135", "price": "0.95", "size": "0", "side": "SELL", "hash": "469ef31f05a33ec66fecf07d90f610cb99282b25", "best_bid": "0.05", "best_ask": "0.96"}], "timestamp": "1769384073982", "event_type": "price_change"}}
{"_local_timestamp": "2026-01-25T23:34:34.217177+00:00", "data": {"market": "0x5921c31cf941f5bb16af83cf64e93faa3919ae44856a8a19f0ce5a8c7708bb04", "price_changes": [{"asset_id": "19882581017284074173837856337727250253994645865586624719511142546577763248135", "price": "0.05", "size": "0", "side": "BUY", "hash": "7576c95748b8a9dc094b02f770c5d3b549ed7d1d", "best_bid": "0.04", "best_ask": "0.96"}, {"asset_id": "112884328786807100192202904147068364993635663253354982517010699383897186239141", "price": "0.95", "size": "0", "side": "SELL", "hash": "941709453038c91c510e269c22f72d907c5817f9", "best_bid": "0.04", "best_ask": "0.96"}], "timestamp": "1769384073982", "event_type": "price_change"}}
{"_local_timestamp": "2026-01-25T23:35:21.041063+00:00", "data": {"market": "0xa553e9fab8c5b65206826c13c3af9b6be92d30c9c8201fd43f07e98d0bcfd579", "price_changes": [{"asset_id": "97888639872369939223919799390542737259247997322068019224307993159751348626803", "price": "0.01", "size": "297.87", "side": "BUY", "hash": "411fbcd45de620d4ef74e0168c5f3015cc88f868", "best_bid": "0.04", "best_ask": "0.94"}, {"asset_id": "115635820593063196378846946739661482628925643991759375782603606130357845478093", "price": "0.99", "size": "297.87", "side": "SELL", "hash": "e1a6f3d642cec59089a713a5f9b3f335e51d76f5", "best_bid": "0.06", "best_ask": "0.96"}], "timestamp": "1769384120969", "event_type": "price_change"}}
{"_local_timestamp": "2026-01-25T23:35:21.042393+00:00", "data": {"market": "0xa553e9fab8c5b65206826c13c3af9b6be92d30c9c8201fd43f07e98d0bcfd579", "price_changes": [{"asset_id": "97888639872369939223919799390542737259247997322068019224307993159751348626803", "price": "0.02", "size": "100", "side": "BUY", "hash": "411fbcd45de620d4ef74e0168c5f3015cc88f868", "best_bid": "0.04", "best_ask": "0.94"}, {"asset_id": "115635820593063196378846946739661482628925643991759375782603606130357845478093", "price": "0.98", "size": "100", "side": "SELL", "hash": "e1a6f3d642cec59089a713a5f9b3f335e51d76f5", "best_bid": "0.06", "best_ask": "0.96"}], "timestamp": "1769384120969", "event_type": "price_change"}}
{"_local_timestamp": "2026-01-25T23:35:21.042715+00:00", "data": {"market": "0x5921c31cf941f5bb16af83cf64e93faa3919ae44856a8a19f0ce5a8c7708bb04", "price_changes": [{"asset_id": "112884328786807100192202904147068364993635663253354982517010699383897186239141", "price": "0.01", "size": "302.77", "side": "BUY", "hash": "1782097c6be0fcd69f3c7d8b1a280b5b87cf287e", "best_bid": "0.04", "best_ask": "0.96"}, {"asset_id": "19882581017284074173837856337727250253994645865586624719511142546577763248135", "price": "0.99", "size": "302.77", "side": "SELL", "hash": "d6689dd1cc67428259d4af735ed48b2d9e43f0b7", "best_bid": "0.04", "best_ask": "0.96"}], "timestamp": "1769384120969", "event_type": "price_change"}}
{"_local_timestamp": "2026-01-25T23:35:21.042996+00:00", "data": {"market": "0x5921c31cf941f5bb16af83cf64e93faa3919ae44856a8a19f0ce5a8c7708bb04", "price_changes": [{"asset_id": "112884328786807100192202904147068364993635663253354982517010699383897186239141", "price": "0.02", "size": "122.42", "side": "BUY", "hash": "1782097c6be0fcd69f3c7d8b1a280b5b87cf287e", "best_bid": "0.04", "best_ask": "0.96"}, {"asset_id": "19882581017284074173837856337727250253994645865586624719511142546577763248135", "price": "0.98", "size": "122.42", "side": "SELL", "hash": "d6689dd1cc67428259d4af735ed48b2d9e43f0b7", "best_bid": "0.04", "best_ask": "0.96"}], "timestamp": "1769384120969", "event_type": "price_change"}}
{"_local_timestamp": "2026-01-25T23:35:21.373482+00:00", "data": {"market": "0x5921c31cf941f5bb16af83cf64e93faa3919ae44856a8a19f0ce5a8c7708bb04", "price_changes": [{"asset_id": "112884328786807100192202904147068364993635663253354982517010699383897186239141", "price": "0.01", "size": "324.26", "side": "BUY", "hash": "1b1d3a1c0b3b84ebfae12df8547719436cecf525", "best_bid": "0.04", "best_ask": "0.96"}, {"asset_id": "19882581017284074173837856337727250253994645865586624719511142546577763248135", "price": "0.99", "size": "324.26", "side": "SELL", "hash": "c2e3bc672e8c182687211a9b102dd485010e4e27", "best_bid": "0.04", "best_ask": "0.96"}], "timestamp": "1769384121308", "event_type": "price_change"}}
{"_local_timestamp": "2026-01-25T23:35:21.373903+00:00", "data": {"market": "0xa553e9fab8c5b65206826c13c3af9b6be92d30c9c8201fd43f07e98d0bcfd579", "price_changes": [{"asset_id": "97888639872369939223919799390542737259247997322068019224307993159751348626803", "price": "0.02", "size": "138", "side": "BUY", "hash": "587d6a4b5eab6a1de109e6d949ba108933f2ee1e", "best_bid": "0.04", "best_ask": "0.94"}, {"asset_id": "115635820593063196378846946739661482628925643991759375782603606130357845478093", "price": "0.98", "size": "138", "side": "SELL", "hash": "5cc262f79915d519b4e4bc398b2c0e26717788b6", "best_bid": "0.06", "best_ask": "0.96"}], "timestamp": "1769384121308", "event_type": "price_change"}}
{"_local_timestamp": "2026-01-25T23:35:21.374243+00:00", "data": {"market": "0xa553e9fab8c5b65206826c13c3af9b6be92d30c9c8201fd43f07e98d0bcfd579", "price_changes": [{"asset_id": "97888639872369939223919799390542737259247997322068019224307993159751348626803", "price": "0.01", "size": "321.5", "side": "BUY", "hash": "38ee93e383511c134d1d3cfb146a810bb9209e22", "best_bid": "0.04", "best_ask": "0.94"}, {"asset_id": "115635820593063196378846946739661482628925643991759375782603606130357845478093", "price": "0.99", "size": "321.5", "side": "SELL", "hash": "bebc5490650914df6c429ce90e954c816fade38c", "best_bid": "0.06", "best_ask": "0.96"}], "timestamp": "1769384121309", "event_type": "price_change"}}
{"_local_timestamp": "2026-01-25T23:35:21.374539+00:00", "data": {"market": "0x5921c31cf941f5bb16af83cf64e93faa3919ae44856a8a19f0ce5a8c7708bb04", "price_changes": [{"asset_id": "112884328786807100192202904147068364993635663253354982517010699383897186239141", "price": "0.02", "size": "136.62", "side": "BUY", "hash": "eca515535d6ce5bf446724026d619eaa2340d6bf", "best_bid": "0.04", "best_ask": "0.96"}, {"asset_id": "19882581017284074173837856337727250253994645865586624719511142546577763248135", "price": "0.98", "size": "136.62", "side": "SELL", "hash": "fd1ada89582c371c56c99cc1fbade2f20ba8caee", "best_bid": "0.04", "best_ask": "0.96"}], "timestamp": "1769384121309", "event_type": "price_change"}}
{"_local_timestamp": "2026-01-25T23:35:21.479449+00:00", "data": {"market": "0x2ec05444b8206859177527f412919023335807559d3893bfdc244afefc5e47b0", "price_changes": [{"asset_id": "36453257333060664302272578736638239402243609113870411579283920884153897843291", "price": "0.01", "size": "301.21", "side": "BUY", "hash": "1b58f9855ea42649c55266ed2f3280424b6036d5", "best_bid": "0.04", "best_ask": "0.94"}, {"asset_id": "46389190561284496912293774303680445803680681901466073431112039669872696059793", "price": "0.99", "size": "301.21", "side": "SELL", "hash": "ec9d935f2a3607d302a4237f807df092e8c6ec2a", "best_bid": "0.06", "best_ask": "0.96"}], "timestamp": "1769384121409", "event_type": "price_change"}}
{"_local_timestamp": "2026-01-25T23:35:21.479877+00:00", "data": {"market": "0x2ec05444b8206859177527f412919023335807559d3893bfdc244afefc5e47b0", "price_changes": [{"asset_id": "36453257333060664302272578736638239402243609113870411579283920884153897843291", "price": "0.02", "size": "122.42", "side": "BUY", "hash": "1b58f9855ea42649c55266ed2f3280424b6036d5", "best_bid": "0.04", "best_ask": "0.94"}, {"asset_id": "46389190561284496912293774303680445803680681901466073431112039669872696059793", "price": "0.98", "size": "122.42", "side": "SELL", "hash": "ec9d935f2a3607d302a4237f807df092e8c6ec2a", "best_bid": "0.06", "best_ask": "0.96"}], "timestamp": "1769384121409", "event_type": "price_change"}}
{"_local_timestamp": "2026-01-25T23:35:21.836276+00:00", "data": {"market": "0x2ec05444b8206859177527f412919023335807559d3893bfdc244afefc5e47b0", "price_changes": [{"asset_id": "36453257333060664302272578736638239402243609113870411579283920884153897843291", "price": "0.01", "size": "324.6", "side": "BUY", "hash": "d4901b3ae67d07e22688e9dbced41d962ca2ced3", "best_bid": "0.04", "best_ask": "0.94"}, {"asset_id": "46389190561284496912293774303680445803680681901466073431112039669872696059793", "price": "0.99", "size": "324.6", "side": "SELL", "hash": "51bea81b2a70399e6f876e47c6777f2c55236d52", "best_bid": "0.06", "best_ask": "0.96"}], "timestamp": "1769384121765", "event_type": "price_change"}}
{"_local_timestamp": "2026-01-25T23:35:21.836703+00:00", "data": {"market": "0x2ec05444b8206859177527f412919023335807559d3893bfdc244afefc5e47b0", "price_changes": [{"asset_id": "36453257333060664302272578736638239402243609113870411579283920884153897843291", "price": "0.02", "size": "136.44", "side": "BUY", "hash": "a951b621d828f4cbd733ea80b9fec04b1e9bc252", "best_bid": "0.04", "best_ask": "0.94"}, {"asset_id": "46389190561284496912293774303680445803680681901466073431112039669872696059793", "price": "0.98", "size": "136.44", "side": "SELL", "hash": "f2a6dca3ed73708b9ae6415ba2ab57e89921980c", "best_bid": "0.06", "best_ask": "0.96"}], "timestamp": "1769384121766", "event_type": "price_change"}}
{"_local_timestamp": "2026-01-25T23:35:22.366619+00:00", "data": {"market": "0x1574c97d1e0b39e0aa6122623f9ef9417b11d5c391d65060264aa9979e0de387", "price_changes": [{"asset_id": "53184341308294491787776386049292947761235184653025631079998133045007059144775", "price": "0.01", "size": "301.2", "side": "BUY", "hash": "32ca978c2251983a9aed72d481db343889ae5700", "best_bid": "0.04", "best_ask": "0.94"}, {"asset_id": "740605388710709512354418877329303473638121640739314648330344397295465148041", "price": "0.99", "size": "301.2", "side": "SELL", "hash": "015b709747e3d4b52294b63bade463e51a525f44", "best_bid": "0.06", "best_ask": "0.96"}], "timestamp": "1769384122291", "event_type": "price_change"}}
{"_local_timestamp": "2026-01-25T23:35:22.367083+00:00", "data": {"market": "0x1574c97d1e0b39e0aa6122623f9ef9417b11d5c391d65060264aa9979e0de387", "price_changes": [{"asset_id": "53184341308294491787776386049292947761235184653025631079998133045007059144775", "price": "0.02", "size": "122.42", "side": "BUY", "hash": "32ca978c2251983a9aed72d481db343889ae5700", "best_bid": "0.04", "best_ask": "0.94"}, {"asset_id": "740605388710709512354418877329303473638121640739314648330344397295465148041", "price": "0.98", "size": "122.42", "side": "SELL", "hash": "015b709747e3d4b52294b63bade463e51a525f44", "best_bid": "0.06", "best_ask": "0.96"}], "timestamp": "1769384122291", "event_type": "price_change"}}
{"_local_timestamp": "2026-01-25T23:35:22.597348+00:00", "data": {"market": "0x1574c97d1e0b39e0aa6122623f9ef9417b11d5c391d65060264aa9979e0de387", "price_changes": [{"asset_id": "53184341308294491787776386049292947761235184653025631079998133045007059144775", "price": "0.01", "size": "324.6", "side": "BUY", "hash": "8269eb74eb52a08e960d5bb4c1e110e814eea6fb", "best_bid": "0.04", "best_ask": "0.94"}, {"asset_id": "740605388710709512354418877329303473638121640739314648330344397295465148041", "price": "0.99", "size": "324.6", "side": "SELL", "hash": "9cf629ce12f894c4f1cedbf806621eda8e50d421", "best_bid": "0.06", "best_ask": "0.96"}], "timestamp": "1769384122535", "event_type": "price_change"}}
{"_local_timestamp": "2026-01-25T23:35:22.601626+00:00", "data": {"market": "0x1574c97d1e0b39e0aa6122623f9ef9417b11d5c391d65060264aa9979e0de387", "price_changes": [{"asset_id": "53184341308294491787776386049292947761235184653025631079998133045007059144775", "price": "0.02", "size": "136.44", "side": "BUY", "hash": "da4aaf915ad43984348066370ed161b00dc69258", "best_bid": "0.04", "best_ask": "0.94"}, {"asset_id": "740605388710709512354418877329303473638121640739314648330344397295465148041", "price": "0.98", "size": "136.44", "side": "SELL", "hash": "711189369c3c75a74a19f7718f7a5cb63a26b307", "best_bid": "0.06", "best_ask": "0.96"}], "timestamp": "1769384122537", "event_type": "price_change"}}
{"_local_timestamp": "2026-01-25T23:35:23.851181+00:00", "data": {"market": "0xb8ef2d3bcec165deadb82567f77b2388728cb72359e7360ac8961251a7e2afdd", "price_changes": [{"asset_id": "99119429639346216558506846907652364506124715164431712568772785133524081984811", "price": "0.01", "size": "301.19", "side": "BUY", "hash": "5d6e9188605e9e0db2c7e0f2b889352d82a5c0bf", "best_bid": "0.04", "best_ask": "0.96"}, {"asset_id": "86022011366679176850231859959431997001979507229477606673736375246628108109456", "price": "0.99", "size": "301.19", "side": "SELL", "hash": "b2546c3bc8a4fb1e0a9c9ddedfef8ab95fb061f6", "best_bid": "0.04", "best_ask": "0.96"}], "timestamp": "1769384123764", "event_type": "price_change"}}
{"_local_timestamp": "2026-01-25T23:35:23.851696+00:00", "data": {"market": "0xb8ef2d3bcec165deadb82567f77b2388728cb72359e7360ac8961251a7e2afdd", "price_changes": [{"asset_id": "99119429639346216558506846907652364506124715164431712568772785133524081984811", "price": "0.02", "size": "122.42", "side": "BUY", "hash": "5d6e9188605e9e0db2c7e0f2b889352d82a5c0bf", "best_bid": "0.04", "best_ask": "0.96"}, {"asset_id": "86022011366679176850231859959431997001979507229477606673736375246628108109456", "price": "0.98", "size": "122.42", "side": "SELL", "hash": "b2546c3bc8a4fb1e0a9c9ddedfef8ab95fb061f6", "best_bid": "0.04", "best_ask": "0.96"}], "timestamp": "1769384123764", "event_type": "price_change"}}
{"_local_timestamp": "2026-01-25T23:35:24.284673+00:00", "data": {"market": "0xb8ef2d3bcec165deadb82567f77b2388728cb72359e7360ac8961251a7e2afdd", "price_changes": [{"asset_id": "99119429639346216558506846907652364506124715164431712568772785133524081984811", "price": "0.02", "size": "136.44", "side": "BUY", "hash": "13ad953871b26b749ea7cfb89367bc1ae4ad4129", "best_bid": "0.04", "best_ask": "0.96"}, {"asset_id": "86022011366679176850231859959431997001979507229477606673736375246628108109456", "price": "0.98", "size": "136.44", "side": "SELL", "hash": "1baaa2592f5d2101bdd17b2596cbccf8db181f69", "best_bid": "0.04", "best_ask": "0.96"}], "timestamp": "1769384124070", "event_type": "price_change"}}
{"_local_timestamp": "2026-01-25T23:35:24.289992+00:00", "data": {"market": "0xb8ef2d3bcec165deadb82567f77b2388728cb72359e7360ac8961251a7e2afdd", "price_changes": [{"asset_id": "99119429639346216558506846907652364506124715164431712568772785133524081984811", "price": "0.01", "size": "324.6", "side": "BUY", "hash": "748f06f3cacc3ce34710ed400fea4b83df5b91af", "best_bid": "0.04", "best_ask": "0.96"}, {"asset_id": "86022011366679176850231859959431997001979507229477606673736375246628108109456", "price": "0.99", "size": "324.6", "side": "SELL", "hash": "ba407a1f46703743897395b71d75f2624513d755", "best_bid": "0.04", "best_ask": "0.96"}], "timestamp": "1769384124075", "event_type": "price_change"}}
{"_local_timestamp": "2026-01-25T23:35:24.838583+00:00", "data": {"market": "0x6c69159feef34c18c8e4e2ccf6580a5d89a69d0a3834185402138ec13d6952e7", "price_changes": [{"asset_id": "7155917747898226841630160054956272790663585315139518208542677863440461896871", "price": "0.01", "size": "298.94", "side": "BUY", "hash": "ee245a5bbb89c662a74974aa1e8f39d778ce5f44", "best_bid": "0.04", "best_ask": "0.96"}, {"asset_id": "17188538777625132692660656014689339104699325451015624831433972145591059141742", "price": "0.99", "size": "298.94", "side": "SELL", "hash": "61fcedac878d71bcb48e4387654726f7fbd5028b", "best_bid": "0.04", "best_ask": "0.96"}], "timestamp": "1769384124651", "event_type": "price_change"}}
{"_local_timestamp": "2026-01-25T23:35:24.839087+00:00", "data": {"market": "0x6c69159feef34c18c8e4e2ccf6580a5d89a69d0a3834185402138ec13d6952e7", "price_changes": [{"asset_id": "7155917747898226841630160054956272790663585315139518208542677863440461896871", "price": "0.02", "size": "120.71", "side": "BUY", "hash": "ee245a5bbb89c662a74974aa1e8f39d778ce5f44", "best_bid": "0.04", "best_ask": "0.96"}, {"asset_id": "17188538777625132692660656014689339104699325451015624831433972145591059141742", "price": "0.98", "size": "120.71", "side": "SELL", "hash": "61fcedac878d71bcb48e4387654726f7fbd5028b", "best_bid": "0.04", "best_ask": "0.96"}], "timestamp": "1769384124651", "event_type": "price_change"}}
{"_local_timestamp": "2026-01-25T23:35:25.111783+00:00", "data": {"market": "0x6c69159feef34c18c8e4e2ccf6580a5d89a69d0a3834185402138ec13d6952e7", "price_changes": [{"asset_id": "7155917747898226841630160054956272790663585315139518208542677863440461896871", "price": "0.01", "size": "324.49", "side": "BUY", "hash": "64440831c82664e22d8d9b0ecd8b56214014e897", "best_bid": "0.04", "best_ask": "0.96"}, {"asset_id": "17188538777625132692660656014689339104699325451015624831433972145591059141742", "price": "0.99", "size": "324.49", "side": "SELL", "hash": "764a5b9645b64ea52efee30cc044cc9a0b251664", "best_bid": "0.04", "best_ask": "0.96"}], "timestamp": "1769384125046", "event_type": "price_change"}}
{"_local_timestamp": "2026-01-25T23:35:25.119806+00:00", "data": {"market": "0x6c69159feef34c18c8e4e2ccf6580a5d89a69d0a3834185402138ec13d6952e7", "price_changes": [{"asset_id": "7155917747898226841630160054956272790663585315139518208542677863440461896871", "price": "0.02", "size": "136.5", "side": "BUY", "hash": "9d35c183b3404317ba9ae070773d1e6700b53125", "best_bid": "0.04", "best_ask": "0.96"}, {"asset_id": "17188538777625132692660656014689339104699325451015624831433972145591059141742", "price": "0.98", "size": "136.5", "side": "SELL", "hash": "b1dee43b244578cc4fb676776a6da91f19ff7432", "best_bid": "0.04", "best_ask": "0.96"}], "timestamp": "1769384125051", "event_type": "price_change"}}
{"_local_timestamp": "2026-01-25T23:35:25.271975+00:00", "data": {"market": "0x5921c31cf941f5bb16af83cf64e93faa3919ae44856a8a19f0ce5a8c7708bb04", "price_changes": [{"asset_id": "19882581017284074173837856337727250253994645865586624719511142546577763248135", "price": "0.01", "size": "302.76", "side": "BUY", "hash": "5f54c74579f3ee88accfe41f3d8e6773112614e4", "best_bid": "0.04", "best_ask": "0.96"}, {"asset_id": "112884328786807100192202904147068364993635663253354982517010699383897186239141", "price": "0.99", "size": "302.76", "side": "SELL", "hash": "af2f608e482a0208f79912bc18f5cff1fd6e5ba9", "best_bid": "0.04", "best_ask": "0.96"}], "timestamp": "1769384125185", "event_type": "price_change"}}
{"_local_timestamp": "2026-01-25T23:35:25.272401+00:00", "data": {"market": "0x5921c31cf941f5bb16af83cf64e93faa3919ae44856a8a19f0ce5a8c7708bb04", "price_changes": [{"asset_id": "19882581017284074173837856337727250253994645865586624719511142546577763248135", "price": "0.02", "size": "122.42", "side": "BUY", "hash": "5f54c74579f3ee88accfe41f3d8e6773112614e4", "best_bid": "0.04", "best_ask": "0.96"}, {"asset_id": "112884328786807100192202904147068364993635663253354982517010699383897186239141", "price": "0.98", "size": "122.42", "side": "SELL", "hash": "af2f608e482a0208f79912bc18f5cff1fd6e5ba9", "best_bid": "0.04", "best_ask": "0.96"}], "timestamp": "1769384125185", "event_type": "price_change"}}
{"_local_timestamp": "2026-01-25T23:35:25.612792+00:00", "data": {"market": "0x5921c31cf941f5bb16af83cf64e93faa3919ae44856a8a19f0ce5a8c7708bb04", "price_changes": [{"asset_id": "19882581017284074173837856337727250253994645865586624719511142546577763248135", "price": "0.01", "size": "324.26", "side": "BUY", "hash": "c5b58d656c7570ad887e4aa8183d2e168e854413", "best_bid": "0.04", "best_ask": "0.96"}, {"asset_id": "112884328786807100192202904147068364993635663253354982517010699383897186239141", "price": "0.99", "size": "324.26", "side": "SELL", "hash": "3a0ce40b4bdb16633c098f7a0047a545d3966985", "best_bid": "0.04", "best_ask": "0.96"}], "timestamp": "1769384125513", "event_type": "price_change"}}
{"_local_timestamp": "2026-01-25T23:35:25.613304+00:00", "data": {"market": "0x5921c31cf941f5bb16af83cf64e93faa3919ae44856a8a19f0ce5a8c7708bb04", "price_changes": [{"asset_id": "19882581017284074173837856337727250253994645865586624719511142546577763248135", "price": "0.02", "size": "136.61", "side": "BUY", "hash": "444cc1d7b622f66638d6df01641e9dcfb18ba0c6", "best_bid": "0.04", "best_ask": "0.96"}, {"asset_id": "112884328786807100192202904147068364993635663253354982517010699383897186239141", "price": "0.98", "size": "136.61", "side": "SELL", "hash": "1ba317d128607f9c77b72961c9ca77165036bb18", "best_bid": "0.04", "best_ask": "0.96"}], "timestamp": "1769384125517", "event_type": "price_change"}}
{"_local_timestamp": "2026-01-25T23:35:25.699094+00:00", "data": {"market": "0xb8ef2d3bcec165deadb82567f77b2388728cb72359e7360ac8961251a7e2afdd", "price_changes": [{"asset_id": "86022011366679176850231859959431997001979507229477606673736375246628108109456", "price": "0.01", "size": "301.21", "side": "BUY", "hash": "6d3d0bd5a2ad536d4cf88b283b156fa54e4e3f7f", "best_bid": "0.04", "best_ask": "0.96"}, {"asset_id": "99119429639346216558506846907652364506124715164431712568772785133524081984811", "price": "0.99", "size": "301.21", "side": "SELL", "hash": "5707a0bd5e896b70500666ac50ad06abcec47f2a", "best_bid": "0.04", "best_ask": "0.96"}], "timestamp": "1769384125623", "event_type": "price_change"}}
{"_local_timestamp": "2026-01-25T23:35:25.699561+00:00", "data": {"market": "0xb8ef2d3bcec165deadb82567f77b2388728cb72359e7360ac8961251a7e2afdd", "price_changes": [{"asset_id": "86022011366679176850231859959431997001979507229477606673736375246628108109456", "price": "0.02", "size": "122.42", "side": "BUY", "hash": "6d3d0bd5a2ad536d4cf88b283b156fa54e4e3f7f", "best_bid": "0.04", "best_ask": "0.96"}, {"asset_id": "99119429639346216558506846907652364506124715164431712568772785133524081984811", "price": "0.98", "size": "122.42", "side": "SELL", "hash": "5707a0bd5e896b70500666ac50ad06abcec47f2a", "best_bid": "0.04", "best_ask": "0.96"}], "timestamp": "1769384125623", "event_type": "price_change"}}
{"_local_timestamp": "2026-01-25T23:35:25.700011+00:00", "data": {"market": "0x4d35158f35437b2a046f47ed834659a238f0eab9b6475c46b08a4fdbfb0a8371", "price_changes": [{"asset_id": "80526323222606421671338856587841249061831272164247760037444004984999868940383", "price": "0.01", "size": "301.2", "side": "BUY", "hash": "a96e0ba135e4e28f7fb54f848c81146dc49d22eb", "best_bid": "0.04", "best_ask": "0.96"}, {"asset_id": "30476494742793499221416014095750917086512108938334884011193720383741587262581", "price": "0.99", "size": "301.2", "side": "SELL", "hash": "197ecbde1c42ca322ab058ac176c5b1ab8c8df01", "best_bid": "0.04", "best_ask": "0.96"}], "timestamp": "1769384125623", "event_type": "price_change"}}
{"_local_timestamp": "2026-01-25T23:35:25.700520+00:00", "data": {"market": "0x4d35158f35437b2a046f47ed834659a238f0eab9b6475c46b08a4fdbfb0a8371", "price_changes": [{"asset_id": "80526323222606421671338856587841249061831272164247760037444004984999868940383", "price": "0.02", "size": "122.42", "side": "BUY", "hash": "a96e0ba135e4e28f7fb54f848c81146dc49d22eb", "best_bid": "0.04", "best_ask": "0.96"}, {"asset_id": "30476494742793499221416014095750917086512108938334884011193720383741587262581", "price": "0.98", "size": "122.42", "side": "SELL", "hash": "197ecbde1c42ca322ab058ac176c5b1ab8c8df01", "best_bid": "0.04", "best_ask": "0.96"}], "timestamp": "1769384125623", "event_type": "price_change"}}
{"_local_timestamp": "2026-01-25T23:35:26.082387+00:00", "data": {"market": "0x4d35158f35437b2a046f47ed834659a238f0eab9b6475c46b08a4fdbfb0a8371", "price_changes": [{"asset_id": "80526323222606421671338856587841249061831272164247760037444004984999868940383", "price": "0.01", "size": "324.6", "side": "BUY", "hash": "0a7396974de81b6ee71c0b343f13f97194b19016", "best_bid": "0.04", "best_ask": "0.96"}, {"asset_id": "30476494742793499221416014095750917086512108938334884011193720383741587262581", "price": "0.99", "size": "324.6", "side": "SELL", "hash": "cee2b73f7cc2e5d7138ffab26d073bd37fbe63c5", "best_bid": "0.04", "best_ask": "0.96"}], "timestamp": "1769384126002", "event_type": "price_change"}}
{"_local_timestamp": "2026-01-25T23:35:26.086003+00:00", "data": {"market": "0x4d35158f35437b2a046f47ed834659a238f0eab9b6475c46b08a4fdbfb0a8371", "price_changes": [{"asset_id": "80526323222606421671338856587841249061831272164247760037444004984999868940383", "price": "0.02", "size": "136.44", "side": "BUY", "hash": "0825a438ee2eb7b989a00a1f661f463a79df6bd5", "best_bid": "0.04", "best_ask": "0.96"}, {"asset_id": "30476494742793499221416014095750917086512108938334884011193720383741587262581", "price": "0.98", "size": "136.44", "side": "SELL", "hash": "9cdfd5f3334f119687773a2d48ad0b3420351864", "best_bid": "0.04", "best_ask": "0.96"}], "timestamp": "1769384126004", "event_type": "price_change"}}
{"_local_timestamp": "2026-01-25T23:35:26.086480+00:00", "data": {"market": "0xb8ef2d3bcec165deadb82567f77b2388728cb72359e7360ac8961251a7e2afdd", "price_changes": [{"asset_id": "86022011366679176850231859959431997001979507229477606673736375246628108109456", "price": "0.02", "size": "136.44", "side": "BUY", "hash": "10052d2d612721991a52b33b51f8fbc1ac2afc6f", "best_bid": "0.04", "best_ask": "0.96"}, {"asset_id": "99119429639346216558506846907652364506124715164431712568772785133524081984811", "price": "0.98", "size": "136.44", "side": "SELL", "hash": "de62131526a62c29fdaa051e168ebb9b08a8f57e", "best_bid": "0.04", "best_ask": "0.96"}], "timestamp": "1769384126002", "event_type": "price_change"}}
{"_local_timestamp": "2026-01-25T23:35:26.095338+00:00", "data": {"market": "0xb8ef2d3bcec165deadb82567f77b2388728cb72359e7360ac8961251a7e2afdd", "price_changes": [{"asset_id": "86022011366679176850231859959431997001979507229477606673736375246628108109456", "price": "0.01", "size": "324.6", "side": "BUY", "hash": "4cda22fb585240db23c1d2a80114917dd73a898c", "best_bid": "0.04", "best_ask": "0.96"}, {"asset_id": "99119429639346216558506846907652364506124715164431712568772785133524081984811", "price": "0.99", "size": "324.6", "side": "SELL", "hash": "59bc3d45b9e0c0cf6985b24719669493b10c8ad4", "best_bid": "0.04", "best_ask": "0.96"}], "timestamp": "1769384126006", "event_type": "price_change"}}
{"_local_timestamp": "2026-01-25T23:35:26.769350+00:00", "data": {"market": "0xfa92381f81b5adcfda62f2d53e77dae85a187f0e0fd6de82751d98f2783f4c82", "price_changes": [{"asset_id": "99860339626233003377107831802845090972415981890567845419092028703436659773744", "price": "0.01", "size": "301.2", "side": "BUY", "hash": "40b1f2a21e124e2bdfec961a2811e7976ba23494", "best_bid": "0.04", "best_ask": "0.94"}, {"asset_id": "108340183697860237873537937757432633768541731341678932872023807481050268145294", "price": "0.99", "size": "301.2", "side": "SELL", "hash": "928656bac0ddd4f8051bc9bbc1b6462bf0df3318", "best_bid": "0.06", "best_ask": "0.96"}], "timestamp": "1769384126581", "event_type": "price_change"}}
{"_local_timestamp": "2026-01-25T23:35:26.769806+00:00", "data": {"market": "0xfa92381f81b5adcfda62f2d53e77dae85a187f0e0fd6de82751d98f2783f4c82", "price_changes": [{"asset_id": "99860339626233003377107831802845090972415981890567845419092028703436659773744", "price": "0.02", "size": "122.42", "side": "BUY", "hash": "40b1f2a21e124e2bdfec961a2811e7976ba23494", "best_bid": "0.04", "best_ask": "0.94"}, {"asset_id": "108340183697860237873537937757432633768541731341678932872023807481050268145294", "price": "0.98", "size": "122.42", "side": "SELL", "hash": "928656bac0ddd4f8051bc9bbc1b6462bf0df3318", "best_bid": "0.06", "best_ask": "0.96"}], "timestamp": "1769384126581", "event_type": "price_change"}}
{"_local_timestamp": "2026-01-25T23:35:27.084198+00:00", "data": {"market": "0xfa92381f81b5adcfda62f2d53e77dae85a187f0e0fd6de82751d98f2783f4c82", "price_changes": [{"asset_id": "99860339626233003377107831802845090972415981890567845419092028703436659773744", "price": "0.02", "size": "136.44", "side": "BUY", "hash": "aa22ec117e4377ecc4b16c77840ee5fd6cfdf086", "best_bid": "0.04", "best_ask": "0.94"}, {"asset_id": "108340183697860237873537937757432633768541731341678932872023807481050268145294", "price": "0.98", "size": "136.44", "side": "SELL", "hash": "860c1cb93c3c9d2f4d8111cc2acf1cb19c5fd4a3", "best_bid": "0.06", "best_ask": "0.96"}], "timestamp": "1769384126920", "event_type": "price_change"}}
{"_local_timestamp": "2026-01-25T23:35:27.095406+00:00", "data": {"market": "0xfa92381f81b5adcfda62f2d53e77dae85a187f0e0fd6de82751d98f2783f4c82", "price_changes": [{"asset_id": "99860339626233003377107831802845090972415981890567845419092028703436659773744", "price": "0.01", "size": "324.6", "side": "BUY", "hash": "fc8f4155ffa50dc74bf1edd1298cce081aa389cd", "best_bid": "0.04", "best_ask": "0.94"}, {"asset_id": "108340183697860237873537937757432633768541731341678932872023807481050268145294", "price": "0.99", "size": "324.6", "side": "SELL", "hash": "408c8fad7a53bf4ccfee5fe927208a89bfbf2f01", "best_bid": "0.06", "best_ask": "0.96"}], "timestamp": "1769384126922", "event_type": "price_change"}}
{"_local_timestamp": "2026-01-25T23:35:27.268692+00:00", "data": {"market": "0x6c69159feef34c18c8e4e2ccf6580a5d89a69d0a3834185402138ec13d6952e7", "price_changes": [{"asset_id": "17188538777625132692660656014689339104699325451015624831433972145591059141742", "price": "0.01", "size": "302.73", "side": "BUY", "hash": "0c78a5b6d80e6fb69e4457875d420d80df221485", "best_bid": "0.04", "best_ask": "0.96"}, {"asset_id": "7155917747898226841630160054956272790663585315139518208542677863440461896871", "price": "0.99", "size": "302.73", "side": "SELL", "hash": "ff86906613c6135c478cffd4b93933221a2978fe", "best_bid": "0.04", "best_ask": "0.96"}], "timestamp": "1769384127007", "event_type": "price_change"}}
{"_local_timestamp": "2026-01-25T23:35:27.269753+00:00", "data": {"market": "0x6c69159feef34c18c8e4e2ccf6580a5d89a69d0a3834185402138ec13d6952e7", "price_changes": [{"asset_id": "17188538777625132692660656014689339104699325451015624831433972145591059141742", "price": "0.02", "size": "122.42", "side": "BUY", "hash": "0c78a5b6d80e6fb69e4457875d420d80df221485", "best_bid": "0.04", "best_ask": "0.96"}, {"asset_id": "7155917747898226841630160054956272790663585315139518208542677863440461896871", "price": "0.98", "size": "122.42", "side": "SELL", "hash": "ff86906613c6135c478cffd4b93933221a2978fe", "best_bid": "0.04", "best_ask": "0.96"}], "timestamp": "1769384127007", "event_type": "price_change"}}
{"_local_timestamp": "2026-01-25T23:35:27.452006+00:00", "data": {"market": "0x6c69159feef34c18c8e4e2ccf6580a5d89a69d0a3834185402138ec13d6952e7", "price_changes": [{"asset_id": "17188538777625132692660656014689339104699325451015624831433972145591059141742", "price": "0.01", "size": "323.23", "side": "BUY", "hash": "0e1470d8c5c4825b3f555259c7713852fe94a0d2", "best_bid": "0.04", "best_ask": "0.96"}, {"asset_id": "7155917747898226841630160054956272790663585315139518208542677863440461896871", "price": "0.99", "size": "323.23", "side": "SELL", "hash": "72a26c1703f570231865e7875b008ab25917cf62", "best_bid": "0.04", "best_ask": "0.96"}], "timestamp": "1769384127374", "event_type": "price_change"}}
{"_local_timestamp": "2026-01-25T23:35:27.452562+00:00", "data": {"market": "0x6c69159feef34c18c8e4e2ccf6580a5d89a69d0a3834185402138ec13d6952e7", "price_changes": [{"asset_id": "17188538777625132692660656014689339104699325451015624831433972145591059141742", "price": "0.02", "size": "135.93", "side": "BUY", "hash": "7e7a5beaae62e2670765d51eb2a708ae20cea56d", "best_bid": "0.04", "best_ask": "0.96"}, {"asset_id": "7155917747898226841630160054956272790663585315139518208542677863440461896871", "price": "0.98", "size": "135.93", "side": "SELL", "hash": "4088c219009074c9a25d74d6a1140580d786c7ab", "best_bid": "0.04", "best_ask": "0.96"}], "timestamp": "1769384127375", "event_type": "price_change"}}
{"_local_timestamp": "2026-01-25T23:35:29.263126+00:00", "data": {"market": "0xcce8e134cc800c647578712ae1cacd0e7d637a419a6dee4f9c24796d51db0265", "price_changes": [{"asset_id": "42594116318814585990723848827387927348930790190064595765047508877479170108692", "price": "0.01", "size": "298.04", "side": "BUY", "hash": "d9b3832d15d2a78c420e3a0f438a6dbd0aa131ab", "best_bid": "0.04", "best_ask": "0.96"}, {"asset_id": "65817102744065572480230294686806311631479345064141969816983875806228836264752", "price": "0.99", "size": "298.04", "side": "SELL", "hash": "f294beb699240b3022b9b06993249b391a542a3c", "best_bid": "0.04", "best_ask": "0.96"}], "timestamp": "1769384129190", "event_type": "price_change"}}
{"_local_timestamp": "2026-01-25T23:35:29.263747+00:00", "data": {"market": "0xcce8e134cc800c647578712ae1cacd0e7d637a419a6dee4f9c24796d51db0265", "price_changes": [{"asset_id": "42594116318814585990723848827387927348930790190064595765047508877479170108692", "price": "0.02", "size": "109.39", "side": "BUY", "hash": "d9b3832d15d2a78c420e3a0f438a6dbd0aa131ab", "best_bid": "0.04", "best_ask": "0.96"}, {"asset_id": "65817102744065572480230294686806311631479345064141969816983875806228836264752", "price": "0.98", "size": "109.39", "side": "SELL", "hash": "f294beb699240b3022b9b06993249b391a542a3c", "best_bid": "0.04", "best_ask": "0.96"}], "timestamp": "1769384129190", "event_type": "price_change"}}
{"_local_timestamp": "2026-01-25T23:35:29.646807+00:00", "data": {"market": "0xcce8e134cc800c647578712ae1cacd0e7d637a419a6dee4f9c24796d51db0265", "price_changes": [{"asset_id": "42594116318814585990723848827387927348930790190064595765047508877479170108692", "price": "0.01", "size": "322.43", "side": "BUY", "hash": "2b7e0974d59082a3dfffb91df1599a3c68f8ac5e", "best_bid": "0.04", "best_ask": "0.96"}, {"asset_id": "65817102744065572480230294686806311631479345064141969816983875806228836264752", "price": "0.99", "size": "322.43", "side": "SELL", "hash": "8acd73028197dcbb025dcef41205cc9535ff3241", "best_bid": "0.04", "best_ask": "0.96"}], "timestamp": "1769384129579", "event_type": "price_change"}}
{"_local_timestamp": "2026-01-25T23:35:29.650523+00:00", "data": {"market": "0xcce8e134cc800c647578712ae1cacd0e7d637a419a6dee4f9c24796d51db0265", "price_changes": [{"asset_id": "42594116318814585990723848827387927348930790190064595765047508877479170108692", "price": "0.02", "size": "137.53", "side": "BUY", "hash": "e6b38bae251911f230d4dafdec33ad73d36489fb", "best_bid": "0.04", "best_ask": "0.96"}, {"asset_id": "65817102744065572480230294686806311631479345064141969816983875806228836264752", "price": "0.98", "size": "137.53", "side": "SELL", "hash": "36697915cafc1e371f711e333cb43ac6d2338cf5", "best_bid": "0.04", "best_ask": "0.96"}], "timestamp": "1769384129580", "event_type": "price_change"}}
{"_local_timestamp": "2026-01-25T23:35:48.961567+00:00", "data": {"market": "0x8e5e93738d39bfa96b5c71b68a5b97322294c8cedbe22a4a1a1ce3a24d7a1cd7", "price_changes": [{"asset_id": "31665810693337854078333031179629564712987621075571279782098878118998024539942", "price": "0.01", "size": "301.2", "side": "BUY", "hash": "f211b4aec9c99ad317102374f0e50f03eb892534", "best_bid": "0.04", "best_ask": "0.96"}, {"asset_id": "4289278606893847085254190999368801698273252554244292015509049559218855376578", "price": "0.99", "size": "301.2", "side": "SELL", "hash": "cebb8f7a5fac18e0b056509ec484d7fb9005f37d", "best_bid": "0.04", "best_ask": "0.96"}], "timestamp": "1769384148891", "event_type": "price_change"}}
{"_local_timestamp": "2026-01-25T23:35:48.962472+00:00", "data": {"market": "0xc32eb2ef6e9ff79355cdd3cf5167bb2d296c2a4b94a6f9e91b62baf2a11fe915", "price_changes": [{"asset_id": "81839358533908552833079143480204009408182729728450572341026542742385062234307", "price": "0.01", "size": "299.08", "side": "BUY", "hash": "ecb6d654337a3034ccc1de8fe04f7c43b341dc67", "best_bid": "0.04", "best_ask": "0.96"}, {"asset_id": "19353349643293160294017855897120942108968324163221470521949683147376822269864", "price": "0.99", "size": "299.08", "side": "SELL", "hash": "77132cc1ee4fb85d0a0375a61c01408690ae7564", "best_bid": "0.04", "best_ask": "0.96"}], "timestamp": "1769384148891", "event_type": "price_change"}}
{"_local_timestamp": "2026-01-25T23:35:48.962927+00:00", "data": {"market": "0x8e5e93738d39bfa96b5c71b68a5b97322294c8cedbe22a4a1a1ce3a24d7a1cd7", "price_changes": [{"asset_id": "31665810693337854078333031179629564712987621075571279782098878118998024539942", "price": "0.02", "size": "122.42", "side": "BUY", "hash": "f211b4aec9c99ad317102374f0e50f03eb892534", "best_bid": "0.04", "best_ask": "0.96"}, {"asset_id": "4289278606893847085254190999368801698273252554244292015509049559218855376578", "price": "0.98", "size": "122.42", "side": "SELL", "hash": "cebb8f7a5fac18e0b056509ec484d7fb9005f37d", "best_bid": "0.04", "best_ask": "0.96"}], "timestamp": "1769384148891", "event_type": "price_change"}}
{"_local_timestamp": "2026-01-25T23:35:48.963454+00:00", "data": {"market": "0xc32eb2ef6e9ff79355cdd3cf5167bb2d296c2a4b94a6f9e91b62baf2a11fe915", "price_changes": [{"asset_id": "81839358533908552833079143480204009408182729728450572341026542742385062234307", "price": "0.02", "size": "122.42", "side": "BUY", "hash": "ecb6d654337a3034ccc1de8fe04f7c43b341dc67", "best_bid": "0.04", "best_ask": "0.96"}, {"asset_id": "19353349643293160294017855897120942108968324163221470521949683147376822269864", "price": "0.98", "size": "122.42", "side": "SELL", "hash": "77132cc1ee4fb85d0a0375a61c01408690ae7564", "best_bid": "0.04", "best_ask": "0.96"}], "timestamp": "1769384148891", "event_type": "price_change"}}
{"_local_timestamp": "2026-01-25T23:35:49.247907+00:00", "data": {"market": "0x8e5e93738d39bfa96b5c71b68a5b97322294c8cedbe22a4a1a1ce3a24d7a1cd7", "price_changes": [{"asset_id": "31665810693337854078333031179629564712987621075571279782098878118998024539942", "price": "0.01", "size": "324.6", "side": "BUY", "hash": "cd0d065eb03b8e6d4804547ac58ca1936de00009", "best_bid": "0.04", "best_ask": "0.96"}, {"asset_id": "4289278606893847085254190999368801698273252554244292015509049559218855376578", "price": "0.99", "size": "324.6", "side": "SELL", "hash": "18f3c659d882e542694831b458bf4536f87c2f2e", "best_bid": "0.04", "best_ask": "0.96"}], "timestamp": "1769384149172", "event_type": "price_change"}}
{"_local_timestamp": "2026-01-25T23:35:49.248493+00:00", "data": {"market": "0xc32eb2ef6e9ff79355cdd3cf5167bb2d296c2a4b94a6f9e91b62baf2a11fe915", "price_changes": [{"asset_id": "81839358533908552833079143480204009408182729728450572341026542742385062234307", "price": "0.01", "size": "325.02", "side": "BUY", "hash": "09de567a2f5dae3a64bc61705cd0d4bce54a824b", "best_bid": "0.04", "best_ask": "0.96"}, {"asset_id": "19353349643293160294017855897120942108968324163221470521949683147376822269864", "price": "0.99", "size": "325.02", "side": "SELL", "hash": "5fb1b5ae4fa7123e5c5c54f0cfe65bc63dc5e599", "best_bid": "0.04", "best_ask": "0.96"}], "timestamp": "1769384149172", "event_type": "price_change"}}
{"_local_timestamp": "2026-01-25T23:35:49.249004+00:00", "data": {"market": "0x8e5e93738d39bfa96b5c71b68a5b97322294c8cedbe22a4a1a1ce3a24d7a1cd7", "price_changes": [{"asset_id": "31665810693337854078333031179629564712987621075571279782098878118998024539942", "price": "0.02", "size": "136.44", "side": "BUY", "hash": "f92bf0e34e49b8a977cd9b1110a29b00f2ada4fb", "best_bid": "0.04", "best_ask": "0.96"}, {"asset_id": "4289278606893847085254190999368801698273252554244292015509049559218855376578", "price": "0.98", "size": "136.44", "side": "SELL", "hash": "202f381d127b3520325e3bfee07d5d40f4cb437e", "best_bid": "0.04", "best_ask": "0.96"}], "timestamp": "1769384149173", "event_type": "price_change"}}
{"_local_timestamp": "2026-01-25T23:35:49.249431+00:00", "data": {"market": "0xc32eb2ef6e9ff79355cdd3cf5167bb2d296c2a4b94a6f9e91b62baf2a11fe915", "price_changes": [{"asset_id": "81839358533908552833079143480204009408182729728450572341026542742385062234307", "price": "0.02", "size": "136.23", "side": "BUY", "hash": "f105ce1fe71046d4aca202da3ba667876264ae22", "best_bid": "0.04", "best_ask": "0.96"}, {"asset_id": "19353349643293160294017855897120942108968324163221470521949683147376822269864", "price": "0.98", "size": "136.23", "side": "SELL", "hash": "b409f8a027b5ca77679cdac07166b45470681e5e", "best_bid": "0.04", "best_ask": "0.96"}], "timestamp": "1769384149173", "event_type": "price_change"}}
{"_local_timestamp": "2026-01-25T23:35:49.393400+00:00", "data": {"market": "0xfebcebce8643989027c547ea1c9b61dac0b47a03dc44ae742c56fc32ed7f4521", "price_changes": [{"asset_id": "65259862989779526899113611940295663390181697886491735235503986258900972141603", "price": "0.01", "size": "299.07", "side": "BUY", "hash": "c84208a3e2cbe58587848d2b9d767261607fe755", "best_bid": "0.04", "best_ask": "0.96"}, {"asset_id": "68091805598215361887579543601922545950020242636143729645760544101001256572232", "price": "0.99", "size": "299.07", "side": "SELL", "hash": "5b7ff6ec2fb05a064148f7cba6c75db8f83599d8", "best_bid": "0.04", "best_ask": "0.96"}], "timestamp": "1769384149322", "event_type": "price_change"}}
{"_local_timestamp": "2026-01-25T23:35:49.394063+00:00", "data": {"market": "0xfebcebce8643989027c547ea1c9b61dac0b47a03dc44ae742c56fc32ed7f4521", "price_changes": [{"asset_id": "65259862989779526899113611940295663390181697886491735235503986258900972141603", "price": "0.02", "size": "122.42", "side": "BUY", "hash": "c84208a3e2cbe58587848d2b9d767261607fe755", "best_bid": "0.04", "best_ask": "0.96"}, {"asset_id": "68091805598215361887579543601922545950020242636143729645760544101001256572232", "price": "0.98", "size": "122.42", "side": "SELL", "hash": "5b7ff6ec2fb05a064148f7cba6c75db8f83599d8", "best_bid": "0.04", "best_ask": "0.96"}], "timestamp": "1769384149322", "event_type": "price_change"}}
{"_local_timestamp": "2026-01-25T23:35:49.740272+00:00", "data": {"market": "0xfebcebce8643989027c547ea1c9b61dac0b47a03dc44ae742c56fc32ed7f4521", "price_changes": [{"asset_id": "65259862989779526899113611940295663390181697886491735235503986258900972141603", "price": "0.02", "size": "136.23", "side": "BUY", "hash": "b247cd5533365d34601f30e3d52bc3c1d2715ee4", "best_bid": "0.04", "best_ask": "0.96"}, {"asset_id": "68091805598215361887579543601922545950020242636143729645760544101001256572232", "price": "0.98", "size": "136.23", "side": "SELL", "hash": "b85b385532c0cbf417bc3aea0190cb00f53d9b07", "best_bid": "0.04", "best_ask": "0.96"}], "timestamp": "1769384149669", "event_type": "price_change"}}
{"_local_timestamp": "2026-01-25T23:35:49.740922+00:00", "data": {"market": "0xfebcebce8643989027c547ea1c9b61dac0b47a03dc44ae742c56fc32ed7f4521", "price_changes": [{"asset_id": "65259862989779526899113611940295663390181697886491735235503986258900972141603", "price": "0.01", "size": "325.02", "side": "BUY", "hash": "a0d95d3dbe03224788a0a90b84280e4c411e4008", "best_bid": "0.04", "best_ask": "0.96"}, {"asset_id": "68091805598215361887579543601922545950020242636143729645760544101001256572232", "price": "0.99", "size": "325.02", "side": "SELL", "hash": "e4deb78df5f5ea587ffa95136379d00d1018de95", "best_bid": "0.04", "best_ask": "0.96"}], "timestamp": "1769384149670", "event_type": "price_change"}}
{"_local_timestamp": "2026-01-25T23:35:50.252751+00:00", "data": {"market": "0xbb8510952d1916afb304e953b9e5a3c7bfbb9b8d74429f04a77d3ce9abf59ede", "price_changes": [{"asset_id": "43863257746611880218937041751040871913582567578141446572924843850046623196609", "price": "0.01", "size": "301.36", "side": "BUY", "hash": "645014a59f40871482d8ac0c7b99a90475971fa8", "best_bid": "0.04", "best_ask": "0.96"}, {"asset_id": "28122100507487988913975082995339253590983376110617853907860490631003390921001", "price": "0.99", "size": "301.36", "side": "SELL", "hash": "bc0e39bc6d7b5ce78e32df60630b7b75c4d24c08", "best_bid": "0.04", "best_ask": "0.96"}], "timestamp": "1769384150189", "event_type": "price_change"}}
{"_local_timestamp": "2026-01-25T23:35:50.261165+00:00", "data": {"market": "0xbb8510952d1916afb304e953b9e5a3c7bfbb9b8d74429f04a77d3ce9abf59ede", "price_changes": [{"asset_id": "43863257746611880218937041751040871913582567578141446572924843850046623196609", "price": "0.02", "size": "121.49", "side": "BUY", "hash": "645014a59f40871482d8ac0c7b99a90475971fa8", "best_bid": "0.04", "best_ask": "0.96"}, {"asset_id": "28122100507487988913975082995339253590983376110617853907860490631003390921001", "price": "0.98", "size": "121.49", "side": "SELL", "hash": "bc0e39bc6d7b5ce78e32df60630b7b75c4d24c08", "best_bid": "0.04", "best_ask": "0.96"}], "timestamp": "1769384150189", "event_type": "price_change"}}
{"_local_timestamp": "2026-01-25T23:35:50.481872+00:00", "data": {"market": "0xbb8510952d1916afb304e953b9e5a3c7bfbb9b8d74429f04a77d3ce9abf59ede", "price_changes": [{"asset_id": "43863257746611880218937041751040871913582567578141446572924843850046623196609", "price": "0.02", "size": "136.62", "side": "BUY", "hash": "1136ff0c3530e5f637ae5f9482145f26c372683b", "best_bid": "0.04", "best_ask": "0.96"}, {"asset_id": "28122100507487988913975082995339253590983376110617853907860490631003390921001", "price": "0.98", "size": "136.62", "side": "SELL", "hash": "dfde0429ec616e02deed4a53d1df7fa612378c1e", "best_bid": "0.04", "best_ask": "0.96"}], "timestamp": "1769384150416", "event_type": "price_change"}}
{"_local_timestamp": "2026-01-25T23:35:50.497003+00:00", "data": {"market": "0xbb8510952d1916afb304e953b9e5a3c7bfbb9b8d74429f04a77d3ce9abf59ede", "price_changes": [{"asset_id": "43863257746611880218937041751040871913582567578141446572924843850046623196609", "price": "0.01", "size": "324.27", "side": "BUY", "hash": "4eaa5f9e9611261cc5516da00a206d572fe2d4de", "best_bid": "0.04", "best_ask": "0.96"}, {"asset_id": "28122100507487988913975082995339253590983376110617853907860490631003390921001", "price": "0.99", "size": "324.27", "side": "SELL", "hash": "5965e017bcaa5b784a544659bbcda88dd6e249a4", "best_bid": "0.04", "best_ask": "0.96"}], "timestamp": "1769384150418", "event_type": "price_change"}}
{"_local_timestamp": "2026-01-25T23:36:05.750157+00:00", "data": {"market": "0xfa92381f81b5adcfda62f2d53e77dae85a187f0e0fd6de82751d98f2783f4c82", "price_changes": [{"asset_id": "99860339626233003377107831802845090972415981890567845419092028703436659773744", "price": "0.05", "size": "23.99", "side": "BUY", "hash": "d4ab662af6f5177c9713abf0dde565bc040d8f0c", "best_bid": "0.05", "best_ask": "0.94"}, {"asset_id": "108340183697860237873537937757432633768541731341678932872023807481050268145294", "price": "0.95", "size": "23.99", "side": "SELL", "hash": "5831d714b539eb01dd0c6454467a9b3815ce6e17", "best_bid": "0.06", "best_ask": "0.95"}], "timestamp": "1769384165677", "event_type": "price_change"}}
{"_local_timestamp": "2026-01-25T23:36:05.856483+00:00", "data": {"market": "0xbb8510952d1916afb304e953b9e5a3c7bfbb9b8d74429f04a77d3ce9abf59ede", "price_changes": [{"asset_id": "28122100507487988913975082995339253590983376110617853907860490631003390921001", "price": "0.05", "size": "23.99", "side": "BUY", "hash": "c93270724e4fb3b3182b58c33b32b90634a47beb", "best_bid": "0.05", "best_ask": "0.96"}, {"asset_id": "43863257746611880218937041751040871913582567578141446572924843850046623196609", "price": "0.95", "size": "23.99", "side": "SELL", "hash": "1b6cb576465d0485e7632ab3369eb02ba360dec3", "best_bid": "0.04", "best_ask": "0.95"}], "timestamp": "1769384165775", "event_type": "price_change"}}
{"_local_timestamp": "2026-01-25T23:36:05.857192+00:00", "data": {"market": "0xcce8e134cc800c647578712ae1cacd0e7d637a419a6dee4f9c24796d51db0265", "price_changes": [{"asset_id": "42594116318814585990723848827387927348930790190064595765047508877479170108692", "price": "0.05", "size": "23.99", "side": "BUY", "hash": "1d0a6f11d4eeede638cf15f40f1a0d0b4cf2a380", "best_bid": "0.05", "best_ask": "0.96"}, {"asset_id": "65817102744065572480230294686806311631479345064141969816983875806228836264752", "price": "0.95", "size": "23.99", "side": "SELL", "hash": "dc91ff9b07483135ef4756b7482b892f38a22ac7", "best_bid": "0.04", "best_ask": "0.95"}], "timestamp": "1769384165775", "event_type": "price_change"}}
{"_local_timestamp": "2026-01-25T23:36:05.946650+00:00", "data": {"market": "0x4d35158f35437b2a046f47ed834659a238f0eab9b6475c46b08a4fdbfb0a8371", "price_changes": [{"asset_id": "80526323222606421671338856587841249061831272164247760037444004984999868940383", "price": "0.05", "size": "23.99", "side": "BUY", "hash": "1e0f254d4c58e4be5af2051a36c1dd9fdf57c1a8", "best_bid": "0.05", "best_ask": "0.96"}, {"asset_id": "30476494742793499221416014095750917086512108938334884011193720383741587262581", "price": "0.95", "size": "23.99", "side": "SELL", "hash": "47187387da533f0108ce1128e4df4ca6787af88e", "best_bid": "0.04", "best_ask": "0.95"}], "timestamp": "1769384165878", "event_type": "price_change"}}
{"_local_timestamp": "2026-01-25T23:36:05.947303+00:00", "data": {"market": "0xb8ef2d3bcec165deadb82567f77b2388728cb72359e7360ac8961251a7e2afdd", "price_changes": [{"asset_id": "86022011366679176850231859959431997001979507229477606673736375246628108109456", "price": "0.05", "size": "23.99", "side": "BUY", "hash": "67f180a98226ca3e7111624352fae0c9b4ab3f46", "best_bid": "0.05", "best_ask": "0.96"}, {"asset_id": "99119429639346216558506846907652364506124715164431712568772785133524081984811", "price": "0.95", "size": "23.99", "side": "SELL", "hash": "6db465ce3d4e2acbfd1f820b30ffc195afbd582d", "best_bid": "0.04", "best_ask": "0.95"}], "timestamp": "1769384165878", "event_type": "price_change"}}
{"_local_timestamp": "2026-01-25T23:36:06.043644+00:00", "data": {"market": "0x6c69159feef34c18c8e4e2ccf6580a5d89a69d0a3834185402138ec13d6952e7", "price_changes": [{"asset_id": "17188538777625132692660656014689339104699325451015624831433972145591059141742", "price": "0.05", "size": "23.99", "side": "BUY", "hash": "828c327c850b626284978bc41c404be3ba98a004", "best_bid": "0.05", "best_ask": "0.96"}, {"asset_id": "7155917747898226841630160054956272790663585315139518208542677863440461896871", "price": "0.95", "size": "23.99", "side": "SELL", "hash": "0b11ccf3dc911557cbe8fe6dcf0a25870acb1da4", "best_bid": "0.04", "best_ask": "0.95"}], "timestamp": "1769384165976", "event_type": "price_change"}}
{"_local_timestamp": "2026-01-25T23:36:06.044330+00:00", "data": {"market": "0xc32eb2ef6e9ff79355cdd3cf5167bb2d296c2a4b94a6f9e91b62baf2a11fe915", "price_changes": [{"asset_id": "81839358533908552833079143480204009408182729728450572341026542742385062234307", "price": "0.05", "size": "23.99", "side": "BUY", "hash": "8793c34805882bc9cc63e0ae36af6fe96b6e79b2", "best_bid": "0.05", "best_ask": "0.96"}, {"asset_id": "19353349643293160294017855897120942108968324163221470521949683147376822269864", "price": "0.95", "size": "23.99", "side": "SELL", "hash": "7706f74dd6aaa81af29d533a894d4198cd6402b5", "best_bid": "0.04", "best_ask": "0.95"}], "timestamp": "1769384165976", "event_type": "price_change"}}
{"_local_timestamp": "2026-01-25T23:36:06.044820+00:00", "data": {"market": "0x5921c31cf941f5bb16af83cf64e93faa3919ae44856a8a19f0ce5a8c7708bb04", "price_changes": [{"asset_id": "19882581017284074173837856337727250253994645865586624719511142546577763248135", "price": "0.05", "size": "23.99", "side": "BUY", "hash": "4300d8943d9ac3923dbc8c21883d124e657cb50c", "best_bid": "0.05", "best_ask": "0.96"}, {"asset_id": "112884328786807100192202904147068364993635663253354982517010699383897186239141", "price": "0.95", "size": "23.99", "side": "SELL", "hash": "bee7eb487a45f3d30cb19a9f55babce7d90cf453", "best_bid": "0.04", "best_ask": "0.95"}], "timestamp": "1769384165976", "event_type": "price_change"}}
{"_local_timestamp": "2026-01-25T23:36:06.045307+00:00", "data": {"market": "0x8e5e93738d39bfa96b5c71b68a5b97322294c8cedbe22a4a1a1ce3a24d7a1cd7", "price_changes": [{"asset_id": "31665810693337854078333031179629564712987621075571279782098878118998024539942", "price": "0.05", "size": "23.99", "side": "BUY", "hash": "83e99fb309571bf10c4833e316b67eca6b5d8b23", "best_bid": "0.05", "best_ask": "0.96"}, {"asset_id": "4289278606893847085254190999368801698273252554244292015509049559218855376578", "price": "0.95", "size": "23.99", "side": "SELL", "hash": "ded12ca5b997f0c7d0f7b61ca23f0eb7f2cbb5e6", "best_bid": "0.04", "best_ask": "0.95"}], "timestamp": "1769384165976", "event_type": "price_change"}}
{"_local_timestamp": "2026-01-25T23:36:06.051533+00:00", "data": {"market": "0xfebcebce8643989027c547ea1c9b61dac0b47a03dc44ae742c56fc32ed7f4521", "price_changes": [{"asset_id": "65259862989779526899113611940295663390181697886491735235503986258900972141603", "price": "0.05", "size": "23.99", "side": "BUY", "hash": "f65c4677b6a1c7f495047099cb740121db1036ce", "best_bid": "0.05", "best_ask": "0.96"}, {"asset_id": "68091805598215361887579543601922545950020242636143729645760544101001256572232", "price": "0.95", "size": "23.99", "side": "SELL", "hash": "f069630f0e05e9da99f6d1a9fda57c246dea0a58", "best_bid": "0.04", "best_ask": "0.95"}], "timestamp": "1769384165976", "event_type": "price_change"}}
{"_local_timestamp": "2026-01-25T23:36:06.052178+00:00", "data": {"market": "0x5921c31cf941f5bb16af83cf64e93faa3919ae44856a8a19f0ce5a8c7708bb04", "price_changes": [{"asset_id": "112884328786807100192202904147068364993635663253354982517010699383897186239141", "price": "0.05", "size": "23.99", "side": "BUY", "hash": "5063e70cc6622c6a0a21be845ae4789429a34b9d", "best_bid": "0.05", "best_ask": "0.95"}, {"asset_id": "19882581017284074173837856337727250253994645865586624719511142546577763248135", "price": "0.95", "size": "23.99", "side": "SELL", "hash": "261367192fe149b29c9cab3c6aa137439fb072a2", "best_bid": "0.05", "best_ask": "0.95"}], "timestamp": "1769384165977", "event_type": "price_change"}}
