{"_local_timestamp": "2026-01-25T23:41:29.166528+00:00", "data": [{"market": "0x760450ed072072950ad3470e598cb9219ea12fcd340d8ab3d81625c1ef5ab855", "asset_id": "90430096709115040486089618759265761837260336828718449845240175911665583118614", "timestamp": "1769367235414", "hash": "b44ee31b57309b9c26f6700a086a8417439fc533", "bids": [{"price": "0.01", "size": "192.95"}, {"price": "0.02", "size": "116.52"}, {"price": "0.03", "size": "25.58"}, {"price": "0.04", "size": "37"}, {"price": "0.05", "size": "77.17"}, {"price": "0.06", "size": "33"}], "asks": [{"price": "0.99", "size": "368.52"}, {"price": "0.98", "size": "207.75"}, {"price": "0.97", "size": "123.87"}, {"price": "0.96", "size": "50"}], "event_type": "book", "last_trade_price": ""}, {"market": "0x041471e77cf0cadfe0e90d3335bb0475b7c04f8adc2d08e03d231b3ab82600ff", "asset_id": "22287681533496661369362803479961919499507216529656180844350792721131954405285", "timestamp": "1769384487536", "hash": "1af6a207a9fc9415d67a3a3c0debe22cfe54eb89", "bids": [{"price": "0.01", "size": "375"}, {"price": "0.02", "size": "136.2"}, {"price": "0.03", "size": "127"}, {"price": "0.04", "size": "50"}], "asks": [{"price": "0.99", "size": "192.77"}, {"price": "0.98", "size": "116.44"}, {"price": "0.97", "size": "25.48"}, {"price": "0.96", "size": "37"}, {"price": "0.95", "size": "77.14"}, {"price": "0.94", "size": "33"}], "event_type": "book", "last_trade_price": ""}, {"market": "0x5903552c93f25242889e4fcb9ae10c825b25b49545c6748374a2785b748dd6b5", "asset_id": "79718653894676894533907324775408359727997958419392190740808568815546325080747", "timestamp": "1769384486167", "hash": "5d1660951e3956237198e1b8b9c5001872b66344", "bids": [{"price": "0.01", "size": "371.47"}, {"price": "0.02", "size": "137.99"}, {"price": "0.03", "size": "176.99"}, {"price": "0.04", "size": "50"}], "asks": [{"price": "0.99", "size": "192.95"}, {"price": "0.98", "size": "116.53"}, {"price": "0.97", "size": "25.59"}, {"price": "0.96", "size": "37"}, {"price": "0.95", "size": "77.17"}, {"price": "0.94", "size": "33"}], "event_type": "book", "last_trade_price": ""}, {"market": "0xbbe48953b70ef0c7dd9c140fd5d726aa753592c8dc4bc8154edfba260ac1a493", "asset_id": "108334436755899942772354212328236268814998914276432007928799478317932737595698", "timestamp": "1769384399309", "hash": "771ec4dd64b14838316cea2e14b599c60a72e01b", "bids": [{"price": "0.001", "size": "1200.57"}, {"price": "0.002", "size": "65.96"}, {"price": "0.003", "size": "58.48"}, {"price": "0.01", "size": "150"}, {"price": "0.011", "size": "23.74"}, {"price": "0.014", "size": "52.55"}, {"price": "0.04", "size": "37"}, {"price": "0.041", "size": "7.3"}, {"price": "0.05", "size": "91"}, {"price": "0.051", "size": "6.16"}, {"price": "0.06", "size": "33"}, {"price": "0.061", "size": "18.71"}, {"price": "0.067", "size": "6"}, {"price": "0.068", "size": "9"}], "asks": [{"price": "0.999", "size": "1185.91"}, {"price": "0.998", "size": "117.39"}, {"price": "0.99", "size": "380"}, {"price": "0.988", "size": "95"}, {"price": "0.987", "size": "12.57"}, {"price": "0.98", "size": "100"}, {"price": "0.979", "size": "8.91"}, {"price": "0.97", "size": "47.01"}], "event_type": "book", "last_trade_price": "0.030"}, {"market": "0x21784eda884f4b72bf2ccfa8a48ae3b4b7abab9f2725151d0dcefda6bc949415", "asset_id": "15282677724083845764223616552068963664582062021609289432275737279470781564954", "timestamp": "1769366717849", "hash": "47837a62361c1c115ecb709a9471caf2e3fe45d4", "bids": [{"price": "0.01", "size": "368.52"}, {"price": "0.02", "size": "132.75"}, {"price": "0.03", "size": "135.87"}, {"price": "0.04", "size": "50"}], "asks": [{"price": "0.99", "size": "202.53"}, {"price": "0.98", "size": "49.11"}, {"price": "0.97", "size": "73"}, {"price": "0.96", "size": "98.47"}, {"price": "0.95", "size": "40"}], "event_type": "book", "last_trade_price": ""}, {"market": "0xdda19e2d523cee50e256591e0c6e99ddd78b9440c2029ccb2a3f78a29637d1cc", "asset_id": "48603915681148539667206121269083576280338458496946767293661365090494240010836", "timestamp": "1769384487687", "hash": "41afd675c0b52b9b9b699639c94a37705391f202", "bids": [{"price": "0.01", "size": "192.95"}, {"price": "0.02", "size": "116.52"}, {"price": "0.03", "size": "25.58"}, {"price": "0.04", "size": "37"}, {"price": "0.05", "size": "77.17"}, {"price": "0.06", "size": "33"}], "asks": [{"price": "0.99", "size": "374.56"}, {"price": "0.98", "size": "136.43"}, {"price": "0.97", "size": "127"}, {"price": "0.96", "size": "50"}], "event_type": "book", "last_trade_price": ""}, {"market": "0x4d5ab4daed76051bf3ee02f01514a7b0dd1cf209e446672308f46727fa99ed7b", "asset_id": "64977119743751479076413254514305944999304843897903862249385888826938967230411", "timestamp": "1769384436508", "hash": "3f4741a3c9dd633d3a4aef62f13e45167e2eb9a0", "bids": [{"price": "0.01", "size": "192.95"}, {"price": "0.02", "size": "116.52"}, {"price": "0.03", "size": "25.58"}, {"price": "0.04", "size": "37"}, {"price": "0.05", "size": "77.17"}, {"price": "0.06", "size": "33"}], "asks": [{"price": "0.99", "size": "351.19"}, {"price": "0.98", "size": "122.4"}, {"price": "0.97", "size": "127"}, {"price": "0.96", "size": "50"}], "event_type": "book", "last_trade_price": ""}, {"market": "0x760450ed072072950ad3470e598cb9219ea12fcd340d8ab3d81625c1ef5ab855", "asset_id": "80305733120548314778978141872229842731421696388377738883745422592601077397733", "timestamp": "1769367235414", "hash": "11fa76755c0d3d801b3886610c49f5b7cba7ccb0", "bids": [{"price": "0.01", "size": "368.52"}, {"price": "0.02", "size": "207.75"}, {"price": "0.03", "size": "123.87"}, {"price": "0.04", "size": "50"}], "asks": [{"price": "0.99", "size": "192.95"}, {"price": "0.98", "size": "116.52"}, {"price": "0.97", "size": "25.58"}, {"price": "0.96", "size": "37"}, {"price": "0.95", "size": "77.17"}, {"price": "0.94", "size": "33"}], "event_type": "book", "last_trade_price": ""}, {"market": "0x4f51cbd55982f0e6bdb69c0612dc85bb2d11783a4663b31ac0dd80bb2386867a", "asset_id": "23967623108365929363857573796782223208657874286115477177189424653191360936956", "timestamp": "1769366717207", "hash": "5733b81b36e3cf110d329db3a28425f555981d96", "bids": [{"price": "0.01", "size": "202.53"}, {"price": "0.02", "size": "49.11"}, {"price": "0.03", "size": "73"}, {"price": "0.04", "size": "98.47"}, {"price": "0.05", "size": "40"}], "asks": [{"price": "0.99", "size": "368.52"}, {"price": "0.98", "size": "132.75"}, {"price": "0.97", "size": "135.87"}, {"price": "0.96", "size": "50"}], "event_type": "book", "last_trade_price": ""}, {"market": "0x72913ac47e9487e373c7bdd3c75d449f427c895d28e7ad98429b782f228ed9f6", "asset_id": "34939683052114025348559418551897037065239214079285580030139209044392487893523", "timestamp": "1769384487661", "hash": "1c900f060c3b28e78f2c0223724e02de42fb9853", "bids": [{"price": "0.01", "size": "347.9"}, {"price": "0.02", "size": "111.2"}, {"price": "0.03", "size": "127"}, {"price": "0.04", "size": "50"}], "asks": [{"price": "0.99", "size": "192.95"}, {"price": "0.98", "size": "116.52"}, {"price": "0.97", "size": "25.58"}, {"price": "0.96", "size": "37"}, {"price": "0.95", "size": "77.17"}, {"price": "0.94", "size": "33"}], "event_type": "book", "last_trade_price": ""}, {"market": "0x3490799a5410bb29c6fbef53026fa193214a2afb437c64db07725cc9be49125f", "asset_id": "67031091858437583467974405322663967470183816364263691797590816556320452229931", "timestamp": "1769384436416", "hash": "7df190341948d0e9e236bf551052db806c0018aa", "bids": [{"price": "0.01", "size": "351.19"}, {"price": "0.02", "size": "122.4"}, {"price": "0.03", "size": "127"}, {"price": "0.04", "size": "50"}], "asks": [{"price": "0.99", "size": "202.53"}, {"price": "0.98", "size": "49.11"}, {"price": "0.97", "size": "73"}, {"price": "0.96", "size": "98.47"}, {"price": "0.95", "size": "40"}], "event_type": "book", "last_trade_price": ""}, {"market": "0x4d5ab4daed76051bf3ee02f01514a7b0dd1cf209e446672308f46727fa99ed7b", "asset_id": "65219862074796891702778150924797114915736044277781321343167871067389344001869", "timestamp": "1769384436508", "hash": "f33fb5e07875bc767eb89fdf994c47c74c02b393", "bids": [{"price": "0.01", "size": "351.19"}, {"price": "0.02", "size": "122.4"}, {"price": "0.03", "size": "127"}, {"price": "0.04", "size": "50"}], "asks": [{"price": "0.99", "size": "192.95"}, {"price": "0.98", "size": "116.52"}, {"price": "0.97", "size": "25.58"}, {"price": "0.96", "size": "37"}, {"price": "0.95", "size": "77.17"}, {"price": "0.94", "size": "33"}], "event_type": "book", "last_trade_price": ""}, {"market": "0xe47f66723c433c09bc9ec2d2ea2a5577efaa281a9c7fa2a02e29e46e8617455c", "asset_id": "10924975248719655384735586367836871238318706266961692871371587288099481430060", "timestamp": "1769384487683", "hash": "408a24fe5793bde7562a74f64fc78cb53c829fed", "bids": [{"price": "0.01", "size": "373.59"}, {"price": "0.02", "size": "135.66"}, {"price": "0.03", "size": "127.83"}, {"price": "0.04", "size": "50"}], "asks": [{"price": "0.99", "size": "192.95"}, {"price": "0.98", "size": "116.52"}, {"price": "0.97", "size": "25.58"}, {"price": "0.96", "size": "37"}, {"price": "0.95", "size": "77.17"}, {"price": "0.94", "size": "33"}], "event_type": "book", "last_trade_price": ""}, {"market": "0xe47f66723c433c09bc9ec2d2ea2a5577efaa281a9c7fa2a02e29e46e8617455c", "asset_id": "17150359220866358495700891590061756497422012093398179772063419422936219709814", "timestamp": "1769384487683", "hash": "f9b8c8e3579a740c3d3f5c5c84aa314eb7358bb8", "bids": [{"price": "0.01", "size": "192.95"}, {"price": "0.02", "size": "116.52"}, {"price": "0.03", "size": "25.58"}, {"price": "0.04", "size": "37"}, {"price": "0.05", "size": "77.17"}, {"price": "0.06", "size": "33"}], "asks": [{"price": "0.99", "size": "373.59"}, {"price": "0.98", "size": "135.66"}, {"price": "0.97", "size": "127.83"}, {"price": "0.96", "size": "50"}], "event_type": "book", "last_trade_price": ""}, {"market": "0x75f698df86b684d057ed5a74096e20ae1d05f01730d10c8077fa6fe7c0abd1f7", "asset_id": "114331062311292846978851596896747073179936548520522022623301293531678869531022", "timestamp": "1769384335334", "hash": "0d4495cbdb533d24567d21e841c04975e5fc924e", "bids": [{"price": "0.01", "size": "192.95"}, {"price": "0.02", "size": "40.15"}, {"price": "0.03", "size": "100"}, {"price": "0.04", "size": "46.38"}, {"price": "0.05", "size": "77.17"}, {"price": "0.06", "size": "33"}], "asks": [{"price": "0.99", "size": "359.88"}, {"price": "0.98", "size": "132.97"}, {"price": "0.97", "size": "256"}, {"price": "0.96", "size": "50"}], "event_type": "book", "last_trade_price": ""}, {"market": "0x4f51cbd55982f0e6bdb69c0612dc85bb2d11783a4663b31ac0dd80bb2386867a", "asset_id": "86169419073569582802998238969128589906132261345542245645731519627462506260274", "timestamp": "1769366717207", "hash": "e4cf1d3d58c6a42aa6b4fa9881eed0ff4b909ceb", "bids": [{"price": "0.01", "size": "368.52"}, {"price": "0.02", "size": "132.75"}, {"price": "0.03", "size": "135.87"}, {"price": "0.04", "size": "50"}], "asks": [{"price": "0.99", "size": "202.53"}, {"price": "0.98", "size": "49.11"}, {"price": "0.97", "size": "73"}, {"price": "0.96", "size": "98.47"}, {"price": "0.95", "size": "40"}], "event_type": "book", "last_trade_price": ""}, {"market": "0x5903552c93f25242889e4fcb9ae10c825b25b49545c6748374a2785b748dd6b5", "asset_id": "24200433337500189904614360181295632115125818761562840923816489007094730101546", "timestamp": "1769384486167", "hash": "8ad705a0e74e631622085b62e9092d30c701fc6c", "bids": [{"price": "0.01", "size": "192.95"}, {"price": "0.02", "size": "116.53"}, {"price": "0.03", "size": "25.59"}, {"price": "0.04", "size": "37"}, {"price": "0.05", "size": "77.17"}, {"price": "0.06", "size": "33"}], "asks": [{"price": "0.99", "size": "371.47"}, {"price": "0.98", "size": "137.99"}, {"price": "0.97", "size": "176.99"}, {"price": "0.96", "size": "50"}], "event_type": "book", "last_trade_price": ""}, {"market": "0x3490799a5410bb29c6fbef53026fa193214a2afb437c64db07725cc9be49125f", "asset_id": "76710204119309871796800118285480788957801563005622626092382674695414134664095", "timestamp": "1769384436416", "hash": "c00037450c459e33afb25be1c697c6adb0ac7438", "bids": [{"price": "0.01", "size": "202.53"}, {"price": "0.02", "size": "49.11"}, {"price": "0.03", "size": "73"}, {"price": "0.04", "size": "98.47"}, {"price": "0.05", "size": "40"}], "asks": [{"price": "0.99", "size": "351.19"}, {"price": "0.98", "size": "122.4"}, {"price": "0.97", "size": "127"}, {"price": "0.96", "size": "50"}], "event_type": "book", "last_trade_price": ""}, {"market": "0x4cf3b8f48636151c6c659a417656314485ce8e95552dca960ac983c043b46a20", "asset_id": "70248363113600276777809924706693735650296251658170609611549724319498778503054", "timestamp": "1769384147478", "hash": "52d4d136ce96ed190cea74ca8076033a74f7554f", "bids": [{"price": "0.01", "size": "314.58"}, {"price": "0.02", "size": "113.63"}, {"price": "0.03", "size": "49"}, {"price": "0.04", "size": "14.48"}, {"price": "0.06", "size": "33"}, {"price": "0.07", "size": "185.71"}, {"price": "0.08", "size": "160.75"}, {"price": "0.09", "size": "10.64"}, {"price": "0.49", "size": "100"}], "asks": [{"price": "0.99", "size": "602.53"}, {"price": "0.98", "size": "48.51"}, {"price": "0.97", "size": "73"}, {"price": "0.96", "size": "98.47"}, {"price": "0.95", "size": "40"}], "event_type": "book", "last_trade_price": ""}, {"market": "0xdda19e2d523cee50e256591e0c6e99ddd78b9440c2029ccb2a3f78a29637d1cc", "asset_id": "86444503902741600863949200697950873205179167187099789180230893131728903185327", "timestamp": "1769384487687", "hash": "2847fad79ef208849c2e3951ac8c6fd022fc1960", "bids": [{"price": "0.01", "size": "374.56"}, {"price": "0.02", "size": "136.43"}, {"price": "0.03", "size": "127"}, {"price": "0.04", "size": "50"}], "asks": [{"price": "0.99", "size": "192.95"}, {"price": "0.98", "size": "116.52"}, {"price": "0.97", "size": "25.58"}, {"price": "0.96", "size": "37"}, {"price": "0.95", "size": "77.17"}, {"price": "0.94", "size": "33"}], "event_type": "book", "last_trade_price": ""}, {"market": "0x6a16c04d74f489f01c50d017d292379214fa8664e7cdc1327f21d56b94e7cf18", "asset_id": "72213707699667856996227987224066897020326375270998125521415181982448568338462", "timestamp": "1769384487662", "hash": "b216546b1a5431cc45f8a8de17c8113e1fd224b9", "bids": [{"price": "0.01", "size": "351"}, {"price": "0.02", "size": "121.77"}, {"price": "0.03", "size": "127"}, {"price": "0.04", "size": "50"}], "asks": [{"price": "0.99", "size": "192.95"}, {"price": "0.98", "size": "116.52"}, {"price": "0.97", "size": "25.58"}, {"price": "0.96", "size": "37"}, {"price": "0.95", "size": "77.17"}, {"price": "0.94", "size": "33"}], "event_type": "book", "last_trade_price": ""}, {"market": "0x6a16c04d74f489f01c50d017d292379214fa8664e7cdc1327f21d56b94e7cf18", "asset_id": "9174442456989766308113350783070996316737518838204270131721078506042323692269", "timestamp": "1769384487662", "hash": "c32c8e9d557d9054ed93e0422d8b9dc49da0f82d", "bids": [{"price": "0.01", "size": "192.95"}, {"price": "0.02", "size": "116.52"}, {"price": "0.03", "size": "25.58"}, {"price": "0.04", "size": "37"}, {"price": "0.05", "size": "77.17"}, {"price": "0.06", "size": "33"}], "asks": [{"price": "0.99", "size": "351"}, {"price": "0.98", "size": "121.77"}, {"price": "0.97", "size": "127"}, {"price": "0.96", "size": "50"}], "event_type": "book", "last_trade_price": ""}, {"market": "0xbbe48953b70ef0c7dd9c140fd5d726aa753592c8dc4bc8154edfba260ac1a493", "asset_id": "109623631119753418566314935076361111079945475680502199511268072219931048214157", "timestamp": "1769384399309", "hash": "a6254495501c24fe6fdfce3bac818160e9553330", "bids": [{"price": "0.001", "size": "1185.91"}, {"price": "0.002", "size": "117.39"}, {"price": "0.01", "size": "380"}, {"price": "0.012", "size": "95"}, {"price": "0.013", "size": "12.57"}, {"price": "0.02", "size": "100"}, {"price": "0.021", "size": "8.91"}, {"price": "0.03", "size": "47.01"}], "asks": [{"price": "0.999", "size": "1200.57"}, {"price": "0.998", "size": "65.96"}, {"price": "0.997", "size": "58.48"}, {"price": "0.99", "size": "150"}, {"price": "0.989", "size": "23.74"}, {"price": "0.986", "size": "52.55"}, {"price": "0.96", "size": "37"}, {"price": "0.959", "size": "7.3"}, {"price": "0.95", "size": "91"}, {"price": "0.949", "size": "6.16"}, {"price": "0.94", "size": "33"}, {"price": "0.939", "size": "18.71"}, {"price": "0.933", "size": "6"}, {"price": "0.932", "size": "9"}], "event_type": "book", "last_trade_price": "0.030"}, {"market": "0x041471e77cf0cadfe0e90d3335bb0475b7c04f8adc2d08e03d231b3ab82600ff", "asset_id": "112720166655610236530070735785077595942080316046603525135802895217336453038121", "timestamp": "1769384487536", "hash": "52ccc5db85cc4b1130af35aef4187aa4b71f0bdb", "bids": [{"price": "0.01", "size": "192.77"}, {"price": "0.02", "size": "116.44"}, {"price": "0.03", "size": "25.48"}, {"price": "0.04", "size": "37"}, {"price": "0.05", "size": "77.14"}, {"price": "0.06", "size": "33"}], "asks": [{"price": "0.99", "size": "375"}, {"price": "0.98", "size": "136.2"}, {"price": "0.97", "size": "127"}, {"price": "0.96", "size": "50"}], "event_type": "book", "last_trade_price": ""}, {"market": "0x75f698df86b684d057ed5a74096e20ae1d05f01730d10c8077fa6fe7c0abd1f7", "asset_id": "42131737972221489611902151655767849034970622713625995147721200304331559882837", "timestamp": "1769384335334", "hash": "fbc09d0ef95ead4c8be5f20b3b1b2b61f15b5a3d", "bids": [{"price": "0.01", "size": "359.88"}, {"price": "0.02", "size": "132.97"}, {"price": "0.03", "size": "256"}, {"price": "0.04", "size": "50"}], "asks": [{"price": "0.99", "size": "192.95"}, {"price": "0.98", "size": "40.15"}, {"price": "0.97", "size": "100"}, {"price": "0.96", "size": "46.38"}, {"price": "0.95", "size": "77.17"}, {"price": "0.94", "size": "33"}], "event_type": "book", "last_trade_price": ""}, {"market": "0x72913ac47e9487e373c7bdd3c75d449f427c895d28e7ad98429b782f228ed9f6", "asset_id": "48206729222725636518616980976537499288859343356285093327903485282270033674835", "timestamp": "1769384487661", "hash": "ce13fe502b3f420c52e5d5d7c78c2fd42a3e106c", "bids": [{"price": "0.01", "size": "192.95"}, {"price": "0.02", "size": "116.52"}, {"price": "0.03", "size": "25.58"}, {"price": "0.04", "size": "37"}, {"price": "0.05", "size": "77.17"}, {"price": "0.06", "size": "33"}], "asks": [{"price": "0.99", "size": "347.9"}, {"price": "0.98", "size": "111.2"}, {"price": "0.97", "size": "127"}, {"price": "0.96", "size": "50"}], "event_type": "book", "last_trade_price": ""}, {"market": "0x4cf3b8f48636151c6c659a417656314485ce8e95552dca960ac983c043b46a20", "asset_id": "22775788595354641873930585358775838540087884111814366918370583719862832626554", "timestamp": "1769384147478", "hash": "caac5657a31f1b46cd48023bf0d0a1b92297ea1d", "bids": [{"price": "0.01", "size": "602.53"}, {"price": "0.02", "size": "48.51"}, {"price": "0.03", "size": "73"}, {"price": "0.04", "size": "98.47"}, {"price": "0.05", "size": "40"}], "asks": [{"price": "0.99", "size": "314.58"}, {"price": "0.98", "size": "113.63"}, {"price": "0.97", "size": "49"}, {"price": "0.96", "size": "14.48"}, {"price": "0.94", "size": "33"}, {"price": "0.93", "size": "185.71"}, {"price": "0.92", "size": "160.75"}, {"price": "0.91", "size": "10.64"}, {"price": "0.51", "size": "100"}], "event_type": "book", "last_trade_price": ""}, {"market": "0x21784eda884f4b72bf2ccfa8a48ae3b4b7abab9f2725151d0dcefda6bc949415", "asset_id": "96996973627595055861898167859156458353370490929012683601488856316735510831713", "timestamp": "1769366717849", "hash": "8be616c8bf4d2793ca40c14af7931efdf5c8c90f", "bids": [{"price": "0.01", "size": "202.53"}, {"price": "0.02", "size": "49.11"}, {"price": "0.03", "size": "73"}, {"price": "0.04", "size": "98.47"}, {"price": "0.05", "size": "40"}], "asks": [{"price": "0.99", "size": "368.52"}, {"price": "0.98", "size": "132.75"}, {"price": "0.97", "size": "135.87"}, {"price": "0.96", "size": "50"}], "event_type": "book", "last_trade_price": ""}]}
{"_local_timestamp": "2026-01-25T23:41:30.842591+00:00", "data": {"market": "0x6a16c04d74f489f01c50d017d292379214fa8664e7cdc1327f21d56b94e7cf18", "price_changes": [{"asset_id": "72213707699667856996227987224066897020326375270998125521415181982448568338462", "price": "0.01", "size": "374.38", "side": "BUY", "hash": "d0079f5a36bb368e8dc6b631349aaec6a0c5d05b", "best_bid": "0.04", "best_ask": "0.94"}, {"asset_id": "9174442456989766308113350783070996316737518838204270131721078506042323692269", "price": "0.99", "size": "374.38", "side": "SELL", "hash": "80252d5732ae82ed7edb2ace83e9a0faba5b6b7c", "best_bid": "0.06", "best_ask": "0.96"}], "timestamp": "1769384490776", "event_type": "price_change"}}
{"_local_timestamp": "2026-01-25T23:41:30.846597+00:00", "data": {"market": "0x72913ac47e9487e373c7bdd3c75d449f427c895d28e7ad98429b782f228ed9f6", "price_changes": [{"asset_id": "34939683052114025348559418551897037065239214079285580030139209044392487893523", "price": "0.02", "size": "137.38", "side": "BUY", "hash": "a91079404909f7828e05257a1f3d9acda1e7cf8f", "best_bid": "0.04", "best_ask": "0.94"}, {"asset_id": "48206729222725636518616980976537499288859343356285093327903485282270033674835", "price": "0.98", "size": "137.38", "side": "SELL", "hash": "cbea66fb651ba7e3415b78e48119f00c92927c6e", "best_bid": "0.06", "best_ask": "0.96"}], "timestamp": "1769384490777", "event_type": "price_change"}}
{"_local_timestamp": "2026-01-25T23:41:30.847167+00:00", "data": {"market": "0x6a16c04d74f489f01c50d017d292379214fa8664e7cdc1327f21d56b94e7cf18", "price_changes": [{"asset_id": "72213707699667856996227987224066897020326375270998125521415181982448568338462", "price": "0.02", "size": "136.51", "side": "BUY", "hash": "7e49245dd0cfcf34fb7da6928784ce254b96b2a9", "best_bid": "0.04", "best_ask": "0.94"}, {"asset_id": "9174442456989766308113350783070996316737518838204270131721078506042323692269", "price": "0.98", "size": "136.51", "side": "SELL", "hash": "00b8296c71627d6c729f1507087707c8e327b566", "best_bid": "0.06", "best_ask": "0.96"}], "timestamp": "1769384490778", "event_type": "price_change"}}
{"_local_timestamp": "2026-01-25T23:41:30.847644+00:00", "data": {"market": "0x72913ac47e9487e373c7bdd3c75d449f427c895d28e7ad98429b782f228ed9f6", "price_changes": [{"asset_id": "34939683052114025348559418551897037065239214079285580030139209044392487893523", "price": "0.01", "size": "372.66", "side": "BUY", "hash": "4cacb3718528c6021f6ccc211fe90ff2e47d75e9", "best_bid": "0.04", "best_ask": "0.94"}, {"asset_id": "48206729222725636518616980976537499288859343356285093327903485282270033674835", "price": "0.99", "size": "372.66", "side": "SELL", "hash": "7f6e641357150cd3124d4c45e8bd08b4bdf892be", "best_bid": "0.06", "best_ask": "0.96"}], "timestamp": "1769384490779", "event_type": "price_change"}}
{"_local_timestamp": "2026-01-25T23:42:28.451192+00:00", "data": {"market": "0x75f698df86b684d057ed5a74096e20ae1d05f01730d10c8077fa6fe7c0abd1f7", "price_changes": [{"asset_id": "42131737972221489611902151655767849034970622713625995147721200304331559882837", "price": "0.01", "size": "381.48", "side": "BUY", "hash": "24cbad24c5bad09018af4c165390c53e0b9e4943", "best_bid": "0.04", "best_ask": "0.94"}, {"asset_id": "114331062311292846978851596896747073179936548520522022623301293531678869531022", "price": "0.99", "size": "381.48", "side": "SELL", "hash": "5afb91331275161b066c59ff86749b83250c5070", "best_bid": "0.06", "best_ask": "0.96"}], "timestamp": "1769384548322", "event_type": "price_change"}}
{"_local_timestamp": "2026-01-25T23:42:28.452450+00:00", "data": {"market": "0x3490799a5410bb29c6fbef53026fa193214a2afb437c64db07725cc9be49125f", "price_changes": [{"asset_id": "67031091858437583467974405322663967470183816364263691797590816556320452229931", "price": "0.02", "size": "136.43", "side": "BUY", "hash": "eac5f2806bd93bc2548838f7a605394b68c24828", "best_bid": "0.04", "best_ask": "0.95"}, {"asset_id": "76710204119309871796800118285480788957801563005622626092382674695414134664095", "price": "0.98", "size": "136.43", "side": "SELL", "hash": "8697fc6c4ac74eafedd92ca8eee6cd86efea903a", "best_bid": "0.05", "best_ask": "0.96"}], "timestamp": "1769384548322", "event_type": "price_change"}}
{"_local_timestamp": "2026-01-25T23:42:28.452935+00:00", "data": {"market": "0x4d5ab4daed76051bf3ee02f01514a7b0dd1cf209e446672308f46727fa99ed7b", "price_changes": [{"asset_id": "65219862074796891702778150924797114915736044277781321343167871067389344001869", "price": "0.02", "size": "136.43", "side": "BUY", "hash": "0f4b57642184347d7eb8cb6c2092904106a87517", "best_bid": "0.04", "best_ask": "0.94"}, {"asset_id": "64977119743751479076413254514305944999304843897903862249385888826938967230411", "price": "0.98", "size": "136.43", "side": "SELL", "hash": "e5411610e4189c298474ee0995eb1a2d27e81714", "best_bid": "0.06", "best_ask": "0.96"}], "timestamp": "1769384548322", "event_type": "price_change"}}
{"_local_timestamp": "2026-01-25T23:42:28.453516+00:00", "data": {"market": "0x3490799a5410bb29c6fbef53026fa193214a2afb437c64db07725cc9be49125f", "price_changes": [{"asset_id": "67031091858437583467974405322663967470183816364263691797590816556320452229931", "price": "0.01", "size": "374.55", "side": "BUY", "hash": "3049295f25bc6ff59473c9a860e2c6ded78820f1", "best_bid": "0.04", "best_ask": "0.95"}, {"asset_id": "76710204119309871796800118285480788957801563005622626092382674695414134664095", "price": "0.99", "size": "374.55", "side": "SELL", "hash": "eef170c2d403beb28631b0938c667393020a6104", "best_bid": "0.05", "best_ask": "0.96"}], "timestamp": "1769384548323", "event_type": "price_change"}}
{"_local_timestamp": "2026-01-25T23:42:28.453967+00:00", "data": {"market": "0x4d5ab4daed76051bf3ee02f01514a7b0dd1cf209e446672308f46727fa99ed7b", "price_changes": [{"asset_id": "65219862074796891702778150924797114915736044277781321343167871067389344001869", "price": "0.01", "size": "374.56", "side": "BUY", "hash": "626de734bd55a823a096c2723cece7558ee7e31b", "best_bid": "0.04", "best_ask": "0.94"}, {"asset_id": "64977119743751479076413254514305944999304843897903862249385888826938967230411", "price": "0.99", "size": "374.56", "side": "SELL", "hash": "7000b333b47a67daeb75487435d261900b2b004d", "best_bid": "0.06", "best_ask": "0.96"}], "timestamp": "1769384548323", "event_type": "price_change"}}
{"_local_timestamp": "2026-01-25T23:43:26.796314+00:00", "data": {"market": "0xbbe48953b70ef0c7dd9c140fd5d726aa753592c8dc4bc8154edfba260ac1a493", "price_changes": [{"asset_id": "108334436755899942772354212328236268814998914276432007928799478317932737595698", "price": "0.001", "size": "1178.99", "side": "BUY", "hash": "240117d2f9e1192db3b289ea198deb9da104ad4f", "best_bid": "0.068", "best_ask": "0.97"}, {"asset_id": "109623631119753418566314935076361111079945475680502199511268072219931048214157", "price": "0.999", "size": "1178.99", "side": "SELL", "hash": "a2f3118726287d52c0d90a8482427d7d1c5aa64e", "best_bid": "0.03", "best_ask": "0.932"}], "timestamp": "1769384606682", "event_type": "price_change"}}
{"_local_timestamp": "2026-01-25T23:43:26.797386+00:00", "data": {"market": "0xbbe48953b70ef0c7dd9c140fd5d726aa753592c8dc4bc8154edfba260ac1a493", "price_changes": [{"asset_id": "108334436755899942772354212328236268814998914276432007928799478317932737595698", "price": "0.003", "size": "0", "side": "BUY", "hash": "240117d2f9e1192db3b289ea198deb9da104ad4f", "best_bid": "0.068", "best_ask": "0.97"}, {"asset_id": "109623631119753418566314935076361111079945475680502199511268072219931048214157", "price": "0.997", "size": "0", "side": "SELL", "hash": "a2f3118726287d52c0d90a8482427d7d1c5aa64e", "best_bid": "0.03", "best_ask": "0.932"}], "timestamp": "1769384606682", "event_type": "price_change"}}
{"_local_timestamp": "2026-01-25T23:43:26.797933+00:00", "data": {"market": "0xbbe48953b70ef0c7dd9c140fd5d726aa753592c8dc4bc8154edfba260ac1a493", "price_changes": [{"asset_id": "108334436755899942772354212328236268814998914276432007928799478317932737595698", "price": "0.014", "size": "0", "side": "BUY", "hash": "240117d2f9e1192db3b289ea198deb9da104ad4f", "best_bid": "0.068", "best_ask": "0.97"}, {"asset_id": "109623631119753418566314935076361111079945475680502199511268072219931048214157", "price": "0.986", "size": "0", "side": "SELL", "hash": "a2f3118726287d52c0d90a8482427d7d1c5aa64e", "best_bid": "0.03", "best_ask": "0.932"}], "timestamp": "1769384606682", "event_type": "price_change"}}
{"_local_timestamp": "2026-01-25T23:43:27.304332+00:00", "data": {"market": "0xbbe48953b70ef0c7dd9c140fd5d726aa753592c8dc4bc8154edfba260ac1a493", "price_changes": [{"asset_id": "108334436755899942772354212328236268814998914276432007928799478317932737595698", "price": "0.004", "size": "43.99", "side": "BUY", "hash": "302ac7b362969cdf751e6794e3a37a75adb7060f", "best_bid": "0.068", "best_ask": "0.97"}, {"asset_id": "109623631119753418566314935076361111079945475680502199511268072219931048214157", "price": "0.996", "size": "43.99", "side": "SELL", "hash": "b324102733268720798080f0f7eaa750cd9b858f", "best_bid": "0.03", "best_ask": "0.932"}], "timestamp": "1769384607200", "event_type": "price_change"}}
{"_local_timestamp": "2026-01-25T23:43:27.304977+00:00", "data": {"market": "0xbbe48953b70ef0c7dd9c140fd5d726aa753592c8dc4bc8154edfba260ac1a493", "price_changes": [{"asset_id": "108334436755899942772354212328236268814998914276432007928799478317932737595698", "price": "0.015", "size": "49.19", "side": "BUY", "hash": "77d999a8de52c98c81af3d31a3197a81117c7f4e", "best_bid": "0.068", "best_ask": "0.97"}, {"asset_id": "109623631119753418566314935076361111079945475680502199511268072219931048214157", "price": "0.985", "size": "49.19", "side": "SELL", "hash": "1fada39572ab33fddeaa4a290a1f0d36ada2bbb3", "best_bid": "0.03", "best_ask": "0.932"}], "timestamp": "1769384607200", "event_type": "price_change"}}
{"_local_timestamp": "2026-01-25T23:43:27.305492+00:00", "data": {"market": "0xbbe48953b70ef0c7dd9c140fd5d726aa753592c8dc4bc8154edfba260ac1a493", "price_changes": [{"asset_id": "108334436755899942772354212328236268814998914276432007928799478317932737595698", "price": "0.001", "size": "1197.76", "side": "BUY", "hash": "a54bc3dcd4a71e111671b43b06f2ee575496aea9", "best_bid": "0.068", "best_ask": "0.97"}, {"asset_id": "109623631119753418566314935076361111079945475680502199511268072219931048214157", "price": "0.999", "size": "1197.76", "side": "SELL", "hash": "643f2ac55a0d7e5b1691a05e0fe7d171b4e6989d", "best_bid": "0.03", "best_ask": "0.932"}], "timestamp": "1769384607201", "event_type": "price_change"}}
{"_local_timestamp": "2026-01-25T23:43:53.799414+00:00", "data": {"market": "0x5903552c93f25242889e4fcb9ae10c825b25b49545c6748374a2785b748dd6b5", "price_changes": [{"asset_id": "79718653894676894533907324775408359727997958419392190740808568815546325080747", "price": "0.01", "size": "347.9", "side": "BUY", "hash": "1f10ea066d08470f064243df78c42366117f06a3", "best_bid": "0.04", "best_ask": "0.94"}, {"asset_id": "24200433337500189904614360181295632115125818761562840923816489007094730101546", "price": "0.99", "size": "347.9", "side": "SELL", "hash": "02508d36b7a94d58c1825948bad54330349f2755", "best_bid": "0.06", "best_ask": "0.96"}], "timestamp": "1769384633661", "event_type": "price_change"}}
{"_local_timestamp": "2026-01-25T23:43:53.800536+00:00", "data": {"market": "0x5903552c93f25242889e4fcb9ae10c825b25b49545c6748374a2785b748dd6b5", "price_changes": [{"asset_id": "79718653894676894533907324775408359727997958419392190740808568815546325080747", "price": "0.02", "size": "100", "side": "BUY", "hash": "1f10ea066d08470f064243df78c42366117f06a3", "best_bid": "0.04", "best_ask": "0.94"}, {"asset_id": "24200433337500189904614360181295632115125818761562840923816489007094730101546", "price": "0.98", "size": "100", "side": "SELL", "hash": "02508d36b7a94d58c1825948bad54330349f2755", "best_bid": "0.06", "best_ask": "0.96"}], "timestamp": "1769384633661", "event_type": "price_change"}}
{"_local_timestamp": "2026-01-25T23:43:53.801043+00:00", "data": {"market": "0xdda19e2d523cee50e256591e0c6e99ddd78b9440c2029ccb2a3f78a29637d1cc", "price_changes": [{"asset_id": "86444503902741600863949200697950873205179167187099789180230893131728903185327", "price": "0.01", "size": "351.19", "side": "BUY", "hash": "07ebda344e96b49bb4b70b0a102e30fd3b1c3c2e", "best_bid": "0.04", "best_ask": "0.94"}, {"asset_id": "48603915681148539667206121269083576280338458496946767293661365090494240010836", "price": "0.99", "size": "351.19", "side": "SELL", "hash": "65046ea0db85ae4f9d1e4328b850fafed2db1170", "best_bid": "0.06", "best_ask": "0.96"}], "timestamp": "1769384633661", "event_type": "price_change"}}
{"_local_timestamp": "2026-01-25T23:43:53.801475+00:00", "data": {"market": "0xdda19e2d523cee50e256591e0c6e99ddd78b9440c2029ccb2a3f78a29637d1cc", "price_changes": [{"asset_id": "86444503902741600863949200697950873205179167187099789180230893131728903185327", "price": "0.02", "size": "122.4", "side": "BUY", "hash": "07ebda344e96b49bb4b70b0a102e30fd3b1c3c2e", "best_bid": "0.04", "best_ask": "0.94"}, {"asset_id": "48603915681148539667206121269083576280338458496946767293661365090494240010836", "price": "0.98", "size": "122.4", "side": "SELL", "hash": "65046ea0db85ae4f9d1e4328b850fafed2db1170", "best_bid": "0.06", "best_ask": "0.96"}], "timestamp": "1769384633661", "event_type": "price_change"}}
{"_local_timestamp": "2026-01-25T23:43:54.348368+00:00", "data": {"market": "0x5903552c93f25242889e4fcb9ae10c825b25b49545c6748374a2785b748dd6b5", "price_changes": [{"asset_id": "79718653894676894533907324775408359727997958419392190740808568815546325080747", "price": "0.02", "size": "137.98", "side": "BUY", "hash": "e64c12573f24a69a16c4f6a6005682789b8f51b4", "best_bid": "0.04", "best_ask": "0.94"}, {"asset_id": "24200433337500189904614360181295632115125818761562840923816489007094730101546", "price": "0.98", "size": "137.98", "side": "SELL", "hash": "8310b40d70c450a619b15b2139270b10ca2cac74", "best_bid": "0.06", "best_ask": "0.96"}], "timestamp": "1769384634213", "event_type": "price_change"}}
{"_local_timestamp": "2026-01-25T23:43:54.349383+00:00", "data": {"market": "0xdda19e2d523cee50e256591e0c6e99ddd78b9440c2029ccb2a3f78a29637d1cc", "price_changes": [{"asset_id": "86444503902741600863949200697950873205179167187099789180230893131728903185327", "price": "0.01", "size": "374.55", "side": "BUY", "hash": "53bd158a00970ea5f42cc0256bb71830ae7affff", "best_bid": "0.04", "best_ask": "0.94"}, {"asset_id": "48603915681148539667206121269083576280338458496946767293661365090494240010836", "price": "0.99", "size": "374.55", "side": "SELL", "hash": "c97d8f3858f1d7a1a320201894b1a3aab719b473", "best_bid": "0.06", "best_ask": "0.96"}], "timestamp": "1769384634213", "event_type": "price_change"}}
{"_local_timestamp": "2026-01-25T23:43:54.353713+00:00", "data": {"market": "0x5903552c93f25242889e4fcb9ae10c825b25b49545c6748374a2785b748dd6b5", "price_changes": [{"asset_id": "79718653894676894533907324775408359727997958419392190740808568815546325080747", "price": "0.01", "size": "371.46", "side": "BUY", "hash": "aeb1c730482e23dff8e86fb709153870dbefcbd0", "best_bid": "0.04", "best_ask": "0.94"}, {"asset_id": "24200433337500189904614360181295632115125818761562840923816489007094730101546", "price": "0.99", "size": "371.46", "side": "SELL", "hash": "26173f5f1f7274b2a9e222fd4ae6ff282117e9d6", "best_bid": "0.06", "best_ask": "0.96"}], "timestamp": "1769384634214", "event_type": "price_change"}}
{"_local_timestamp": "2026-01-25T23:43:54.354216+00:00", "data": {"market": "0xdda19e2d523cee50e256591e0c6e99ddd78b9440c2029ccb2a3f78a29637d1cc", "price_changes": [{"asset_id": "86444503902741600863949200697950873205179167187099789180230893131728903185327", "price": "0.02", "size": "136.42", "side": "BUY", "hash": "0282d23834d6b32e679c03134288617d42f6f30e", "best_bid": "0.04", "best_ask": "0.94"}, {"asset_id": "48603915681148539667206121269083576280338458496946767293661365090494240010836", "price": "0.98", "size": "136.42", "side": "SELL", "hash": "cd2e2d46a43809d29f5c7cd6aa7109c9c4d63283", "best_bid": "0.06", "best_ask": "0.96"}], "timestamp": "1769384634215", "event_type": "price_change"}}
{"_local_timestamp": "2026-01-25T23:43:54.553001+00:00", "data": {"market": "0x72913ac47e9487e373c7bdd3c75d449f427c895d28e7ad98429b782f228ed9f6", "price_changes": [{"asset_id": "34939683052114025348559418551897037065239214079285580030139209044392487893523", "price": "0.01", "size": "347.9", "side": "BUY", "hash": "33fb78299d0bd3bad46a3067272c07e43c731c82", "best_bid": "0.04", "best_ask": "0.94"}, {"asset_id": "48206729222725636518616980976537499288859343356285093327903485282270033674835", "price": "0.99", "size": "347.9", "side": "SELL", "hash": "522e550eb3428f25fbc2590f9c6ef2991207385d", "best_bid": "0.06", "best_ask": "0.96"}], "timestamp": "1769384634422", "event_type": "price_change"}}
{"_local_timestamp": "2026-01-25T23:43:54.553572+00:00", "data": {"market": "0x72913ac47e9487e373c7bdd3c75d449f427c895d28e7ad98429b782f228ed9f6", "price_changes": [{"asset_id": "34939683052114025348559418551897037065239214079285580030139209044392487893523", "price": "0.02", "size": "111.2", "side": "BUY", "hash": "33fb78299d0bd3bad46a3067272c07e43c731c82", "best_bid": "0.04", "best_ask": "0.94"}, {"asset_id": "48206729222725636518616980976537499288859343356285093327903485282270033674835", "price": "0.98", "size": "111.2", "side": "SELL", "hash": "522e550eb3428f25fbc2590f9c6ef2991207385d", "best_bid": "0.06", "best_ask": "0.96"}], "timestamp": "1769384634422", "event_type": "price_change"}}
{"_local_timestamp": "2026-01-25T23:43:54.908688+00:00", "data": {"market": "0x72913ac47e9487e373c7bdd3c75d449f427c895d28e7ad98429b782f228ed9f6", "price_changes": [{"asset_id": "34939683052114025348559418551897037065239214079285580030139209044392487893523", "price": "0.02", "size": "137.37", "side": "BUY", "hash": "8e6caa6c63aa3c530b9c4319c889063358cea361", "best_bid": "0.04", "best_ask": "0.94"}, {"asset_id": "48206729222725636518616980976537499288859343356285093327903485282270033674835", "price": "0.98", "size": "137.37", "side": "SELL", "hash": "a6497f1be9f0885440b157fbd1c396279e0dcf35", "best_bid": "0.06", "best_ask": "0.96"}], "timestamp": "1769384634782", "event_type": "price_change"}}
{"_local_timestamp": "2026-01-25T23:43:54.912957+00:00", "data": {"market": "0x72913ac47e9487e373c7bdd3c75d449f427c895d28e7ad98429b782f228ed9f6", "price_changes": [{"asset_id": "34939683052114025348559418551897037065239214079285580030139209044392487893523", "price": "0.01", "size": "372.65", "side": "BUY", "hash": "abf1891aa7bc378b84104bc215982a23a4d9120a", "best_bid": "0.04", "best_ask": "0.94"}, {"asset_id": "48206729222725636518616980976537499288859343356285093327903485282270033674835", "price": "0.99", "size": "372.65", "side": "SELL", "hash": "044eaa003b68b3101b1519565e84bed723d68dd7", "best_bid": "0.06", "best_ask": "0.96"}], "timestamp": "1769384634783", "event_type": "price_change"}}
{"_local_timestamp": "2026-01-25T23:44:08.464052+00:00", "data": {"market": "0x75f698df86b684d057ed5a74096e20ae1d05f01730d10c8077fa6fe7c0abd1f7", "price_changes": [{"asset_id": "42131737972221489611902151655767849034970622713625995147721200304331559882837", "price": "0.01", "size": "349.42", "side": "BUY", "hash": "a35392d769d9945850c33c1c6fc4fe50eec8a59e", "best_bid": "0.04", "best_ask": "0.94"}, {"asset_id": "114331062311292846978851596896747073179936548520522022623301293531678869531022", "price": "0.99", "size": "349.42", "side": "SELL", "hash": "a994c9e7451dfc706335fc6548ff081769acf758", "best_bid": "0.06", "best_ask": "0.96"}], "timestamp": "1769384648247", "event_type": "price_change"}}
{"_local_timestamp": "2026-01-25T23:44:08.464640+00:00", "data": {"market": "0x4d5ab4daed76051bf3ee02f01514a7b0dd1cf209e446672308f46727fa99ed7b", "price_changes": [{"asset_id": "65219862074796891702778150924797114915736044277781321343167871067389344001869", "price": "0.01", "size": "351.19", "side": "BUY", "hash": "8edb70ad8e37b1efee68d10ed82239a14637756f", "best_bid": "0.04", "best_ask": "0.94"}, {"asset_id": "64977119743751479076413254514305944999304843897903862249385888826938967230411", "price": "0.99", "size": "351.19", "side": "SELL", "hash": "aff7414d6a666053314ec953123ac2165802b353", "best_bid": "0.06", "best_ask": "0.96"}], "timestamp": "1769384648247", "event_type": "price_change"}}
{"_local_timestamp": "2026-01-25T23:44:08.465290+00:00", "data": {"market": "0x4d5ab4daed76051bf3ee02f01514a7b0dd1cf209e446672308f46727fa99ed7b", "price_changes": [{"asset_id": "65219862074796891702778150924797114915736044277781321343167871067389344001869", "price": "0.02", "size": "122.4", "side": "BUY", "hash": "8edb70ad8e37b1efee68d10ed82239a14637756f", "best_bid": "0.04", "best_ask": "0.94"}, {"asset_id": "64977119743751479076413254514305944999304843897903862249385888826938967230411", "price": "0.98", "size": "122.4", "side": "SELL", "hash": "aff7414d6a666053314ec953123ac2165802b353", "best_bid": "0.06", "best_ask": "0.96"}], "timestamp": "1769384648247", "event_type": "price_change"}}
{"_local_timestamp": "2026-01-25T23:44:09.041919+00:00", "data": {"market": "0x4d5ab4daed76051bf3ee02f01514a7b0dd1cf209e446672308f46727fa99ed7b", "price_changes": [{"asset_id": "65219862074796891702778150924797114915736044277781321343167871067389344001869", "price": "0.02", "size": "136.42", "side": "BUY", "hash": "0dffcee0ca4033022b34aa171b1f1e6c16024a25", "best_bid": "0.04", "best_ask": "0.94"}, {"asset_id": "64977119743751479076413254514305944999304843897903862249385888826938967230411", "price": "0.98", "size": "136.42", "side": "SELL", "hash": "cd605346deb848b403dae66b5e596532280eb70e", "best_bid": "0.06", "best_ask": "0.96"}], "timestamp": "1769384648823", "event_type": "price_change"}}
{"_local_timestamp": "2026-01-25T23:44:09.042595+00:00", "data": {"market": "0x75f698df86b684d057ed5a74096e20ae1d05f01730d10c8077fa6fe7c0abd1f7", "price_changes": [{"asset_id": "42131737972221489611902151655767849034970622713625995147721200304331559882837", "price": "0.01", "size": "381.47", "side": "BUY", "hash": "efa734e43071603661b2a4cb387ea0047862302d", "best_bid": "0.04", "best_ask": "0.94"}, {"asset_id": "114331062311292846978851596896747073179936548520522022623301293531678869531022", "price": "0.99", "size": "381.47", "side": "SELL", "hash": "286cf3fa00db3301c94fab7a26f4427138eb39c8", "best_bid": "0.06", "best_ask": "0.96"}], "timestamp": "1769384648824", "event_type": "price_change"}}
{"_local_timestamp": "2026-01-25T23:44:09.058221+00:00", "data": {"market": "0x4d5ab4daed76051bf3ee02f01514a7b0dd1cf209e446672308f46727fa99ed7b", "price_changes": [{"asset_id": "65219862074796891702778150924797114915736044277781321343167871067389344001869", "price": "0.01", "size": "374.55", "side": "BUY", "hash": "f58998899f3138a5a43ef6af1643323c2f22c2c3", "best_bid": "0.04", "best_ask": "0.94"}, {"asset_id": "64977119743751479076413254514305944999304843897903862249385888826938967230411", "price": "0.99", "size": "374.55", "side": "SELL", "hash": "e036f6c825e67f267de7d491587e71a0d46df35a", "best_bid": "0.06", "best_ask": "0.96"}], "timestamp": "1769384648829", "event_type": "price_change"}}
