{"_local_timestamp": "2026-01-25T23:34:24.057989+00:00", "data": [{"market": "0x2aae3311745b2ae5b474022e394e02101751c7ccf0d5c22d15f38dafc727c9f9", "asset_id": "97825803453069669627905531563966594985320838497918821754155778846445236324298", "timestamp": "1769373067987", "hash": "19698f7918dddffe504613690b0df0a1499813e6", "bids": [{"price": "0.01", "size": "150"}, {"price": "0.02", "size": "75.05"}, {"price": "0.03", "size": "194"}, {"price": "0.04", "size": "49"}, {"price": "0.05", "size": "40"}], "asks": [{"price": "0.99", "size": "318.38"}, {"price": "0.98", "size": "132.68"}, {"price": "0.97", "size": "264.83"}, {"price": "0.96", "size": "50"}], "event_type": "book", "last_trade_price": ""}, {"market": "0xc398c0584ea328ce7c65d267415ca12ea62c38e5d4eda7c4a43c98d70d846aff", "asset_id": "94593967605738153531776952412994959463475131904693009962706900538914742726031", "timestamp": "1769383978555", "hash": "eacf1ea8304e5280a2c82112e28bbeef33b4b775", "bids": [{"price": "0.01", "size": "164.53"}, {"price": "0.02", "size": "63.58"}, {"price": "0.03", "size": "66"}, {"price": "0.04", "size": "152.21"}, {"price": "0.05", "size": "40"}, {"price": "0.06", "size": "21.6"}, {"price": "0.74", "size": "10"}], "asks": [{"price": "0.99", "size": "290.92"}, {"price": "0.98", "size": "137.6"}, {"price": "0.97", "size": "270.46"}, {"price": "0.96", "size": "50"}, {"price": "0.95", "size": "23.99"}], "event_type": "book", "last_trade_price": ""}, {"market": "0x20995461e51144e89016d237addde2bb624df51e00fa3a687d97896017185f94", "asset_id": "18216322866781160204770008760161364610196242629129193468557815936133356587586", "timestamp": "1769373067990", "hash": "52a9240f861dfa0e11c6dc73d8900f2386b2fe5a", "bids": [{"price": "0.01", "size": "202.42"}, {"price": "0.02", "size": "75.05"}, {"price": "0.03", "size": "185.97"}, {"price": "0.04", "size": "60.45"}, {"price": "0.05", "size": "40"}], "asks": [{"price": "0.99", "size": "318.38"}, {"price": "0.98", "size": "132.68"}, {"price": "0.97", "size": "264.83"}, {"price": "0.96", "size": "50"}], "event_type": "book", "last_trade_price": ""}, {"market": "0x41c9d8b6da8652ac5cdb593f38cf4e26b68bb2433df085bd89754f33611e8ee8", "asset_id": "60391994093272800553826470130059180005941587145354957577460452358305374374025", "timestamp": "1769383978555", "hash": "95b87bef210423709e7077424b6df6a42a21e8e7", "bids": [{"price": "0.01", "size": "202.42"}, {"price": "0.02", "size": "75.05"}, {"price": "0.03", "size": "209.97"}, {"price": "0.04", "size": "60.45"}, {"price": "0.05", "size": "40"}], "asks": [{"price": "0.99", "size": "324.66"}, {"price": "0.98", "size": "136.48"}, {"price": "0.97", "size": "284.96"}, {"price": "0.96", "size": "50"}, {"price": "0.95", "size": "23.99"}], "event_type": "book", "last_trade_price": ""}, {"market": "0x41c9d8b6da8652ac5cdb593f38cf4e26b68bb2433df085bd89754f33611e8ee8", "asset_id": "5206033213168212409639868381498799106909054433295912161066152466944942799734", "timestamp": "1769383978555", "hash": "d3e44d0be43ab3f3f60bcbb9a8490784c169e691", "bids": [{"price": "0.01", "size": "324.66"}, {"price": "0.02", "size": "136.48"}, {"price": "0.03", "size": "284.96"}, {"price": "0.04", "size": "50"}, {"price": "0.05", "size": "23.99"}], "asks": [{"price": "0.99", "size": "202.42"}, {"price": "0.98", "size": "75.05"}, {"price": "0.97", "size": "209.97"}, {"price": "0.96", "size": "60.45"}, {"price": "0.95", "size": "40"}], "event_type": "book", "last_trade_price": ""}, {"market": "0xa24d9eeb181d337ba8ad2f073d5897b768d6c322a2e3fc3b8e84e38aeddad965", "asset_id": "9324764805852524209102351860360573141127620504554314786572882406649885628165", "timestamp": "1769384018887", "hash": "b357fcd92c7cd43886676d9c687fa4ac405246de", "bids": [{"price": "0.01", "size": "164.55"}, {"price": "0.02", "size": "63.6"}, {"price": "0.03", "size": "66"}, {"price": "0.04", "size": "143.12"}, {"price": "0.05", "size": "40"}, {"price": "0.06", "size": "33"}, {"price": "0.07", "size": "16.85"}, {"price": "0.72", "size": "10"}], "asks": [{"price": "0.99", "size": "293.47"}, {"price": "0.98", "size": "137.1"}, {"price": "0.97", "size": "269.94"}, {"price": "0.96", "size": "50"}], "event_type": "book", "last_trade_price": ""}, {"market": "0xd7a47eb02c679c231519529b27c5bd6d306f1461abe99ff01e1caa21a98a2f94", "asset_id": "74320775843100139158574405200134445846156214817004996301601778733925860269081", "timestamp": "1769383911937", "hash": "47c1167a963fec91100ce504f408bbba1589e5a8", "bids": [{"price": "0.01", "size": "325.47"}, {"price": "0.02", "size": "136.07"}, {"price": "0.03", "size": "284.96"}, {"price": "0.04", "size": "50"}], "asks": [{"price": "0.99", "size": "202.42"}, {"price": "0.98", "size": "75.05"}, {"price": "0.97", "size": "209.97"}, {"price": "0.96", "size": "60.45"}, {"price": "0.95", "size": "40"}], "event_type": "book", "last_trade_price": ""}, {"market": "0x3869199c15fb98ed0542d62ace5722e092707a02536607d620876f0f6febe110", "asset_id": "28569958811127395632821809992445330800722949321119006296253421899686758064092", "timestamp": "1769373058436", "hash": "53e4c5b37e8da0d5e568fe051c373f149ad191b0", "bids": [{"price": "0.01", "size": "318.38"}, {"price": "0.02", "size": "132.68"}, {"price": "0.03", "size": "264.83"}, {"price": "0.04", "size": "50"}], "asks": [{"price": "0.99", "size": "202.42"}, {"price": "0.98", "size": "75.05"}, {"price": "0.97", "size": "190.97"}, {"price": "0.96", "size": "60.45"}, {"price": "0.95", "size": "40"}], "event_type": "book", "last_trade_price": ""}, {"market": "0x20995461e51144e89016d237addde2bb624df51e00fa3a687d97896017185f94", "asset_id": "32026824277535073638706768738776342674899108814939098906740770877261956904941", "timestamp": "1769373067990", "hash": "e7c665312f0da80a2622c3079f8c50e179f30c56", "bids": [{"price": "0.01", "size": "318.38"}, {"price": "0.02", "size": "132.68"}, {"price": "0.03", "size": "264.83"}, {"price": "0.04", "size": "50"}], "asks": [{"price": "0.99", "size": "202.42"}, {"price": "0.98", "size": "75.05"}, {"price": "0.97", "size": "185.97"}, {"price": "0.96", "size": "60.45"}, {"price": "0.95", "size": "40"}], "event_type": "book", "last_trade_price": ""}, {"market": "0x4a755a1a5017358725c079cf25a20460bb3a2dbd03b4f54202804005f8a9970c", "asset_id": "65643481626387482356685170789112253101967965105425500975090174061407771291266", "timestamp": "1769373057510", "hash": "2c3c3d70105986be3f21bc3e7b611ec4cd0a0bc6", "bids": [{"price": "0.01", "size": "318.38"}, {"price": "0.02", "size": "132.68"}, {"price": "0.03", "size": "264.83"}, {"price": "0.04", "size": "50"}], "asks": [{"price": "0.99", "size": "202.42"}, {"price": "0.98", "size": "75.05"}, {"price": "0.97", "size": "214.97"}, {"price": "0.96", "size": "60.45"}, {"price": "0.95", "size": "40"}], "event_type": "book", "last_trade_price": ""}, {"market": "0x222682ea835daef9bd5e0878414f1805805228dd980c248334f135b9069c163c", "asset_id": "111536849969292728493502947825794642318308656140845999236841107003254144187638", "timestamp": "1769373068386", "hash": "228717a9728bc3e5e8fa49f7175ccb37ac0aec71", "bids": [{"price": "0.01", "size": "302.42"}, {"price": "0.02", "size": "125.05"}, {"price": "0.03", "size": "80.97"}, {"price": "0.04", "size": "193.45"}, {"price": "0.05", "size": "100"}], "asks": [{"price": "0.99", "size": "202.42"}, {"price": "0.98", "size": "75.05"}, {"price": "0.97", "size": "185.97"}, {"price": "0.96", "size": "60.45"}, {"price": "0.95", "size": "40"}], "event_type": "book", "last_trade_price": ""}, {"market": "0x3efee5705914ed377a11c1a2c1b750d0268684ce61c4a079b08def028764c92d", "asset_id": "82181060024811138794458786371249894006548085494228035321247202613573581360808", "timestamp": "1769383911152", "hash": "3ed99a47eb9bad2198ee84351bd398ba0c4cef35", "bids": [{"price": "0.01", "size": "164.55"}, {"price": "0.02", "size": "19.95"}, {"price": "0.03", "size": "33"}, {"price": "0.04", "size": "159"}, {"price": "0.05", "size": "36.97"}, {"price": "0.06", "size": "33"}, {"price": "0.07", "size": "28"}, {"price": "0.08", "size": "13.35"}, {"price": "0.66", "size": "10"}], "asks": [{"price": "0.99", "size": "302.13"}, {"price": "0.98", "size": "136.65"}, {"price": "0.97", "size": "292.35"}, {"price": "0.96", "size": "50"}], "event_type": "book", "last_trade_price": ""}, {"market": "0x824c838e6652aefee9c9b78340361c3319122c018a0ab9d08b7b52932df7dd77", "asset_id": "21784284589804161719759481553779931615388989398271896137802349430937936354109", "timestamp": "1769383767443", "hash": "603209b5de8ae6dafefc2445635195a37b33fd73", "bids": [{"price": "0.01", "size": "164.55"}, {"price": "0.02", "size": "63.6"}, {"price": "0.03", "size": "194"}, {"price": "0.04", "size": "55.21"}, {"price": "0.05", "size": "40"}, {"price": "0.06", "size": "21.6"}, {"price": "0.74", "size": "10"}], "asks": [{"price": "0.99", "size": "292.54"}, {"price": "0.98", "size": "139.1"}, {"price": "0.97", "size": "268.92"}, {"price": "0.96", "size": "50"}], "event_type": "book", "last_trade_price": ""}, {"market": "0xc59e72a96fad4e1892cff5efcc32d7c26ea63f60cd7384a1ad4d5050e8610e70", "asset_id": "60081950831619047881581761009565701764067903869791045355851102679916114522681", "timestamp": "1769373059962", "hash": "9d7aeb51b5eb69f4fbd831b8dd0a03d4924e441c", "bids": [{"price": "0.01", "size": "318.38"}, {"price": "0.02", "size": "132.68"}, {"price": "0.03", "size": "264.83"}, {"price": "0.04", "size": "50"}], "asks": [{"price": "0.99", "size": "202.42"}, {"price": "0.98", "size": "75.05"}, {"price": "0.97", "size": "209.97"}, {"price": "0.96", "size": "60.45"}, {"price": "0.95", "size": "40"}], "event_type": "book", "last_trade_price": ""}, {"market": "0xd7a47eb02c679c231519529b27c5bd6d306f1461abe99ff01e1caa21a98a2f94", "asset_id": "70551997589667617483363034535968566777755944290563699371935027987721683501139", "timestamp": "1769383911937", "hash": "c9965d01e045cb9c598e18e6cf0c35e095d218e1", "bids": [{"price": "0.01", "size": "202.42"}, {"price": "0.02", "size": "75.05"}, {"price": "0.03", "size": "209.97"}, {"price": "0.04", "size": "60.45"}, {"price": "0.05", "size": "40"}], "asks": [{"price": "0.99", "size": "325.47"}, {"price": "0.98", "size": "136.07"}, {"price": "0.97", "size": "284.96"}, {"price": "0.96", "size": "50"}], "event_type": "book", "last_trade_price": ""}, {"market": "0x2aae3311745b2ae5b474022e394e02101751c7ccf0d5c22d15f38dafc727c9f9", "asset_id": "103788234554334194173027886117582456143704618336015414268167013580829317619214", "timestamp": "1769373067987", "hash": "88e0609e0ffdaeb165f3cc6d8efe482711de25dd", "bids": [{"price": "0.01", "size": "318.38"}, {"price": "0.02", "size": "132.68"}, {"price": "0.03", "size": "264.83"}, {"price": "0.04", "size": "50"}], "asks": [{"price": "0.99", "size": "150"}, {"price": "0.98", "size": "75.05"}, {"price": "0.97", "size": "194"}, {"price": "0.96", "size": "49"}, {"price": "0.95", "size": "40"}], "event_type": "book", "last_trade_price": ""}, {"market": "0x4a755a1a5017358725c079cf25a20460bb3a2dbd03b4f54202804005f8a9970c", "asset_id": "26670447706194239497287724059440831556194051214875364059171699439341212852472", "timestamp": "1769373057510", "hash": "76650a3a2a4b50bbe9ea493334dd37fec46a650b", "bids": [{"price": "0.01", "size": "202.42"}, {"price": "0.02", "size": "75.05"}, {"price": "0.03", "size": "214.97"}, {"price": "0.04", "size": "60.45"}, {"price": "0.05", "size": "40"}], "asks": [{"price": "0.99", "size": "318.38"}, {"price": "0.98", "size": "132.68"}, {"price": "0.97", "size": "264.83"}, {"price": "0.96", "size": "50"}], "event_type": "book", "last_trade_price": ""}, {"market": "0x824c838e6652aefee9c9b78340361c3319122c018a0ab9d08b7b52932df7dd77", "asset_id": "83092139309978829066054355633184602058886184503150016608699131257345176352857", "timestamp": "1769383767443", "hash": "0aed8ef407426b1d13217596dd82c7366f4cb768", "bids": [{"price": "0.01", "size": "292.54"}, {"price": "0.02", "size": "139.1"}, {"price": "0.03", "size": "268.92"}, {"price": "0.04", "size": "50"}], "asks": [{"price": "0.99", "size": "164.55"}, {"price": "0.98", "size": "63.6"}, {"price": "0.97", "size": "194"}, {"price": "0.96", "size": "55.21"}, {"price": "0.95", "size": "40"}, {"price": "0.94", "size": "21.6"}, {"price": "0.26", "size": "10"}], "event_type": "book", "last_trade_price": ""}, {"market": "0xa24d9eeb181d337ba8ad2f073d5897b768d6c322a2e3fc3b8e84e38aeddad965", "asset_id": "107880287712476919072094148194469762705564379357661158812657174024396227304011", "timestamp": "1769384018887", "hash": "48fd06f8902866d69539e7c6899c1bf9c670392b", "bids": [{"price": "0.01", "size": "293.47"}, {"price": "0.02", "size": "137.1"}, {"price": "0.03", "size": "269.94"}, {"price": "0.04", "size": "50"}], "asks": [{"price": "0.99", "size": "164.55"}, {"price": "0.98", "size": "63.6"}, {"price": "0.97", "size": "66"}, {"price": "0.96", "size": "143.12"}, {"price": "0.95", "size": "40"}, {"price": "0.94", "size": "33"}, {"price": "0.93", "size": "16.85"}, {"price": "0.28", "size": "10"}], "event_type": "book", "last_trade_price": ""}, {"market": "0xc59e72a96fad4e1892cff5efcc32d7c26ea63f60cd7384a1ad4d5050e8610e70", "asset_id": "72666993915521871167041471135285213109140406399938598092213354034478898878585", "timestamp": "1769373059962", "hash": "d88418e4b2ff35b4d5f2091aef0ce20b7ef07e9b", "bids": [{"price": "0.01", "size": "202.42"}, {"price": "0.02", "size": "75.05"}, {"price": "0.03", "size": "209.97"}, {"price": "0.04", "size": "60.45"}, {"price": "0.05", "size": "40"}], "asks": [{"price": "0.99", "size": "318.38"}, {"price": "0.98", "size": "132.68"}, {"price": "0.97", "size": "264.83"}, {"price": "0.96", "size": "50"}], "event_type": "book", "last_trade_price": ""}, {"market": "0xbd2e255958d51aa0c2fab4e74ff7aae5974e8e9b86368f11e76c3342d82a218d", "asset_id": "84058261056257252787902835127804296334682766957739128759515258905776637237043", "timestamp": "1769373058440", "hash": "f30c2bb0409941dd90db387185c3ee505d47ef19", "bids": [{"price": "0.01", "size": "202.42"}, {"price": "0.02", "size": "75.05"}, {"price": "0.03", "size": "209.97"}, {"price": "0.04", "size": "60.45"}, {"price": "0.05", "size": "40"}], "asks": [{"price": "0.99", "size": "302.42"}, {"price": "0.98", "size": "125.05"}, {"price": "0.97", "size": "80.97"}, {"price": "0.96", "size": "203.45"}, {"price": "0.95", "size": "100"}], "event_type": "book", "last_trade_price": ""}, {"market": "0xbd2e255958d51aa0c2fab4e74ff7aae5974e8e9b86368f11e76c3342d82a218d", "asset_id": "32625240840468992943081300665264965040658760213332082824282693787602678530321", "timestamp": "1769373058440", "hash": "44c39d3d2793fe37a77ce79250970d32930bb2bc", "bids": [{"price": "0.01", "size": "302.42"}, {"price": "0.02", "size": "125.05"}, {"price": "0.03", "size": "80.97"}, {"price": "0.04", "size": "203.45"}, {"price": "0.05", "size": "100"}], "asks": [{"price": "0.99", "size": "202.42"}, {"price": "0.98", "size": "75.05"}, {"price": "0.97", "size": "209.97"}, {"price": "0.96", "size": "60.45"}, {"price": "0.95", "size": "40"}], "event_type": "book", "last_trade_price": ""}, {"market": "0x10cd69c4a92d6816ab51f0ca73143228c0c2d844c7be7ef947ace58059559991", "asset_id": "31242421229326221206001430741194937021058035692970278391477948624730505377830", "timestamp": "1769373058460", "hash": "2a541aa8cfb2057f67fd307e0b1cc1038565ab01", "bids": [{"price": "0.01", "size": "318.38"}, {"price": "0.02", "size": "132.68"}, {"price": "0.03", "size": "264.83"}, {"price": "0.04", "size": "50"}], "asks": [{"price": "0.99", "size": "202.42"}, {"price": "0.98", "size": "75.05"}, {"price": "0.97", "size": "190.97"}, {"price": "0.96", "size": "60.45"}, {"price": "0.95", "size": "40"}], "event_type": "book", "last_trade_price": ""}, {"market": "0x3869199c15fb98ed0542d62ace5722e092707a02536607d620876f0f6febe110", "asset_id": "104461814087225080231371069831294391182093782654880933571395527539550640743931", "timestamp": "1769373058436", "hash": "81a9f3c823fb845a25d0c5a75325df8d804f75d5", "bids": [{"price": "0.01", "size": "202.42"}, {"price": "0.02", "size": "75.05"}, {"price": "0.03", "size": "190.97"}, {"price": "0.04", "size": "60.45"}, {"price": "0.05", "size": "40"}], "asks": [{"price": "0.99", "size": "318.38"}, {"price": "0.98", "size": "132.68"}, {"price": "0.97", "size": "264.83"}, {"price": "0.96", "size": "50"}], "event_type": "book", "last_trade_price": ""}, {"market": "0x3efee5705914ed377a11c1a2c1b750d0268684ce61c4a079b08def028764c92d", "asset_id": "92786070508725023328906520017356105887292678905917973404893767167709077942930", "timestamp": "1769383911152", "hash": "32f3233485adf68995bff221b63ed7488403b672", "bids": [{"price": "0.01", "size": "302.13"}, {"price": "0.02", "size": "136.65"}, {"price": "0.03", "size": "292.35"}, {"price": "0.04", "size": "50"}], "asks": [{"price": "0.99", "size": "164.55"}, {"price": "0.98", "size": "19.95"}, {"price": "0.97", "size": "33"}, {"price": "0.96", "size": "159"}, {"price": "0.95", "size": "36.97"}, {"price": "0.94", "size": "33"}, {"price": "0.93", "size": "28"}, {"price": "0.92", "size": "13.35"}, {"price": "0.34", "size": "10"}], "event_type": "book", "last_trade_price": ""}, {"market": "0x222682ea835daef9bd5e0878414f1805805228dd980c248334f135b9069c163c", "asset_id": "28862860793761740879738405887083642759637431134756912960889369368088248413233", "timestamp": "1769373068386", "hash": "77b339c7c76fa33f2fbef594857e35eeb580d37c", "bids": [{"price": "0.01", "size": "202.42"}, {"price": "0.02", "size": "75.05"}, {"price": "0.03", "size": "185.97"}, {"price": "0.04", "size": "60.45"}, {"price": "0.05", "size": "40"}], "asks": [{"price": "0.99", "size": "302.42"}, {"price": "0.98", "size": "125.05"}, {"price": "0.97", "size": "80.97"}, {"price": "0.96", "size": "193.45"}, {"price": "0.95", "size": "100"}], "event_type": "book", "last_trade_price": ""}, {"market": "0xc398c0584ea328ce7c65d267415ca12ea62c38e5d4eda7c4a43c98d70d846aff", "asset_id": "45653590519464008523056056872730657375394761556465511189466139879194263387414", "timestamp": "1769383978555", "hash": "f0464b8d5283fd96a5cf80752f8922ec6931110c", "bids": [{"price": "0.01", "size": "290.92"}, {"price": "0.02", "size": "137.6"}, {"price": "0.03", "size": "270.46"}, {"price": "0.04", "size": "50"}, {"price": "0.05", "size": "23.99"}], "asks": [{"price": "0.99", "size": "164.53"}, {"price": "0.98", "size": "63.58"}, {"price": "0.97", "size": "66"}, {"price": "0.96", "size": "152.21"}, {"price": "0.95", "size": "40"}, {"price": "0.94", "size": "21.6"}, {"price": "0.26", "size": "10"}], "event_type": "book", "last_trade_price": ""}, {"market": "0x10cd69c4a92d6816ab51f0ca73143228c0c2d844c7be7ef947ace58059559991", "asset_id": "39077251378663092499308324882552224731935061008942379164377318776917551901172", "timestamp": "1769373058460", "hash": "0e72c87adac0418326219771d3110cc177092ffd", "bids": [{"price": "0.01", "size": "202.42"}, {"price": "0.02", "size": "75.05"}, {"price": "0.03", "size": "190.97"}, {"price": "0.04", "size": "60.45"}, {"price": "0.05", "size": "40"}], "asks": [{"price": "0.99", "size": "318.38"}, {"price": "0.98", "size": "132.68"}, {"price": "0.97", "size": "264.83"}, {"price": "0.96", "size": "50"}], "event_type": "book", "last_trade_price": ""}]}
{"_local_timestamp": "2026-01-25T23:34:33.880613+00:00", "data": {"market": "0x41c9d8b6da8652ac5cdb593f38cf4e26b68bb2433df085bd89754f33611e8ee8", "price_changes": [{"asset_id": "5206033213168212409639868381498799106909054433295912161066152466944942799734", "price": "0.05", "size": "0", "side": "BUY", "hash": "4a9a3bc90e57169800f9cc53cbe20dfc32ac40ea", "best_bid": "0.04", "best_ask": "0.95"}, {"asset_id": "60391994093272800553826470130059180005941587145354957577460452358305374374025", "price": "0.95", "size": "0", "side": "SELL", "hash": "bb532835f2244a4d6f3889c2c76246ccad7c5e76", "best_bid": "0.05", "best_ask": "0.96"}], "timestamp": "1769384073786", "event_type": "price_change"}}
{"_local_timestamp": "2026-01-25T23:34:33.965455+00:00", "data": {"market": "0xc398c0584ea328ce7c65d267415ca12ea62c38e5d4eda7c4a43c98d70d846aff", "price_changes": [{"asset_id": "45653590519464008523056056872730657375394761556465511189466139879194263387414", "price": "0.05", "size": "0", "side": "BUY", "hash": "4baa5ffae75e727b1126871279f62a99e05ac44a", "best_bid": "0.04", "best_ask": "0.26"}, {"asset_id": "94593967605738153531776952412994959463475131904693009962706900538914742726031", "price": "0.95", "size": "0", "side": "SELL", "hash": "3ac7bca0b7ac29cf50da30d843f19a00d4884a44", "best_bid": "0.74", "best_ask": "0.96"}], "timestamp": "1769384073891", "event_type": "price_change"}}
{"_local_timestamp": "2026-01-25T23:34:38.341403+00:00", "data": {"market": "0x824c838e6652aefee9c9b78340361c3319122c018a0ab9d08b7b52932df7dd77", "price_changes": [{"asset_id": "83092139309978829066054355633184602058886184503150016608699131257345176352857", "price": "0.01", "size": "261.42", "side": "BUY", "hash": "fee55c343e254b8bd2ccd41a9e62d558a1d5bdc1", "best_bid": "0.04", "best_ask": "0.26"}, {"asset_id": "21784284589804161719759481553779931615388989398271896137802349430937936354109", "price": "0.99", "size": "261.42", "side": "SELL", "hash": "e68e748368f08edbe70b0d5255a24831b3983b80", "best_bid": "0.74", "best_ask": "0.96"}], "timestamp": "1769384078273", "event_type": "price_change"}}
{"_local_timestamp": "2026-01-25T23:34:38.341889+00:00", "data": {"market": "0x824c838e6652aefee9c9b78340361c3319122c018a0ab9d08b7b52932df7dd77", "price_changes": [{"asset_id": "83092139309978829066054355633184602058886184503150016608699131257345176352857", "price": "0.02", "size": "110.51", "side": "BUY", "hash": "fee55c343e254b8bd2ccd41a9e62d558a1d5bdc1", "best_bid": "0.04", "best_ask": "0.26"}, {"asset_id": "21784284589804161719759481553779931615388989398271896137802349430937936354109", "price": "0.98", "size": "110.51", "side": "SELL", "hash": "e68e748368f08edbe70b0d5255a24831b3983b80", "best_bid": "0.74", "best_ask": "0.96"}], "timestamp": "1769384078273", "event_type": "price_change"}}
{"_local_timestamp": "2026-01-25T23:34:38.342375+00:00", "data": {"market": "0x824c838e6652aefee9c9b78340361c3319122c018a0ab9d08b7b52932df7dd77", "price_changes": [{"asset_id": "83092139309978829066054355633184602058886184503150016608699131257345176352857", "price": "0.03", "size": "250.68", "side": "BUY", "hash": "fee55c343e254b8bd2ccd41a9e62d558a1d5bdc1", "best_bid": "0.04", "best_ask": "0.26"}, {"asset_id": "21784284589804161719759481553779931615388989398271896137802349430937936354109", "price": "0.97", "size": "250.68", "side": "SELL", "hash": "e68e748368f08edbe70b0d5255a24831b3983b80", "best_bid": "0.74", "best_ask": "0.96"}], "timestamp": "1769384078273", "event_type": "price_change"}}
{"_local_timestamp": "2026-01-25T23:34:38.679120+00:00", "data": {"market": "0x824c838e6652aefee9c9b78340361c3319122c018a0ab9d08b7b52932df7dd77", "price_changes": [{"asset_id": "83092139309978829066054355633184602058886184503150016608699131257345176352857", "price": "0.03", "size": "268.92", "side": "BUY", "hash": "35e2b93c00ddbf8b7d8173c2cbc79fdc497d0a37", "best_bid": "0.04", "best_ask": "0.26"}, {"asset_id": "21784284589804161719759481553779931615388989398271896137802349430937936354109", "price": "0.97", "size": "268.92", "side": "SELL", "hash": "26db86734f2f3cf01ebf31e05bcab313eef9ab39", "best_bid": "0.74", "best_ask": "0.96"}], "timestamp": "1769384078606", "event_type": "price_change"}}
{"_local_timestamp": "2026-01-25T23:34:38.679506+00:00", "data": {"market": "0x824c838e6652aefee9c9b78340361c3319122c018a0ab9d08b7b52932df7dd77", "price_changes": [{"asset_id": "83092139309978829066054355633184602058886184503150016608699131257345176352857", "price": "0.01", "size": "292.53", "side": "BUY", "hash": "d3553674514e4e8ad525892523c19ca12ce4c60f", "best_bid": "0.04", "best_ask": "0.26"}, {"asset_id": "21784284589804161719759481553779931615388989398271896137802349430937936354109", "price": "0.99", "size": "292.53", "side": "SELL", "hash": "0df963197dcebd9a6fb841455851636f07612ce9", "best_bid": "0.74", "best_ask": "0.96"}], "timestamp": "1769384078607", "event_type": "price_change"}}
{"_local_timestamp": "2026-01-25T23:34:38.679843+00:00", "data": {"market": "0x824c838e6652aefee9c9b78340361c3319122c018a0ab9d08b7b52932df7dd77", "price_changes": [{"asset_id": "83092139309978829066054355633184602058886184503150016608699131257345176352857", "price": "0.02", "size": "139.09", "side": "BUY", "hash": "5cc49d71713e526fd3ef1cf4a5c30bbd1e5766ac", "best_bid": "0.04", "best_ask": "0.26"}, {"asset_id": "21784284589804161719759481553779931615388989398271896137802349430937936354109", "price": "0.98", "size": "139.09", "side": "SELL", "hash": "1d1ee35c8a6e8cbe26ad6105dbed1106cfedf9cf", "best_bid": "0.74", "best_ask": "0.96"}], "timestamp": "1769384078609", "event_type": "price_change"}}
{"_local_timestamp": "2026-01-25T23:36:05.654516+00:00", "data": {"market": "0x41c9d8b6da8652ac5cdb593f38cf4e26b68bb2433df085bd89754f33611e8ee8", "price_changes": [{"asset_id": "5206033213168212409639868381498799106909054433295912161066152466944942799734", "price": "0.05", "size": "23.99", "side": "BUY", "hash": "c29b15ef072dea349d91dcad628ff11ae5dcf96a", "best_bid": "0.05", "best_ask": "0.95"}, {"asset_id": "60391994093272800553826470130059180005941587145354957577460452358305374374025", "price": "0.95", "size": "23.99", "side": "SELL", "hash": "15d1c9e5e2af0a78b5ad1911b4058378fb3e7cfd", "best_bid": "0.05", "best_ask": "0.95"}], "timestamp": "1769384165580", "event_type": "price_change"}}
{"_local_timestamp": "2026-01-25T23:36:05.955091+00:00", "data": {"market": "0xc398c0584ea328ce7c65d267415ca12ea62c38e5d4eda7c4a43c98d70d846aff", "price_changes": [{"asset_id": "45653590519464008523056056872730657375394761556465511189466139879194263387414", "price": "0.05", "size": "23.99", "side": "BUY", "hash": "7710b14fda575d603b3d2e3cdebb457760142103", "best_bid": "0.05", "best_ask": "0.26"}, {"asset_id": "94593967605738153531776952412994959463475131904693009962706900538914742726031", "price": "0.95", "size": "23.99", "side": "SELL", "hash": "277760ce404aa1808abc37239006256958c0573e", "best_bid": "0.74", "best_ask": "0.95"}], "timestamp": "1769384165878", "event_type": "price_change"}}
{"_local_timestamp": "2026-01-25T23:36:49.522048+00:00", "data": {"market": "0x41c9d8b6da8652ac5cdb593f38cf4e26b68bb2433df085bd89754f33611e8ee8", "price_changes": [{"asset_id": "5206033213168212409639868381498799106909054433295912161066152466944942799734", "price": "0.01", "size": "301.14", "side": "BUY", "hash": "9bf47373ff4938438918afa06c2270860d2a308f", "best_bid": "0.05", "best_ask": "0.95"}, {"asset_id": "60391994093272800553826470130059180005941587145354957577460452358305374374025", "price": "0.99", "size": "301.14", "side": "SELL", "hash": "f9dc8250f045a791273a19b44c208a60bf3ded76", "best_bid": "0.05", "best_ask": "0.95"}], "timestamp": "1769384209452", "event_type": "price_change"}}
{"_local_timestamp": "2026-01-25T23:36:49.522493+00:00", "data": {"market": "0x41c9d8b6da8652ac5cdb593f38cf4e26b68bb2433df085bd89754f33611e8ee8", "price_changes": [{"asset_id": "5206033213168212409639868381498799106909054433295912161066152466944942799734", "price": "0.02", "size": "122.37", "side": "BUY", "hash": "9bf47373ff4938438918afa06c2270860d2a308f", "best_bid": "0.05", "best_ask": "0.95"}, {"asset_id": "60391994093272800553826470130059180005941587145354957577460452358305374374025", "price": "0.98", "size": "122.37", "side": "SELL", "hash": "f9dc8250f045a791273a19b44c208a60bf3ded76", "best_bid": "0.05", "best_ask": "0.95"}], "timestamp": "1769384209452", "event_type": "price_change"}}
{"_local_timestamp": "2026-01-25T23:36:49.857852+00:00", "data": {"market": "0x41c9d8b6da8652ac5cdb593f38cf4e26b68bb2433df085bd89754f33611e8ee8", "price_changes": [{"asset_id": "5206033213168212409639868381498799106909054433295912161066152466944942799734", "price": "0.04", "size": "62.93", "side": "BUY", "hash": "b89ceaab006587597608736e1303e29d3ff9efd7", "best_bid": "0.05", "best_ask": "0.95"}, {"asset_id": "60391994093272800553826470130059180005941587145354957577460452358305374374025", "price": "0.96", "size": "62.93", "side": "SELL", "hash": "3269acc4fce3ffac39d97366ac03523d8e7da6f3", "best_bid": "0.05", "best_ask": "0.95"}], "timestamp": "1769384209790", "event_type": "price_change"}}
{"_local_timestamp": "2026-01-25T23:36:53.536944+00:00", "data": {"market": "0xc398c0584ea328ce7c65d267415ca12ea62c38e5d4eda7c4a43c98d70d846aff", "price_changes": [{"asset_id": "45653590519464008523056056872730657375394761556465511189466139879194263387414", "price": "0.01", "size": "278.7", "side": "BUY", "hash": "fd9290620e26c52330427643c12eae915fab5996", "best_bid": "0.05", "best_ask": "0.26"}, {"asset_id": "94593967605738153531776952412994959463475131904693009962706900538914742726031", "price": "0.99", "size": "278.7", "side": "SELL", "hash": "1f7e47cef6f95d33bc2e1c44bcb725b940713e36", "best_bid": "0.74", "best_ask": "0.95"}], "timestamp": "1769384213457", "event_type": "price_change"}}
{"_local_timestamp": "2026-01-25T23:36:53.537337+00:00", "data": {"market": "0xc398c0584ea328ce7c65d267415ca12ea62c38e5d4eda7c4a43c98d70d846aff", "price_changes": [{"asset_id": "45653590519464008523056056872730657375394761556465511189466139879194263387414", "price": "0.02", "size": "126.39", "side": "BUY", "hash": "fd9290620e26c52330427643c12eae915fab5996", "best_bid": "0.05", "best_ask": "0.26"}, {"asset_id": "94593967605738153531776952412994959463475131904693009962706900538914742726031", "price": "0.98", "size": "126.39", "side": "SELL", "hash": "1f7e47cef6f95d33bc2e1c44bcb725b940713e36", "best_bid": "0.74", "best_ask": "0.95"}], "timestamp": "1769384213457", "event_type": "price_change"}}
{"_local_timestamp": "2026-01-25T23:36:53.537634+00:00", "data": {"market": "0xc398c0584ea328ce7c65d267415ca12ea62c38e5d4eda7c4a43c98d70d846aff", "price_changes": [{"asset_id": "45653590519464008523056056872730657375394761556465511189466139879194263387414", "price": "0.03", "size": "257.77", "side": "BUY", "hash": "fd9290620e26c52330427643c12eae915fab5996", "best_bid": "0.05", "best_ask": "0.26"}, {"asset_id": "94593967605738153531776952412994959463475131904693009962706900538914742726031", "price": "0.97", "size": "257.77", "side": "SELL", "hash": "1f7e47cef6f95d33bc2e1c44bcb725b940713e36", "best_bid": "0.74", "best_ask": "0.95"}], "timestamp": "1769384213457", "event_type": "price_change"}}
{"_local_timestamp": "2026-01-25T23:36:53.849548+00:00", "data": {"market": "0xc398c0584ea328ce7c65d267415ca12ea62c38e5d4eda7c4a43c98d70d846aff", "price_changes": [{"asset_id": "45653590519464008523056056872730657375394761556465511189466139879194263387414", "price": "0.04", "size": "68.17", "side": "BUY", "hash": "3e568e421fe90bd7717c5c8d8127e2e1a06a1c79", "best_bid": "0.05", "best_ask": "0.26"}, {"asset_id": "94593967605738153531776952412994959463475131904693009962706900538914742726031", "price": "0.96", "size": "68.17", "side": "SELL", "hash": "5b3221f36bf3c8ac28a432e53c55d7a4968998b0", "best_bid": "0.74", "best_ask": "0.95"}], "timestamp": "1769384213779", "event_type": "price_change"}}
