{"_local_timestamp": "2026-01-25T23:33:51.938632+00:00", "data": [{"market": "0x96692acae03ce1fa925951c628caa05cadaca99dd6cd06e6bf41e1296a31c5d6", "asset_id": "141897989331777398234248523720868895884419134718481852583319480736372240359", "timestamp": "1769384005128", "hash": "9638eef09201404b483b857705e040a936951ddf", "bids": [{"price": "0.001", "size": "1191.04"}, {"price": "0.002", "size": "652.38"}, {"price": "0.003", "size": "16.28"}], "asks": [{"price": "0.999", "size": "4106.08"}, {"price": "0.998", "size": "70.33"}, {"price": "0.99", "size": "223"}, {"price": "0.989", "size": "49.38"}, {"price": "0.95", "size": "30"}, {"price": "0.94", "size": "66"}, {"price": "0.3", "size": "50"}, {"price": "0.14", "size": "5"}, {"price": "0.13", "size": "6.94"}, {"price": "0.1", "size": "100"}, {"price": "0.099", "size": "51.75"}, {"price": "0.098", "size": "42.12"}, {"price": "0.097", "size": "1.41"}], "event_type": "book", "last_trade_price": "0.903"}, {"market": "0xd1b81e16e339910ccf0f32f661209d1b1b8bf9e7b4544b0549ea3a4152c4d823", "asset_id": "20688138443664652948666007911769513115384585373979761610429258474151963177570", "timestamp": "1769383926631", "hash": "0ca8443d5bc6fd7c65f5739b1a2dbdf6c53dd273", "bids": [{"price": "0.001", "size": "1675.56"}, {"price": "0.002", "size": "232.16"}, {"price": "0.003", "size": "444.9"}, {"price": "0.004", "size": "70.83"}, {"price": "0.005", "size": "56.39"}, {"price": "0.006", "size": "46.76"}], "asks": [{"price": "0.999", "size": "4233.07"}, {"price": "0.998", "size": "70.33"}, {"price": "0.99", "size": "223"}, {"price": "0.989", "size": "49.38"}, {"price": "0.94", "size": "33"}, {"price": "0.939", "size": "32"}, {"price": "0.21", "size": "393.8"}, {"price": "0.19", "size": "23"}, {"price": "0.17", "size": "17"}, {"price": "0.163", "size": "22.1"}, {"price": "0.162", "size": "5.07"}, {"price": "0.159", "size": "10"}, {"price": "0.103", "size": "19.29"}, {"price": "0.101", "size": "11.36"}, {"price": "0.1", "size": "16.39"}, {"price": "0.061", "size": "0.4"}], "event_type": "book", "last_trade_price": "0.004"}, {"market": "0xd1b81e16e339910ccf0f32f661209d1b1b8bf9e7b4544b0549ea3a4152c4d823", "asset_id": "56431156699758996248444003589381918029053732129805739793031966532730675199436", "timestamp": "1769383926631", "hash": "5f486819f431a7eb9fa22dcea0f84457c7fe25a6", "bids": [{"price": "0.001", "size": "4233.07"}, {"price": "0.002", "size": "70.33"}, {"price": "0.01", "size": "223"}, {"price": "0.011", "size": "49.38"}, {"price": "0.06", "size": "33"}, {"price": "0.061", "size": "32"}, {"price": "0.79", "size": "393.8"}, {"price": "0.81", "size": "23"}, {"price": "0.83", "size": "17"}, {"price": "0.837", "size": "22.1"}, {"price": "0.838", "size": "5.07"}, {"price": "0.841", "size": "10"}, {"price": "0.897", "size": "19.29"}, {"price": "0.899", "size": "11.36"}, {"price": "0.9", "size": "16.39"}, {"price": "0.939", "size": "0.4"}], "asks": [{"price": "0.999", "size": "1675.56"}, {"price": "0.998", "size": "232.16"}, {"price": "0.997", "size": "444.9"}, {"price": "0.996", "size": "70.83"}, {"price": "0.995", "size": "56.39"}, {"price": "0.994", "size": "46.76"}], "event_type": "book", "last_trade_price": "0.004"}, {"market": "0x96692acae03ce1fa925951c628caa05cadaca99dd6cd06e6bf41e1296a31c5d6", "asset_id": "75966561768654787319743325692232123182038258640829059408341973756730651618640", "timestamp": "1769384005128", "hash": "754dc2147967a966781f59b65de6d15c607c6d4c", "bids": [{"price": "0.001", "size": "4106.08"}, {"price": "0.002", "size": "70.33"}, {"price": "0.01", "size": "223"}, {"price": "0.011", "size": "49.38"}, {"price": "0.05", "size": "30"}, {"price": "0.06", "size": "66"}, {"price": "0.7", "size": "50"}, {"price": "0.86", "size": "5"}, {"price": "0.87", "size": "6.94"}, {"price": "0.9", "size": "100"}, {"price": "0.901", "size": "51.75"}, {"price": "0.902", "size": "42.12"}, {"price": "0.903", "size": "1.41"}], "asks": [{"price": "0.999", "size": "1191.04"}, {"price": "0.998", "size": "652.38"}, {"price": "0.997", "size": "16.28"}], "event_type": "book", "last_trade_price": "0.903"}, {"market": "0x5de4dac5750688a3ab6db801fef8afb9f069270bf6e211c8ef2ef3c13d4e6734", "asset_id": "42201990037559053024336550021212381979466646133014623519546928336266268180100", "timestamp": "1769384003237", "hash": "9e242163c40f865b1412c8e76e575c7fcbb3c912", "bids": [{"price": "0.001", "size": "4248.11"}, {"price": "0.002", "size": "70.43"}, {"price": "0.01", "size": "173"}, {"price": "0.011", "size": "49.36"}, {"price": "0.06", "size": "33"}, {"price": "0.061", "size": "32"}, {"price": "0.723", "size": "18"}, {"price": "0.86", "size": "5"}, {"price": "0.88", "size": "34.99"}, {"price": "0.923", "size": "43.8"}, {"price": "0.924", "size": "25.01"}, {"price": "0.925", "size": "11.92"}, {"price": "0.926", "size": "17.87"}, {"price": "0.927", "size": "40.99"}, {"price": "0.929", "size": "37.5"}], "asks": [{"price": "0.999", "size": "1686.44"}, {"price": "0.998", "size": "610.03"}, {"price": "0.997", "size": "52.76"}], "event_type": "book", "last_trade_price": "0.004"}, {"market": "0xf7adf0726a5fb5dc899171eece5f6147f13f7a0740568813e87f9e95b8c41cec", "asset_id": "67211021621793404881597066434938623751342708941908565143123241433570119599304", "timestamp": "1769384028206", "hash": "c9fa0ef02c630a44fb96f0237da7b715688df4b3", "bids": [{"price": "0.001", "size": "1665.21"}, {"price": "0.002", "size": "140.11"}, {"price": "0.007", "size": "100.01"}, {"price": "0.008", "size": "33.84"}], "asks": [{"price": "0.999", "size": "4114.05"}, {"price": "0.998", "size": "70.21"}, {"price": "0.99", "size": "173"}, {"price": "0.989", "size": "49.41"}, {"price": "0.95", "size": "30"}, {"price": "0.94", "size": "33"}, {"price": "0.939", "size": "32"}, {"price": "0.24", "size": "400"}, {"price": "0.238", "size": "30"}, {"price": "0.177", "size": "20"}, {"price": "0.134", "size": "24.35"}, {"price": "0.103", "size": "13"}, {"price": "0.02", "size": "115.34"}, {"price": "0.019", "size": "50"}], "event_type": "book", "last_trade_price": "0.008"}, {"market": "0xf7adf0726a5fb5dc899171eece5f6147f13f7a0740568813e87f9e95b8c41cec", "asset_id": "73349274898944035302343147088605808228320703250994971366388527781803154632302", "timestamp": "1769384028206", "hash": "3ec40304e480de8bbdeee0eb9704b98e7ae755db", "bids": [{"price": "0.001", "size": "4114.05"}, {"price": "0.002", "size": "70.21"}, {"price": "0.01", "size": "173"}, {"price": "0.011", "size": "49.41"}, {"price": "0.05", "size": "30"}, {"price": "0.06", "size": "33"}, {"price": "0.061", "size": "32"}, {"price": "0.76", "size": "400"}, {"price": "0.762", "size": "30"}, {"price": "0.823", "size": "20"}, {"price": "0.866", "size": "24.35"}, {"price": "0.897", "size": "13"}, {"price": "0.98", "size": "115.34"}, {"price": "0.981", "size": "50"}], "asks": [{"price": "0.999", "size": "1665.21"}, {"price": "0.998", "size": "140.11"}, {"price": "0.993", "size": "100.01"}, {"price": "0.992", "size": "33.84"}], "event_type": "book", "last_trade_price": "0.008"}, {"market": "0x5de4dac5750688a3ab6db801fef8afb9f069270bf6e211c8ef2ef3c13d4e6734", "asset_id": "108277546154642558727446036629797435038641223716759292036740543614743500442138", "timestamp": "1769384003237", "hash": "4fe350a22b93c937f1a33ff99865dd885ba2340b", "bids": [{"price": "0.001", "size": "1686.44"}, {"price": "0.002", "size": "610.03"}, {"price": "0.003", "size": "52.76"}], "asks": [{"price": "0.999", "size": "4248.11"}, {"price": "0.998", "size": "70.43"}, {"price": "0.99", "size": "173"}, {"price": "0.989", "size": "49.36"}, {"price": "0.94", "size": "33"}, {"price": "0.939", "size": "32"}, {"price": "0.277", "size": "18"}, {"price": "0.14", "size": "5"}, {"price": "0.12", "size": "34.99"}, {"price": "0.077", "size": "43.8"}, {"price": "0.076", "size": "25.01"}, {"price": "0.075", "size": "11.92"}, {"price": "0.074", "size": "17.87"}, {"price": "0.073", "size": "40.99"}, {"price": "0.071", "size": "37.5"}], "event_type": "book", "last_trade_price": "0.004"}]}
{"_local_timestamp": "2026-01-25T23:33:52.134034+00:00", "data": {"market": "0xf7adf0726a5fb5dc899171eece5f6147f13f7a0740568813e87f9e95b8c41cec", "price_changes": [{"asset_id": "67211021621793404881597066434938623751342708941908565143123241433570119599304", "price": "0.004", "size": "134.42", "side": "BUY", "hash": "1f0975202bcefb7eba5c19f1e529375bcdb2b20b", "best_bid": "0.008", "best_ask": "0.019"}, {"asset_id": "73349274898944035302343147088605808228320703250994971366388527781803154632302", "price": "0.996", "size": "134.42", "side": "SELL", "hash": "62b5301b7672c172c517c622d87d34de7ead250c", "best_bid": "0.981", "best_ask": "0.992"}], "timestamp": "1769384032062", "event_type": "price_change"}}
{"_local_timestamp": "2026-01-25T23:33:52.137929+00:00", "data": {"market": "0xf7adf0726a5fb5dc899171eece5f6147f13f7a0740568813e87f9e95b8c41cec", "price_changes": [{"asset_id": "67211021621793404881597066434938623751342708941908565143123241433570119599304", "price": "0.003", "size": "45.34", "side": "BUY", "hash": "3d28236635d07d4febc7b3e2ea5b10f763ecf551", "best_bid": "0.008", "best_ask": "0.019"}, {"asset_id": "73349274898944035302343147088605808228320703250994971366388527781803154632302", "price": "0.997", "size": "45.34", "side": "SELL", "hash": "80f344ac7c568deae1716986902330c4192434ce", "best_bid": "0.981", "best_ask": "0.992"}], "timestamp": "1769384032063", "event_type": "price_change"}}
{"_local_timestamp": "2026-01-25T23:33:56.746107+00:00", "data": {"market": "0x96692acae03ce1fa925951c628caa05cadaca99dd6cd06e6bf41e1296a31c5d6", "price_changes": [{"asset_id": "75966561768654787319743325692232123182038258640829059408341973756730651618640", "price": "0.902", "size": "0", "side": "BUY", "hash": "8400370712ac8c3fa14973684d85c469732dcc08", "best_bid": "0.903", "best_ask": "0.997"}, {"asset_id": "141897989331777398234248523720868895884419134718481852583319480736372240359", "price": "0.098", "size": "0", "side": "SELL", "hash": "d670b254b02d2f8694b2d06354a8ef82178c3b92", "best_bid": "0.003", "best_ask": "0.097"}], "timestamp": "1769384036675", "event_type": "price_change"}}
{"_local_timestamp": "2026-01-25T23:33:56.778278+00:00", "data": {"market": "0x96692acae03ce1fa925951c628caa05cadaca99dd6cd06e6bf41e1296a31c5d6", "price_changes": [{"asset_id": "141897989331777398234248523720868895884419134718481852583319480736372240359", "price": "0.003", "size": "112.28", "side": "BUY", "hash": "54d65d1d4e7beb3ebc73eef0f8d66a46c3e48fc4", "best_bid": "0.003", "best_ask": "0.097"}, {"asset_id": "75966561768654787319743325692232123182038258640829059408341973756730651618640", "price": "0.997", "size": "112.28", "side": "SELL", "hash": "a3b2f7f5d2c8e04fd7caf7d2a10d7420e1f976c8", "best_bid": "0.903", "best_ask": "0.997"}], "timestamp": "1769384036706", "event_type": "price_change"}}
{"_local_timestamp": "2026-01-25T23:33:57.301542+00:00", "data": {"market": "0x5de4dac5750688a3ab6db801fef8afb9f069270bf6e211c8ef2ef3c13d4e6734", "price_changes": [{"asset_id": "42201990037559053024336550021212381979466646133014623519546928336266268180100", "price": "0.927", "size": "0", "side": "BUY", "hash": "4bb8d70986696dc97abf51052dfd0c50848ee552", "best_bid": "0.929", "best_ask": "0.997"}, {"asset_id": "108277546154642558727446036629797435038641223716759292036740543614743500442138", "price": "0.073", "size": "0", "side": "SELL", "hash": "3418db93bbdec2d0797d51dcc5f99ee94150e83d", "best_bid": "0.003", "best_ask": "0.071"}], "timestamp": "1769384037233", "event_type": "price_change"}}
{"_local_timestamp": "2026-01-25T23:34:15.536231+00:00", "data": {"market": "0xd1b81e16e339910ccf0f32f661209d1b1b8bf9e7b4544b0549ea3a4152c4d823", "price_changes": [{"asset_id": "20688138443664652948666007911769513115384585373979761610429258474151963177570", "price": "0.002", "size": "131.85", "side": "BUY", "hash": "39927f5c4ce4a97d97b2dd3051482f10d7e93921", "best_bid": "0.004", "best_ask": "0.061"}, {"asset_id": "56431156699758996248444003589381918029053732129805739793031966532730675199436", "price": "0.998", "size": "131.85", "side": "SELL", "hash": "8eeadaa0d8ab8349d96cc79958d190821027a0b2", "best_bid": "0.939", "best_ask": "0.996"}], "timestamp": "1769384055286", "event_type": "price_change"}}
{"_local_timestamp": "2026-01-25T23:34:15.537448+00:00", "data": {"market": "0xd1b81e16e339910ccf0f32f661209d1b1b8bf9e7b4544b0549ea3a4152c4d823", "price_changes": [{"asset_id": "20688138443664652948666007911769513115384585373979761610429258474151963177570", "price": "0.005", "size": "0", "side": "BUY", "hash": "39927f5c4ce4a97d97b2dd3051482f10d7e93921", "best_bid": "0.004", "best_ask": "0.061"}, {"asset_id": "56431156699758996248444003589381918029053732129805739793031966532730675199436", "price": "0.995", "size": "0", "side": "SELL", "hash": "8eeadaa0d8ab8349d96cc79958d190821027a0b2", "best_bid": "0.939", "best_ask": "0.996"}], "timestamp": "1769384055286", "event_type": "price_change"}}
{"_local_timestamp": "2026-01-25T23:34:15.543005+00:00", "data": {"market": "0xd1b81e16e339910ccf0f32f661209d1b1b8bf9e7b4544b0549ea3a4152c4d823", "price_changes": [{"asset_id": "20688138443664652948666007911769513115384585373979761610429258474151963177570", "price": "0.006", "size": "0", "side": "BUY", "hash": "39927f5c4ce4a97d97b2dd3051482f10d7e93921", "best_bid": "0.004", "best_ask": "0.061"}, {"asset_id": "56431156699758996248444003589381918029053732129805739793031966532730675199436", "price": "0.994", "size": "0", "side": "SELL", "hash": "8eeadaa0d8ab8349d96cc79958d190821027a0b2", "best_bid": "0.939", "best_ask": "0.996"}], "timestamp": "1769384055286", "event_type": "price_change"}}
{"_local_timestamp": "2026-01-25T23:34:15.558608+00:00", "data": {"market": "0xd1b81e16e339910ccf0f32f661209d1b1b8bf9e7b4544b0549ea3a4152c4d823", "price_changes": [{"asset_id": "20688138443664652948666007911769513115384585373979761610429258474151963177570", "price": "0.007", "size": "97", "side": "BUY", "hash": "cce1715af2b28d5cbfeb683368ab5a9443438b49", "best_bid": "0.007", "best_ask": "0.061"}, {"asset_id": "56431156699758996248444003589381918029053732129805739793031966532730675199436", "price": "0.993", "size": "97", "side": "SELL", "hash": "853a67f40ff2cecbb60a72b367cfdb8cc715c8b1", "best_bid": "0.939", "best_ask": "0.993"}], "timestamp": "1769384055312", "event_type": "price_change"}}
{"_local_timestamp": "2026-01-25T23:34:16.226578+00:00", "data": {"market": "0xd1b81e16e339910ccf0f32f661209d1b1b8bf9e7b4544b0549ea3a4152c4d823", "price_changes": [{"asset_id": "20688138443664652948666007911769513115384585373979761610429258474151963177570", "price": "0.004", "size": "222.98", "side": "BUY", "hash": "cf6f9834efcc72876210f5c980027b029a83c78c", "best_bid": "0.007", "best_ask": "0.061"}, {"asset_id": "56431156699758996248444003589381918029053732129805739793031966532730675199436", "price": "0.996", "size": "222.98", "side": "SELL", "hash": "f39390bf2a4d1ec721dd91b5a2281e9650fc9a89", "best_bid": "0.939", "best_ask": "0.993"}], "timestamp": "1769384055982", "event_type": "price_change"}}
{"_local_timestamp": "2026-01-25T23:34:16.233554+00:00", "data": {"market": "0xd1b81e16e339910ccf0f32f661209d1b1b8bf9e7b4544b0549ea3a4152c4d823", "price_changes": [{"asset_id": "20688138443664652948666007911769513115384585373979761610429258474151963177570", "price": "0.002", "size": "209.18", "side": "BUY", "hash": "7a6f3214a480f76b3dec7e4376d648311bbfe231", "best_bid": "0.007", "best_ask": "0.061"}, {"asset_id": "56431156699758996248444003589381918029053732129805739793031966532730675199436", "price": "0.998", "size": "209.18", "side": "SELL", "hash": "32e54073db39fbbba85434864f1c566f55820784", "best_bid": "0.939", "best_ask": "0.993"}], "timestamp": "1769384055987", "event_type": "price_change"}}
{"_local_timestamp": "2026-01-25T23:34:16.858327+00:00", "data": {"market": "0xd1b81e16e339910ccf0f32f661209d1b1b8bf9e7b4544b0549ea3a4152c4d823", "price_changes": [{"asset_id": "20688138443664652948666007911769513115384585373979761610429258474151963177570", "price": "0.007", "size": "0", "side": "BUY", "hash": "16f9f19b92d4923801da09df222814d9ea7d48ac", "best_bid": "0.004", "best_ask": "0.061"}, {"asset_id": "56431156699758996248444003589381918029053732129805739793031966532730675199436", "price": "0.993", "size": "0", "side": "SELL", "hash": "950294613ab62e64b7a5cf12009e204cebec0a49", "best_bid": "0.939", "best_ask": "0.996"}], "timestamp": "1769384056621", "event_type": "price_change"}}
{"_local_timestamp": "2026-01-25T23:34:16.880108+00:00", "data": {"market": "0xd1b81e16e339910ccf0f32f661209d1b1b8bf9e7b4544b0549ea3a4152c4d823", "price_changes": [{"asset_id": "20688138443664652948666007911769513115384585373979761610429258474151963177570", "price": "0.005", "size": "139", "side": "BUY", "hash": "9de1ec4bf48d268cfc49bc968439a6296e0060ca", "best_bid": "0.005", "best_ask": "0.061"}, {"asset_id": "56431156699758996248444003589381918029053732129805739793031966532730675199436", "price": "0.995", "size": "139", "side": "SELL", "hash": "74f2fcd5622fb6a3c37b84ae0904901ca6dfdc19", "best_bid": "0.939", "best_ask": "0.995"}], "timestamp": "1769384056647", "event_type": "price_change"}}
{"_local_timestamp": "2026-01-25T23:34:17.849717+00:00", "data": {"market": "0x5de4dac5750688a3ab6db801fef8afb9f069270bf6e211c8ef2ef3c13d4e6734", "price_changes": [{"asset_id": "108277546154642558727446036629797435038641223716759292036740543614743500442138", "price": "0.001", "size": "1622.21", "side": "BUY", "hash": "5a1222283b757ea68603b133f1b8be75c2d6d381", "best_bid": "0.002", "best_ask": "0.071"}, {"asset_id": "42201990037559053024336550021212381979466646133014623519546928336266268180100", "price": "0.999", "size": "1622.21", "side": "SELL", "hash": "04fb9c941409350f3df70fa30222684527091ccb", "best_bid": "0.929", "best_ask": "0.998"}], "timestamp": "1769384057604", "event_type": "price_change"}}
{"_local_timestamp": "2026-01-25T23:34:17.850316+00:00", "data": {"market": "0x5de4dac5750688a3ab6db801fef8afb9f069270bf6e211c8ef2ef3c13d4e6734", "price_changes": [{"asset_id": "108277546154642558727446036629797435038641223716759292036740543614743500442138", "price": "0.002", "size": "460.44", "side": "BUY", "hash": "5a1222283b757ea68603b133f1b8be75c2d6d381", "best_bid": "0.002", "best_ask": "0.071"}, {"asset_id": "42201990037559053024336550021212381979466646133014623519546928336266268180100", "price": "0.998", "size": "460.44", "side": "SELL", "hash": "04fb9c941409350f3df70fa30222684527091ccb", "best_bid": "0.929", "best_ask": "0.998"}], "timestamp": "1769384057604", "event_type": "price_change"}}
{"_local_timestamp": "2026-01-25T23:34:17.850626+00:00", "data": {"market": "0x5de4dac5750688a3ab6db801fef8afb9f069270bf6e211c8ef2ef3c13d4e6734", "price_changes": [{"asset_id": "108277546154642558727446036629797435038641223716759292036740543614743500442138", "price": "0.003", "size": "0", "side": "BUY", "hash": "5a1222283b757ea68603b133f1b8be75c2d6d381", "best_bid": "0.002", "best_ask": "0.071"}, {"asset_id": "42201990037559053024336550021212381979466646133014623519546928336266268180100", "price": "0.997", "size": "0", "side": "SELL", "hash": "04fb9c941409350f3df70fa30222684527091ccb", "best_bid": "0.929", "best_ask": "0.998"}], "timestamp": "1769384057604", "event_type": "price_change"}}
{"_local_timestamp": "2026-01-25T23:34:18.367941+00:00", "data": {"market": "0xd1b81e16e339910ccf0f32f661209d1b1b8bf9e7b4544b0549ea3a4152c4d823", "price_changes": [{"asset_id": "20688138443664652948666007911769513115384585373979761610429258474151963177570", "price": "0.005", "size": "0", "side": "BUY", "hash": "f9530fe1f4b713654b5dc8c44c70d402bad1a489", "best_bid": "0.004", "best_ask": "0.061"}, {"asset_id": "56431156699758996248444003589381918029053732129805739793031966532730675199436", "price": "0.995", "size": "0", "side": "SELL", "hash": "aa66d2874ba7da78fa8e50fdb58a2c8874ca972e", "best_bid": "0.939", "best_ask": "0.996"}], "timestamp": "1769384058123", "event_type": "price_change"}}
{"_local_timestamp": "2026-01-25T23:34:18.388800+00:00", "data": {"market": "0xd1b81e16e339910ccf0f32f661209d1b1b8bf9e7b4544b0549ea3a4152c4d823", "price_changes": [{"asset_id": "20688138443664652948666007911769513115384585373979761610429258474151963177570", "price": "0.005", "size": "139", "side": "BUY", "hash": "718321fceb39a9b59732e42b63dbe5ecab241fe6", "best_bid": "0.005", "best_ask": "0.061"}, {"asset_id": "56431156699758996248444003589381918029053732129805739793031966532730675199436", "price": "0.995", "size": "139", "side": "SELL", "hash": "12f4cf1db432546b6feca4e72fb20b530cfca74b", "best_bid": "0.939", "best_ask": "0.995"}], "timestamp": "1769384058148", "event_type": "price_change"}}
{"_local_timestamp": "2026-01-25T23:34:19.071831+00:00", "data": {"market": "0x5de4dac5750688a3ab6db801fef8afb9f069270bf6e211c8ef2ef3c13d4e6734", "price_changes": [{"asset_id": "108277546154642558727446036629797435038641223716759292036740543614743500442138", "price": "0.001", "size": "1685.87", "side": "BUY", "hash": "4fbfb2a2e1c5c731b44f17916991aec6125aecfc", "best_bid": "0.002", "best_ask": "0.071"}, {"asset_id": "42201990037559053024336550021212381979466646133014623519546928336266268180100", "price": "0.999", "size": "1685.87", "side": "SELL", "hash": "7f08499c06af6afe3fead8d5daa852872bf8b150", "best_bid": "0.929", "best_ask": "0.998"}], "timestamp": "1769384058826", "event_type": "price_change"}}
{"_local_timestamp": "2026-01-25T23:34:19.075918+00:00", "data": {"market": "0x5de4dac5750688a3ab6db801fef8afb9f069270bf6e211c8ef2ef3c13d4e6734", "price_changes": [{"asset_id": "108277546154642558727446036629797435038641223716759292036740543614743500442138", "price": "0.002", "size": "611.02", "side": "BUY", "hash": "6d11967acb6368810cbb6bbae6c6db0672124bf6", "best_bid": "0.002", "best_ask": "0.071"}, {"asset_id": "42201990037559053024336550021212381979466646133014623519546928336266268180100", "price": "0.998", "size": "611.02", "side": "SELL", "hash": "af7530e90b4b34feffb168a08c27f1907de39227", "best_bid": "0.929", "best_ask": "0.998"}], "timestamp": "1769384058827", "event_type": "price_change"}}
{"_local_timestamp": "2026-01-25T23:34:19.077430+00:00", "data": {"market": "0x5de4dac5750688a3ab6db801fef8afb9f069270bf6e211c8ef2ef3c13d4e6734", "price_changes": [{"asset_id": "108277546154642558727446036629797435038641223716759292036740543614743500442138", "price": "0.003", "size": "52.29", "side": "BUY", "hash": "46b7accd4c706bdbbea1c031fe4df100074e3450", "best_bid": "0.003", "best_ask": "0.071"}, {"asset_id": "42201990037559053024336550021212381979466646133014623519546928336266268180100", "price": "0.997", "size": "52.29", "side": "SELL", "hash": "93f9a87b5a024049c3fd2c6ac1c4db929fdcd049", "best_bid": "0.929", "best_ask": "0.997"}], "timestamp": "1769384058828", "event_type": "price_change"}}
{"_local_timestamp": "2026-01-25T23:34:19.172571+00:00", "data": {"market": "0x96692acae03ce1fa925951c628caa05cadaca99dd6cd06e6bf41e1296a31c5d6", "price_changes": [{"asset_id": "141897989331777398234248523720868895884419134718481852583319480736372240359", "price": "0.001", "size": "1147.4", "side": "BUY", "hash": "5eed101738cdf82c9c514db2bbc9441b86214235", "best_bid": "0.003", "best_ask": "0.097"}, {"asset_id": "75966561768654787319743325692232123182038258640829059408341973756730651618640", "price": "0.999", "size": "1147.4", "side": "SELL", "hash": "e471181b5c9758a3455a85b8cf5a6b1a62849a18", "best_bid": "0.903", "best_ask": "0.997"}], "timestamp": "1769384058942", "event_type": "price_change"}}
{"_local_timestamp": "2026-01-25T23:34:19.174113+00:00", "data": {"market": "0x96692acae03ce1fa925951c628caa05cadaca99dd6cd06e6bf41e1296a31c5d6", "price_changes": [{"asset_id": "141897989331777398234248523720868895884419134718481852583319480736372240359", "price": "0.002", "size": "208.77", "side": "BUY", "hash": "5eed101738cdf82c9c514db2bbc9441b86214235", "best_bid": "0.003", "best_ask": "0.097"}, {"asset_id": "75966561768654787319743325692232123182038258640829059408341973756730651618640", "price": "0.998", "size": "208.77", "side": "SELL", "hash": "e471181b5c9758a3455a85b8cf5a6b1a62849a18", "best_bid": "0.903", "best_ask": "0.997"}], "timestamp": "1769384058942", "event_type": "price_change"}}
{"_local_timestamp": "2026-01-25T23:34:19.175605+00:00", "data": {"market": "0x96692acae03ce1fa925951c628caa05cadaca99dd6cd06e6bf41e1296a31c5d6", "price_changes": [{"asset_id": "141897989331777398234248523720868895884419134718481852583319480736372240359", "price": "0.003", "size": "96", "side": "BUY", "hash": "5eed101738cdf82c9c514db2bbc9441b86214235", "best_bid": "0.003", "best_ask": "0.097"}, {"asset_id": "75966561768654787319743325692232123182038258640829059408341973756730651618640", "price": "0.997", "size": "96", "side": "SELL", "hash": "e471181b5c9758a3455a85b8cf5a6b1a62849a18", "best_bid": "0.903", "best_ask": "0.997"}], "timestamp": "1769384058942", "event_type": "price_change"}}
{"_local_timestamp": "2026-01-25T23:34:19.200261+00:00", "data": {"market": "0x96692acae03ce1fa925951c628caa05cadaca99dd6cd06e6bf41e1296a31c5d6", "price_changes": [{"asset_id": "141897989331777398234248523720868895884419134718481852583319480736372240359", "price": "0.003", "size": "0", "side": "BUY", "hash": "5c513c9055ddc1d2677068998a0b9ec5137d73f0", "best_bid": "0.002", "best_ask": "0.097"}, {"asset_id": "75966561768654787319743325692232123182038258640829059408341973756730651618640", "price": "0.997", "size": "0", "side": "SELL", "hash": "257a5e4ab7b6ef2d321221fa4fa324d0e117b336", "best_bid": "0.903", "best_ask": "0.998"}], "timestamp": "1769384058966", "event_type": "price_change"}}
{"_local_timestamp": "2026-01-25T23:34:19.268646+00:00", "data": {"market": "0x96692acae03ce1fa925951c628caa05cadaca99dd6cd06e6bf41e1296a31c5d6", "price_changes": [{"asset_id": "141897989331777398234248523720868895884419134718481852583319480736372240359", "price": "0.003", "size": "29", "side": "BUY", "hash": "c72a89c9188d1fdcd4cd8fd4b39eb8c6bd4bd2ba", "best_bid": "0.003", "best_ask": "0.097"}, {"asset_id": "75966561768654787319743325692232123182038258640829059408341973756730651618640", "price": "0.997", "size": "29", "side": "SELL", "hash": "9247865e153cc5fbb15b413eef8b53237e784d5c", "best_bid": "0.903", "best_ask": "0.997"}], "timestamp": "1769384059001", "event_type": "price_change"}}
{"_local_timestamp": "2026-01-25T23:34:19.839859+00:00", "data": {"market": "0xd1b81e16e339910ccf0f32f661209d1b1b8bf9e7b4544b0549ea3a4152c4d823", "price_changes": [{"asset_id": "20688138443664652948666007911769513115384585373979761610429258474151963177570", "price": "0.005", "size": "0", "side": "BUY", "hash": "f7ab44aee629e21b0a051097f2437974342cc66e", "best_bid": "0.004", "best_ask": "0.061"}, {"asset_id": "56431156699758996248444003589381918029053732129805739793031966532730675199436", "price": "0.995", "size": "0", "side": "SELL", "hash": "715bb0ba319aa93bcab4e1ffa936b5019bc468a0", "best_bid": "0.939", "best_ask": "0.996"}], "timestamp": "1769384059621", "event_type": "price_change"}}
{"_local_timestamp": "2026-01-25T23:34:19.877775+00:00", "data": {"market": "0xd1b81e16e339910ccf0f32f661209d1b1b8bf9e7b4544b0549ea3a4152c4d823", "price_changes": [{"asset_id": "20688138443664652948666007911769513115384585373979761610429258474151963177570", "price": "0.005", "size": "139", "side": "BUY", "hash": "900cfd83247d119d15365e308e7b2626ccb7769c", "best_bid": "0.005", "best_ask": "0.061"}, {"asset_id": "56431156699758996248444003589381918029053732129805739793031966532730675199436", "price": "0.995", "size": "139", "side": "SELL", "hash": "eff91caf8ea97bb044219299aadd2fa6109f72af", "best_bid": "0.939", "best_ask": "0.995"}], "timestamp": "1769384059650", "event_type": "price_change"}}
{"_local_timestamp": "2026-01-25T23:34:21.345232+00:00", "data": {"market": "0xd1b81e16e339910ccf0f32f661209d1b1b8bf9e7b4544b0549ea3a4152c4d823", "price_changes": [{"asset_id": "20688138443664652948666007911769513115384585373979761610429258474151963177570", "price": "0.005", "size": "0", "side": "BUY", "hash": "bd649c5edee784a359c427c8a696c26a4f2469b1", "best_bid": "0.004", "best_ask": "0.061"}, {"asset_id": "56431156699758996248444003589381918029053732129805739793031966532730675199436", "price": "0.995", "size": "0", "side": "SELL", "hash": "08c685a6de2e3546cfa9b6378562dc34e493821b", "best_bid": "0.939", "best_ask": "0.996"}], "timestamp": "1769384061123", "event_type": "price_change"}}
{"_local_timestamp": "2026-01-25T23:34:21.379882+00:00", "data": {"market": "0xd1b81e16e339910ccf0f32f661209d1b1b8bf9e7b4544b0549ea3a4152c4d823", "price_changes": [{"asset_id": "20688138443664652948666007911769513115384585373979761610429258474151963177570", "price": "0.005", "size": "139", "side": "BUY", "hash": "6b68f98e731bf002fb678621100ed9a8f5f706f2", "best_bid": "0.005", "best_ask": "0.061"}, {"asset_id": "56431156699758996248444003589381918029053732129805739793031966532730675199436", "price": "0.995", "size": "139", "side": "SELL", "hash": "ad63e16d7d38abe4885b2606632d88a1dbbd76a2", "best_bid": "0.939", "best_ask": "0.995"}], "timestamp": "1769384061153", "event_type": "price_change"}}
{"_local_timestamp": "2026-01-25T23:34:21.788783+00:00", "data": {"market": "0x96692acae03ce1fa925951c628caa05cadaca99dd6cd06e6bf41e1296a31c5d6", "price_changes": [{"asset_id": "141897989331777398234248523720868895884419134718481852583319480736372240359", "price": "0.001", "size": "1191.04", "side": "BUY", "hash": "fab4f48ed0b5f11a813d8523465de892b2dfbe27", "best_bid": "0.003", "best_ask": "0.097"}, {"asset_id": "75966561768654787319743325692232123182038258640829059408341973756730651618640", "price": "0.999", "size": "1191.04", "side": "SELL", "hash": "f7985e07ceb758c72f36305e31b82f9799e2501d", "best_bid": "0.903", "best_ask": "0.997"}], "timestamp": "1769384061580", "event_type": "price_change"}}
{"_local_timestamp": "2026-01-25T23:34:21.789198+00:00", "data": {"market": "0x96692acae03ce1fa925951c628caa05cadaca99dd6cd06e6bf41e1296a31c5d6", "price_changes": [{"asset_id": "141897989331777398234248523720868895884419134718481852583319480736372240359", "price": "0.002", "size": "449.56", "side": "BUY", "hash": "ab5dfcfbe307b0226f6fec1dbbe55dcecd2bdaa6", "best_bid": "0.003", "best_ask": "0.097"}, {"asset_id": "75966561768654787319743325692232123182038258640829059408341973756730651618640", "price": "0.998", "size": "449.56", "side": "SELL", "hash": "faa1a7dfcf20a6fb6fa45b72c755fe2055bd7524", "best_bid": "0.903", "best_ask": "0.997"}], "timestamp": "1769384061580", "event_type": "price_change"}}
{"_local_timestamp": "2026-01-25T23:34:21.795708+00:00", "data": {"market": "0x96692acae03ce1fa925951c628caa05cadaca99dd6cd06e6bf41e1296a31c5d6", "price_changes": [{"asset_id": "141897989331777398234248523720868895884419134718481852583319480736372240359", "price": "0.004", "size": "101.41", "side": "BUY", "hash": "1e5ab78a2b338a9f8341d0d2463b36d3925836e9", "best_bid": "0.004", "best_ask": "0.097"}, {"asset_id": "75966561768654787319743325692232123182038258640829059408341973756730651618640", "price": "0.996", "size": "101.41", "side": "SELL", "hash": "281b3ed40e373fbe2fc71c3f2e285853a9d72ab6", "best_bid": "0.903", "best_ask": "0.996"}], "timestamp": "1769384061581", "event_type": "price_change"}}
{"_local_timestamp": "2026-01-25T23:34:21.796674+00:00", "data": {"market": "0x96692acae03ce1fa925951c628caa05cadaca99dd6cd06e6bf41e1296a31c5d6", "price_changes": [{"asset_id": "141897989331777398234248523720868895884419134718481852583319480736372240359", "price": "0.003", "size": "45.28", "side": "BUY", "hash": "8de6aee47b7e1fffed48d9aed6aa80143ea6c7c4", "best_bid": "0.004", "best_ask": "0.097"}, {"asset_id": "75966561768654787319743325692232123182038258640829059408341973756730651618640", "price": "0.997", "size": "45.28", "side": "SELL", "hash": "1e941cdc006cd1fdfb4a9d333b231999766be713", "best_bid": "0.903", "best_ask": "0.996"}], "timestamp": "1769384061582", "event_type": "price_change"}}
{"_local_timestamp": "2026-01-25T23:34:21.824958+00:00", "data": {"market": "0x96692acae03ce1fa925951c628caa05cadaca99dd6cd06e6bf41e1296a31c5d6", "price_changes": [{"asset_id": "141897989331777398234248523720868895884419134718481852583319480736372240359", "price": "0.003", "size": "16.28", "side": "BUY", "hash": "f4207256313cebda0391be240c292c8afa4503da", "best_bid": "0.004", "best_ask": "0.097"}, {"asset_id": "75966561768654787319743325692232123182038258640829059408341973756730651618640", "price": "0.997", "size": "16.28", "side": "SELL", "hash": "92e0f507825dce87f4beed84a6b445a4cbbf1e1a", "best_bid": "0.903", "best_ask": "0.996"}], "timestamp": "1769384061606", "event_type": "price_change"}}
{"_local_timestamp": "2026-01-25T23:34:22.853231+00:00", "data": {"market": "0xd1b81e16e339910ccf0f32f661209d1b1b8bf9e7b4544b0549ea3a4152c4d823", "price_changes": [{"asset_id": "20688138443664652948666007911769513115384585373979761610429258474151963177570", "price": "0.005", "size": "0", "side": "BUY", "hash": "b74d9e066d3130dd32ab540606c9cc78afaa72fc", "best_bid": "0.004", "best_ask": "0.061"}, {"asset_id": "56431156699758996248444003589381918029053732129805739793031966532730675199436", "price": "0.995", "size": "0", "side": "SELL", "hash": "a6be941fef5b10135962819938cf0ef05ad04514", "best_bid": "0.939", "best_ask": "0.996"}], "timestamp": "1769384062623", "event_type": "price_change"}}
{"_local_timestamp": "2026-01-25T23:34:22.879777+00:00", "data": {"market": "0xd1b81e16e339910ccf0f32f661209d1b1b8bf9e7b4544b0549ea3a4152c4d823", "price_changes": [{"asset_id": "20688138443664652948666007911769513115384585373979761610429258474151963177570", "price": "0.005", "size": "139", "side": "BUY", "hash": "df9f694b42390810d1154e07765563bd693ffcb5", "best_bid": "0.005", "best_ask": "0.061"}, {"asset_id": "56431156699758996248444003589381918029053732129805739793031966532730675199436", "price": "0.995", "size": "139", "side": "SELL", "hash": "b026205d3c49b3ea1888f8f15f21bd0cc6110ee8", "best_bid": "0.939", "best_ask": "0.995"}], "timestamp": "1769384062648", "event_type": "price_change"}}
{"_local_timestamp": "2026-01-25T23:34:24.377647+00:00", "data": {"market": "0xd1b81e16e339910ccf0f32f661209d1b1b8bf9e7b4544b0549ea3a4152c4d823", "price_changes": [{"asset_id": "20688138443664652948666007911769513115384585373979761610429258474151963177570", "price": "0.005", "size": "0", "side": "BUY", "hash": "a76e0d216fc0f924f2ca8bdd9197ce3da2af3654", "best_bid": "0.004", "best_ask": "0.061"}, {"asset_id": "56431156699758996248444003589381918029053732129805739793031966532730675199436", "price": "0.995", "size": "0", "side": "SELL", "hash": "86f3f847664ba31b3abafbaefdfb1b2b1906b4ad", "best_bid": "0.939", "best_ask": "0.996"}], "timestamp": "1769384064125", "event_type": "price_change"}}
{"_local_timestamp": "2026-01-25T23:34:24.416398+00:00", "data": {"market": "0xd1b81e16e339910ccf0f32f661209d1b1b8bf9e7b4544b0549ea3a4152c4d823", "price_changes": [{"asset_id": "20688138443664652948666007911769513115384585373979761610429258474151963177570", "price": "0.005", "size": "139", "side": "BUY", "hash": "09afd60305a4067645833ac82f19848cd88f1ca4", "best_bid": "0.005", "best_ask": "0.061"}, {"asset_id": "56431156699758996248444003589381918029053732129805739793031966532730675199436", "price": "0.995", "size": "139", "side": "SELL", "hash": "2b6f67df784e54c76c9522fe0004fe169707ce69", "best_bid": "0.939", "best_ask": "0.995"}], "timestamp": "1769384064171", "event_type": "price_change"}}
{"_local_timestamp": "2026-01-25T23:34:25.862075+00:00", "data": {"market": "0xd1b81e16e339910ccf0f32f661209d1b1b8bf9e7b4544b0549ea3a4152c4d823", "price_changes": [{"asset_id": "20688138443664652948666007911769513115384585373979761610429258474151963177570", "price": "0.005", "size": "0", "side": "BUY", "hash": "703ce6a766474a49570b9a91a86b5cfe5abc4f78", "best_bid": "0.004", "best_ask": "0.061"}, {"asset_id": "56431156699758996248444003589381918029053732129805739793031966532730675199436", "price": "0.995", "size": "0", "side": "SELL", "hash": "f5172fccce80cd932ed08c9d7871e6f3cd32a666", "best_bid": "0.939", "best_ask": "0.996"}], "timestamp": "1769384065622", "event_type": "price_change"}}
{"_local_timestamp": "2026-01-25T23:34:25.938460+00:00", "data": {"market": "0xd1b81e16e339910ccf0f32f661209d1b1b8bf9e7b4544b0549ea3a4152c4d823", "price_changes": [{"asset_id": "20688138443664652948666007911769513115384585373979761610429258474151963177570", "price": "0.005", "size": "139", "side": "BUY", "hash": "92f74ba21bc992b01f6f30c6bad9a543922d9ea1", "best_bid": "0.005", "best_ask": "0.061"}, {"asset_id": "56431156699758996248444003589381918029053732129805739793031966532730675199436", "price": "0.995", "size": "139", "side": "SELL", "hash": "e325d88979031f75a3635b0f10a59ad78e47b454", "best_bid": "0.939", "best_ask": "0.995"}], "timestamp": "1769384065689", "event_type": "price_change"}}
{"_local_timestamp": "2026-01-25T23:34:27.350172+00:00", "data": {"market": "0xd1b81e16e339910ccf0f32f661209d1b1b8bf9e7b4544b0549ea3a4152c4d823", "price_changes": [{"asset_id": "20688138443664652948666007911769513115384585373979761610429258474151963177570", "price": "0.005", "size": "0", "side": "BUY", "hash": "17cff2f765a8f5262f21b03ff77d135a2f7805e6", "best_bid": "0.004", "best_ask": "0.061"}, {"asset_id": "56431156699758996248444003589381918029053732129805739793031966532730675199436", "price": "0.995", "size": "0", "side": "SELL", "hash": "710c8cf2fbb7202f87ba255985f39d06d9920fbb", "best_bid": "0.939", "best_ask": "0.996"}], "timestamp": "1769384067122", "event_type": "price_change"}}
{"_local_timestamp": "2026-01-25T23:34:27.376022+00:00", "data": {"market": "0xd1b81e16e339910ccf0f32f661209d1b1b8bf9e7b4544b0549ea3a4152c4d823", "price_changes": [{"asset_id": "20688138443664652948666007911769513115384585373979761610429258474151963177570", "price": "0.005", "size": "139", "side": "BUY", "hash": "49cf99dea24fba7150a04976adb8b4364b21b7fe", "best_bid": "0.005", "best_ask": "0.061"}, {"asset_id": "56431156699758996248444003589381918029053732129805739793031966532730675199436", "price": "0.995", "size": "139", "side": "SELL", "hash": "c7c4a88f70a891ebd2b41388e7c632980c7bd4ff", "best_bid": "0.939", "best_ask": "0.995"}], "timestamp": "1769384067147", "event_type": "price_change"}}
{"_local_timestamp": "2026-01-25T23:34:29.147349+00:00", "data": {"market": "0xd1b81e16e339910ccf0f32f661209d1b1b8bf9e7b4544b0549ea3a4152c4d823", "price_changes": [{"asset_id": "20688138443664652948666007911769513115384585373979761610429258474151963177570", "price": "0.005", "size": "0", "side": "BUY", "hash": "ff82a39a32d766cade683af4b559a06f525c9b77", "best_bid": "0.004", "best_ask": "0.061"}, {"asset_id": "56431156699758996248444003589381918029053732129805739793031966532730675199436", "price": "0.995", "size": "0", "side": "SELL", "hash": "cc01ac755bd54c4c016c31c206060785268628f7", "best_bid": "0.939", "best_ask": "0.996"}], "timestamp": "1769384068627", "event_type": "price_change"}}
{"_local_timestamp": "2026-01-25T23:34:29.316631+00:00", "data": {"market": "0xd1b81e16e339910ccf0f32f661209d1b1b8bf9e7b4544b0549ea3a4152c4d823", "price_changes": [{"asset_id": "20688138443664652948666007911769513115384585373979761610429258474151963177570", "price": "0.005", "size": "139", "side": "BUY", "hash": "54459d7899c50c131c0e29f3528e27b6bee80e49", "best_bid": "0.005", "best_ask": "0.061"}, {"asset_id": "56431156699758996248444003589381918029053732129805739793031966532730675199436", "price": "0.995", "size": "139", "side": "SELL", "hash": "8a26756a938a67abe0bf097fe2d88044b3cde275", "best_bid": "0.939", "best_ask": "0.995"}], "timestamp": "1769384068940", "event_type": "price_change"}}
{"_local_timestamp": "2026-01-25T23:34:30.462380+00:00", "data": {"market": "0xd1b81e16e339910ccf0f32f661209d1b1b8bf9e7b4544b0549ea3a4152c4d823", "price_changes": [{"asset_id": "20688138443664652948666007911769513115384585373979761610429258474151963177570", "price": "0.005", "size": "0", "side": "BUY", "hash": "a97cf7d45a63e66c7d4f073f050eb333e81d27c1", "best_bid": "0.004", "best_ask": "0.061"}, {"asset_id": "56431156699758996248444003589381918029053732129805739793031966532730675199436", "price": "0.995", "size": "0", "side": "SELL", "hash": "4fa482cec5ae136246f6430b0db2913a83e71e97", "best_bid": "0.939", "best_ask": "0.996"}], "timestamp": "1769384070121", "event_type": "price_change"}}
{"_local_timestamp": "2026-01-25T23:34:30.587990+00:00", "data": {"market": "0xd1b81e16e339910ccf0f32f661209d1b1b8bf9e7b4544b0549ea3a4152c4d823", "price_changes": [{"asset_id": "20688138443664652948666007911769513115384585373979761610429258474151963177570", "price": "0.005", "size": "139", "side": "BUY", "hash": "fd7a76d043892d6f8b954988c32eb9bec5ab4eff", "best_bid": "0.005", "best_ask": "0.061"}, {"asset_id": "56431156699758996248444003589381918029053732129805739793031966532730675199436", "price": "0.995", "size": "139", "side": "SELL", "hash": "d6c876f718c85d7c3260198cdba0123a94c881f5", "best_bid": "0.939", "best_ask": "0.995"}], "timestamp": "1769384070254", "event_type": "price_change"}}
{"_local_timestamp": "2026-01-25T23:34:31.849680+00:00", "data": {"market": "0xd1b81e16e339910ccf0f32f661209d1b1b8bf9e7b4544b0549ea3a4152c4d823", "price_changes": [{"asset_id": "20688138443664652948666007911769513115384585373979761610429258474151963177570", "price": "0.005", "size": "0", "side": "BUY", "hash": "f804083ff2e2cc578ebb5cac8c115a519d53c215", "best_bid": "0.004", "best_ask": "0.061"}, {"asset_id": "56431156699758996248444003589381918029053732129805739793031966532730675199436", "price": "0.995", "size": "0", "side": "SELL", "hash": "561e2897f7c27399ab0325088820e04c0f9e1df0", "best_bid": "0.939", "best_ask": "0.996"}], "timestamp": "1769384071623", "event_type": "price_change"}}
{"_local_timestamp": "2026-01-25T23:34:31.870141+00:00", "data": {"market": "0xd1b81e16e339910ccf0f32f661209d1b1b8bf9e7b4544b0549ea3a4152c4d823", "price_changes": [{"asset_id": "20688138443664652948666007911769513115384585373979761610429258474151963177570", "price": "0.005", "size": "139", "side": "BUY", "hash": "c13f294809900a5142e6db7a875b0d4f83425d2b", "best_bid": "0.005", "best_ask": "0.061"}, {"asset_id": "56431156699758996248444003589381918029053732129805739793031966532730675199436", "price": "0.995", "size": "139", "side": "SELL", "hash": "2c5fdb5e754b90dcda0be35ed09b7a3211a2c2b7", "best_bid": "0.939", "best_ask": "0.995"}], "timestamp": "1769384071652", "event_type": "price_change"}}
