{"_local_timestamp": "2026-01-25T23:33:26.946551+00:00", "data": [{"market": "0x3fb5cd695a1a69d9bdcdc56473fe939b1f5f746fd93d95678c2aacfd02ecc8f1", "asset_id": "14880392203916951367210594044346675783187280368615720213876603794661640957466", "timestamp": "1769383901914", "hash": "e5c828168e7b0cbb92369089ca19d6921e614875", "bids": [{"price": "0.01", "size": "3876.93"}, {"price": "0.02", "size": "300"}, {"price": "0.03", "size": "305.9"}, {"price": "0.04", "size": "200"}, {"price": "0.05", "size": "20"}, {"price": "0.06", "size": "33"}, {"price": "0.07", "size": "10.28"}, {"price": "0.11", "size": "225"}, {"price": "0.16", "size": "150"}, {"price": "0.21", "size": "100"}, {"price": "0.26", "size": "96"}, {"price": "0.27", "size": "66.66"}, {"price": "0.52", "size": "5"}, {"price": "0.53", "size": "66.66"}], "asks": [{"price": "0.99", "size": "62.9"}, {"price": "0.98", "size": "20.5"}, {"price": "0.97", "size": "20"}, {"price": "0.96", "size": "51.37"}, {"price": "0.95", "size": "43"}, {"price": "0.94", "size": "15.29"}, {"price": "0.92", "size": "77.76"}, {"price": "0.91", "size": "48.27"}], "event_type": "book", "last_trade_price": ""}, {"market": "0xe83e55ee7c9cfda40e828fd11aef8b0261773a49553827376d3aac63b28d88dd", "asset_id": "83305180123434328264942831061332161630642073183329159190029603770999556008804", "timestamp": "1769383977970", "hash": "a1caf945c85881360abcf128b11c536d8cace742", "bids": [{"price": "0.01", "size": "79.66"}, {"price": "0.02", "size": "39.44"}, {"price": "0.03", "size": "7.96"}, {"price": "0.04", "size": "66.66"}, {"price": "0.05", "size": "10.04"}, {"price": "0.09", "size": "77.76"}], "asks": [{"price": "0.99", "size": "5885.05"}, {"price": "0.98", "size": "2200"}, {"price": "0.97", "size": "711.13"}, {"price": "0.95", "size": "30"}, {"price": "0.94", "size": "733"}, {"price": "0.93", "size": "5.03"}, {"price": "0.87", "size": "565"}, {"price": "0.86", "size": "8.07"}, {"price": "0.8", "size": "400"}, {"price": "0.77", "size": "275"}, {"price": "0.74", "size": "66.66"}, {"price": "0.53", "size": "150"}, {"price": "0.52", "size": "20"}, {"price": "0.47", "size": "66.66"}], "event_type": "book", "last_trade_price": ""}, {"market": "0x3fb5cd695a1a69d9bdcdc56473fe939b1f5f746fd93d95678c2aacfd02ecc8f1", "asset_id": "12923354183562595822134003465069735214484232866602492426996044053528437947487", "timestamp": "1769383901914", "hash": "42c20fbf912e1afb2165994f7915c98e81dd394e", "bids": [{"price": "0.01", "size": "62.9"}, {"price": "0.02", "size": "20.5"}, {"price": "0.03", "size": "20"}, {"price": "0.04", "size": "51.37"}, {"price": "0.05", "size": "43"}, {"price": "0.06", "size": "15.29"}, {"price": "0.08", "size": "77.76"}, {"price": "0.09", "size": "48.27"}], "asks": [{"price": "0.99", "size": "3876.93"}, {"price": "0.98", "size": "300"}, {"price": "0.97", "size": "305.9"}, {"price": "0.96", "size": "200"}, {"price": "0.95", "size": "20"}, {"price": "0.94", "size": "33"}, {"price": "0.93", "size": "10.28"}, {"price": "0.89", "size": "225"}, {"price": "0.84", "size": "150"}, {"price": "0.79", "size": "100"}, {"price": "0.74", "size": "96"}, {"price": "0.73", "size": "66.66"}, {"price": "0.48", "size": "5"}, {"price": "0.47", "size": "66.66"}], "event_type": "book", "last_trade_price": ""}, {"market": "0xe83e55ee7c9cfda40e828fd11aef8b0261773a49553827376d3aac63b28d88dd", "asset_id": "99887310671509850314484982285887474127526700724858978238541410696173839762282", "timestamp": "1769383977970", "hash": "947e0ecb2d1bb62232925df473ecd5c5b65a9f8f", "bids": [{"price": "0.01", "size": "5885.05"}, {"price": "0.02", "size": "2200"}, {"price": "0.03", "size": "711.13"}, {"price": "0.05", "size": "30"}, {"price": "0.06", "size": "733"}, {"price": "0.07", "size": "5.03"}, {"price": "0.13", "size": "565"}, {"price": "0.14", "size": "8.07"}, {"price": "0.2", "size": "400"}, {"price": "0.23", "size": "275"}, {"price": "0.26", "size": "66.66"}, {"price": "0.47", "size": "150"}, {"price": "0.48", "size": "20"}, {"price": "0.53", "size": "66.66"}], "asks": [{"price": "0.99", "size": "79.66"}, {"price": "0.98", "size": "39.44"}, {"price": "0.97", "size": "7.96"}, {"price": "0.96", "size": "66.66"}, {"price": "0.95", "size": "10.04"}, {"price": "0.91", "size": "77.76"}], "event_type": "book", "last_trade_price": ""}]}
{"_local_timestamp": "2026-01-25T23:34:37.210093+00:00", "data": {"market": "0xe83e55ee7c9cfda40e828fd11aef8b0261773a49553827376d3aac63b28d88dd", "price_changes": [{"asset_id": "99887310671509850314484982285887474127526700724858978238541410696173839762282", "price": "0.53", "size": "0", "side": "BUY", "hash": "7e560171fef38b130b3777f35ec55ad70722a4f3", "best_bid": "0.48", "best_ask": "0.91"}, {"asset_id": "83305180123434328264942831061332161630642073183329159190029603770999556008804", "price": "0.47", "size": "0", "side": "SELL", "hash": "a0d0057879675b90c63057947b1cee3c63666b6f", "best_bid": "0.09", "best_ask": "0.52"}], "timestamp": "1769384077140", "event_type": "price_change"}}
{"_local_timestamp": "2026-01-25T23:34:37.779425+00:00", "data": {"market": "0xe83e55ee7c9cfda40e828fd11aef8b0261773a49553827376d3aac63b28d88dd", "price_changes": [{"asset_id": "99887310671509850314484982285887474127526700724858978238541410696173839762282", "price": "0.49", "size": "66.66", "side": "BUY", "hash": "ef4b61a65ca97e4ea2702ee40b438a58433b7e87", "best_bid": "0.49", "best_ask": "0.91"}, {"asset_id": "83305180123434328264942831061332161630642073183329159190029603770999556008804", "price": "0.51", "size": "66.66", "side": "SELL", "hash": "b88cce27f3bf0e6f564538e0c341dd09c4d1d357", "best_bid": "0.09", "best_ask": "0.51"}], "timestamp": "1769384077709", "event_type": "price_change"}}
{"_local_timestamp": "2026-01-25T23:35:20.535644+00:00", "data": {"market": "0xe83e55ee7c9cfda40e828fd11aef8b0261773a49553827376d3aac63b28d88dd", "price_changes": [{"asset_id": "99887310671509850314484982285887474127526700724858978238541410696173839762282", "price": "0.03", "size": "11.13", "side": "BUY", "hash": "a41d6cd8ef16a31dc06b7ab773f639db0bdfe5fd", "best_bid": "0.49", "best_ask": "0.91"}, {"asset_id": "83305180123434328264942831061332161630642073183329159190029603770999556008804", "price": "0.97", "size": "11.13", "side": "SELL", "hash": "3f8b9db79b42989c79bc46bfd57218d1f5dc0cbf", "best_bid": "0.09", "best_ask": "0.51"}], "timestamp": "1769384120463", "event_type": "price_change"}}
{"_local_timestamp": "2026-01-25T23:35:52.829068+00:00", "data": {"market": "0xe83e55ee7c9cfda40e828fd11aef8b0261773a49553827376d3aac63b28d88dd", "price_changes": [{"asset_id": "99887310671509850314484982285887474127526700724858978238541410696173839762282", "price": "0.03", "size": "711.13", "side": "BUY", "hash": "0adfeb2d8aae144c8f600daad58d6ae0476b2e0c", "best_bid": "0.49", "best_ask": "0.91"}, {"asset_id": "83305180123434328264942831061332161630642073183329159190029603770999556008804", "price": "0.97", "size": "711.13", "side": "SELL", "hash": "d0fb5feca6b0d72e364169bc1fefbc6c9fee99d0", "best_bid": "0.09", "best_ask": "0.51"}], "timestamp": "1769384152763", "event_type": "price_change"}}
{"_local_timestamp": "2026-01-25T23:36:05.214568+00:00", "data": {"market": "0xe83e55ee7c9cfda40e828fd11aef8b0261773a49553827376d3aac63b28d88dd", "price_changes": [{"asset_id": "99887310671509850314484982285887474127526700724858978238541410696173839762282", "price": "0.5", "size": "50", "side": "BUY", "hash": "7195c3012db019e7dec793bc28d8fa81e5d42f05", "best_bid": "0.5", "best_ask": "0.91"}, {"asset_id": "83305180123434328264942831061332161630642073183329159190029603770999556008804", "price": "0.5", "size": "50", "side": "SELL", "hash": "5332f7548cda6b3f2dedc31eb461d165f1f81996", "best_bid": "0.09", "best_ask": "0.5"}], "timestamp": "1769384165147", "event_type": "price_change"}}
{"_local_timestamp": "2026-01-25T23:36:24.419092+00:00", "data": {"market": "0xe83e55ee7c9cfda40e828fd11aef8b0261773a49553827376d3aac63b28d88dd", "price_changes": [{"asset_id": "99887310671509850314484982285887474127526700724858978238541410696173839762282", "price": "0.01", "size": "5875.29", "side": "BUY", "hash": "f32582f4a3d9e8e31a8064a4e4c061bc0920c108", "best_bid": "0.5", "best_ask": "0.91"}, {"asset_id": "83305180123434328264942831061332161630642073183329159190029603770999556008804", "price": "0.99", "size": "5875.29", "side": "SELL", "hash": "0b14bfa134b4a0d16a699ab20e5052d660a70cff", "best_bid": "0.09", "best_ask": "0.5"}], "timestamp": "1769384184351", "event_type": "price_change"}}
{"_local_timestamp": "2026-01-25T23:36:24.419516+00:00", "data": {"market": "0xe83e55ee7c9cfda40e828fd11aef8b0261773a49553827376d3aac63b28d88dd", "price_changes": [{"asset_id": "99887310671509850314484982285887474127526700724858978238541410696173839762282", "price": "0.03", "size": "700", "side": "BUY", "hash": "f32582f4a3d9e8e31a8064a4e4c061bc0920c108", "best_bid": "0.5", "best_ask": "0.91"}, {"asset_id": "83305180123434328264942831061332161630642073183329159190029603770999556008804", "price": "0.97", "size": "700", "side": "SELL", "hash": "0b14bfa134b4a0d16a699ab20e5052d660a70cff", "best_bid": "0.09", "best_ask": "0.5"}], "timestamp": "1769384184351", "event_type": "price_change"}}
{"_local_timestamp": "2026-01-25T23:36:24.764023+00:00", "data": {"market": "0xe83e55ee7c9cfda40e828fd11aef8b0261773a49553827376d3aac63b28d88dd", "price_changes": [{"asset_id": "99887310671509850314484982285887474127526700724858978238541410696173839762282", "price": "0.04", "size": "6.21", "side": "BUY", "hash": "042c76a2778fed93da10d08343da5ff07730bbf9", "best_bid": "0.5", "best_ask": "0.91"}, {"asset_id": "83305180123434328264942831061332161630642073183329159190029603770999556008804", "price": "0.96", "size": "6.21", "side": "SELL", "hash": "7ba8ebdf44d4ea4a477143932c0538bb99558b9f", "best_bid": "0.09", "best_ask": "0.5"}], "timestamp": "1769384184685", "event_type": "price_change"}}
{"_local_timestamp": "2026-01-25T23:36:24.772162+00:00", "data": {"market": "0xe83e55ee7c9cfda40e828fd11aef8b0261773a49553827376d3aac63b28d88dd", "price_changes": [{"asset_id": "99887310671509850314484982285887474127526700724858978238541410696173839762282", "price": "0.02", "size": "2209.16", "side": "BUY", "hash": "17d1612617a067b002cb7b06c7a6ea4c375a2b01", "best_bid": "0.5", "best_ask": "0.91"}, {"asset_id": "83305180123434328264942831061332161630642073183329159190029603770999556008804", "price": "0.98", "size": "2209.16", "side": "SELL", "hash": "151922ba9a6d8df67cc4698b7e452aef70dc98f1", "best_bid": "0.09", "best_ask": "0.5"}], "timestamp": "1769384184696", "event_type": "price_change"}}
{"_local_timestamp": "2026-01-25T23:36:44.285706+00:00", "data": {"market": "0xe83e55ee7c9cfda40e828fd11aef8b0261773a49553827376d3aac63b28d88dd", "price_changes": [{"asset_id": "99887310671509850314484982285887474127526700724858978238541410696173839762282", "price": "0.03", "size": "0", "side": "BUY", "hash": "a5485efe47b84e8aca1b2c742a206e32fa7569cb", "best_bid": "0.5", "best_ask": "0.91"}, {"asset_id": "83305180123434328264942831061332161630642073183329159190029603770999556008804", "price": "0.97", "size": "0", "side": "SELL", "hash": "b7291dad4c1a665fc3ceb38b1dc0c52d6c3ea7b4", "best_bid": "0.09", "best_ask": "0.5"}], "timestamp": "1769384204191", "event_type": "price_change"}}
{"_local_timestamp": "2026-01-25T23:36:57.782484+00:00", "data": {"market": "0xe83e55ee7c9cfda40e828fd11aef8b0261773a49553827376d3aac63b28d88dd", "price_changes": [{"asset_id": "99887310671509850314484982285887474127526700724858978238541410696173839762282", "price": "0.23", "size": "100", "side": "BUY", "hash": "5f4b557d4ab77a7b33022403a862439b02a455d5", "best_bid": "0.5", "best_ask": "0.91"}, {"asset_id": "83305180123434328264942831061332161630642073183329159190029603770999556008804", "price": "0.77", "size": "100", "side": "SELL", "hash": "5eae2e02ce805c7268c8c89060d4d395cd36d3db", "best_bid": "0.09", "best_ask": "0.5"}], "timestamp": "1769384217239", "event_type": "price_change"}}
{"_local_timestamp": "2026-01-25T23:37:12.493329+00:00", "data": {"market": "0xe83e55ee7c9cfda40e828fd11aef8b0261773a49553827376d3aac63b28d88dd", "price_changes": [{"asset_id": "99887310671509850314484982285887474127526700724858978238541410696173839762282", "price": "0.24", "size": "137", "side": "BUY", "hash": "fd499c0078d8a09af15741c8e9c277ce998f2f0e", "best_bid": "0.5", "best_ask": "0.91"}, {"asset_id": "83305180123434328264942831061332161630642073183329159190029603770999556008804", "price": "0.76", "size": "137", "side": "SELL", "hash": "b80a998bc1855dd0b11bdaf008fa5781911dbc4f", "best_bid": "0.09", "best_ask": "0.5"}], "timestamp": "1769384232405", "event_type": "price_change"}}
{"_local_timestamp": "2026-01-25T23:37:20.096780+00:00", "data": {"market": "0xe83e55ee7c9cfda40e828fd11aef8b0261773a49553827376d3aac63b28d88dd", "price_changes": [{"asset_id": "99887310671509850314484982285887474127526700724858978238541410696173839762282", "price": "0.49", "size": "0", "side": "BUY", "hash": "b4b82cd3eaeb796011fc7229e5f858cd7f66fa6c", "best_bid": "0.5", "best_ask": "0.91"}, {"asset_id": "83305180123434328264942831061332161630642073183329159190029603770999556008804", "price": "0.51", "size": "0", "side": "SELL", "hash": "6aa59190d0bd779707950a1d20c68d8f56a4e681", "best_bid": "0.09", "best_ask": "0.5"}], "timestamp": "1769384240015", "event_type": "price_change"}}
{"_local_timestamp": "2026-01-25T23:37:21.124582+00:00", "data": {"market": "0xe83e55ee7c9cfda40e828fd11aef8b0261773a49553827376d3aac63b28d88dd", "price_changes": [{"asset_id": "99887310671509850314484982285887474127526700724858978238541410696173839762282", "price": "0.51", "size": "66.66", "side": "BUY", "hash": "56b89b76f44c74b629fc847ca8d5bc2aae0372e6", "best_bid": "0.51", "best_ask": "0.91"}, {"asset_id": "83305180123434328264942831061332161630642073183329159190029603770999556008804", "price": "0.49", "size": "66.66", "side": "SELL", "hash": "53d1374dcc830ed2063a56dba71a03691b34bfe4", "best_bid": "0.09", "best_ask": "0.49"}], "timestamp": "1769384241055", "event_type": "price_change"}}
{"_local_timestamp": "2026-01-25T23:37:38.361318+00:00", "data": {"market": "0xe83e55ee7c9cfda40e828fd11aef8b0261773a49553827376d3aac63b28d88dd", "price_changes": [{"asset_id": "99887310671509850314484982285887474127526700724858978238541410696173839762282", "price": "0.5", "size": "0", "side": "BUY", "hash": "36a9ec12a600b50c1a3c5ac8a705c2ce71ffb6b3", "best_bid": "0.51", "best_ask": "0.91"}, {"asset_id": "83305180123434328264942831061332161630642073183329159190029603770999556008804", "price": "0.5", "size": "0", "side": "SELL", "hash": "c8820ad0ca424d11cc3cd9f7a399a4ca972484fe", "best_bid": "0.09", "best_ask": "0.49"}], "timestamp": "1769384258286", "event_type": "price_change"}}
{"_local_timestamp": "2026-01-25T23:37:59.317645+00:00", "data": {"market": "0xe83e55ee7c9cfda40e828fd11aef8b0261773a49553827376d3aac63b28d88dd", "price_changes": [{"asset_id": "99887310671509850314484982285887474127526700724858978238541410696173839762282", "price": "0.03", "size": "700", "side": "BUY", "hash": "d86385aff10b4a6a0d4f026d43b08a2f484e9b91", "best_bid": "0.51", "best_ask": "0.91"}, {"asset_id": "83305180123434328264942831061332161630642073183329159190029603770999556008804", "price": "0.97", "size": "700", "side": "SELL", "hash": "fdd02123f02a9c0a757e846e302bee608eb4ee52", "best_bid": "0.09", "best_ask": "0.49"}], "timestamp": "1769384279236", "event_type": "price_change"}}
{"_local_timestamp": "2026-01-25T23:38:03.754601+00:00", "data": {"market": "0xe83e55ee7c9cfda40e828fd11aef8b0261773a49553827376d3aac63b28d88dd", "price_changes": [{"asset_id": "99887310671509850314484982285887474127526700724858978238541410696173839762282", "price": "0.23", "size": "0", "side": "BUY", "hash": "ac83cbd6bd24bb1f8df34cf4b09b552f810bc61b", "best_bid": "0.51", "best_ask": "0.91"}, {"asset_id": "83305180123434328264942831061332161630642073183329159190029603770999556008804", "price": "0.77", "size": "0", "side": "SELL", "hash": "d36d2752193c130d1710eb7c8262319e47c578c7", "best_bid": "0.09", "best_ask": "0.49"}], "timestamp": "1769384283672", "event_type": "price_change"}}
{"_local_timestamp": "2026-01-25T23:38:04.029456+00:00", "data": {"market": "0xe83e55ee7c9cfda40e828fd11aef8b0261773a49553827376d3aac63b28d88dd", "price_changes": [{"asset_id": "99887310671509850314484982285887474127526700724858978238541410696173839762282", "price": "0.24", "size": "237", "side": "BUY", "hash": "3bac7ca61af4a970c4ce842afa7cf428a7e1fd80", "best_bid": "0.51", "best_ask": "0.91"}, {"asset_id": "83305180123434328264942831061332161630642073183329159190029603770999556008804", "price": "0.76", "size": "237", "side": "SELL", "hash": "cace6b0628a45ef257e0d6ad3699bbb2df8ed71f", "best_bid": "0.09", "best_ask": "0.49"}], "timestamp": "1769384283937", "event_type": "price_change"}}
{"_local_timestamp": "2026-01-25T23:38:09.249533+00:00", "data": {"market": "0xe83e55ee7c9cfda40e828fd11aef8b0261773a49553827376d3aac63b28d88dd", "price_changes": [{"asset_id": "99887310671509850314484982285887474127526700724858978238541410696173839762282", "price": "0.03", "size": "0", "side": "BUY", "hash": "b62755d09f1866222e3a6ffe9967605ebd81f384", "best_bid": "0.51", "best_ask": "0.91"}, {"asset_id": "83305180123434328264942831061332161630642073183329159190029603770999556008804", "price": "0.97", "size": "0", "side": "SELL", "hash": "ee686fb7ee3c13c4c0db94378b5bb6845a37f59b", "best_bid": "0.09", "best_ask": "0.49"}], "timestamp": "1769384289173", "event_type": "price_change"}}
{"_local_timestamp": "2026-01-25T23:38:41.933056+00:00", "data": {"market": "0xe83e55ee7c9cfda40e828fd11aef8b0261773a49553827376d3aac63b28d88dd", "price_changes": [{"asset_id": "99887310671509850314484982285887474127526700724858978238541410696173839762282", "price": "0.03", "size": "700", "side": "BUY", "hash": "f4939510acbcb2ba18d34f569d09fea3351ba8af", "best_bid": "0.51", "best_ask": "0.91"}, {"asset_id": "83305180123434328264942831061332161630642073183329159190029603770999556008804", "price": "0.97", "size": "700", "side": "SELL", "hash": "4afd355f93aa073a1c20f839e1bd21826ee6b6b9", "best_bid": "0.09", "best_ask": "0.49"}], "timestamp": "1769384321813", "event_type": "price_change"}}
{"_local_timestamp": "2026-01-25T23:39:22.887146+00:00", "data": {"market": "0xe83e55ee7c9cfda40e828fd11aef8b0261773a49553827376d3aac63b28d88dd", "price_changes": [{"asset_id": "99887310671509850314484982285887474127526700724858978238541410696173839762282", "price": "0.23", "size": "100", "side": "BUY", "hash": "1ab0f0f13af119b18276c3f4c75e6aca59c43fb7", "best_bid": "0.51", "best_ask": "0.91"}, {"asset_id": "83305180123434328264942831061332161630642073183329159190029603770999556008804", "price": "0.77", "size": "100", "side": "SELL", "hash": "4646bdf811f4d0f049ac86a096b79eed9b370178", "best_bid": "0.09", "best_ask": "0.49"}], "timestamp": "1769384362699", "event_type": "price_change"}}
{"_local_timestamp": "2026-01-25T23:39:27.514554+00:00", "data": {"market": "0xe83e55ee7c9cfda40e828fd11aef8b0261773a49553827376d3aac63b28d88dd", "price_changes": [{"asset_id": "99887310671509850314484982285887474127526700724858978238541410696173839762282", "price": "0.13", "size": "550", "side": "BUY", "hash": "d43114d236e42af7093169f36f9e4b721017be83", "best_bid": "0.51", "best_ask": "0.91"}, {"asset_id": "83305180123434328264942831061332161630642073183329159190029603770999556008804", "price": "0.87", "size": "550", "side": "SELL", "hash": "5afac1bd1f078a432fdaa9f6824ecdb027b4ca5a", "best_bid": "0.09", "best_ask": "0.49"}], "timestamp": "1769384367439", "event_type": "price_change"}}
{"_local_timestamp": "2026-01-25T23:39:27.563569+00:00", "data": {"market": "0xe83e55ee7c9cfda40e828fd11aef8b0261773a49553827376d3aac63b28d88dd", "price_changes": [{"asset_id": "99887310671509850314484982285887474127526700724858978238541410696173839762282", "price": "0.27", "size": "7", "side": "BUY", "hash": "0efa346f5c2fec67fc627c0874bc171b21ba7a13", "best_bid": "0.51", "best_ask": "0.91"}, {"asset_id": "83305180123434328264942831061332161630642073183329159190029603770999556008804", "price": "0.73", "size": "7", "side": "SELL", "hash": "10f7decaddda810d4f69cb96cf0ea7d93930bdc6", "best_bid": "0.09", "best_ask": "0.49"}], "timestamp": "1769384367488", "event_type": "price_change"}}
{"_local_timestamp": "2026-01-25T23:40:03.901002+00:00", "data": {"market": "0xe83e55ee7c9cfda40e828fd11aef8b0261773a49553827376d3aac63b28d88dd", "price_changes": [{"asset_id": "99887310671509850314484982285887474127526700724858978238541410696173839762282", "price": "0.03", "size": "0", "side": "BUY", "hash": "8c96de1daa4b3f56becef9d4f99527a00548f5d6", "best_bid": "0.51", "best_ask": "0.91"}, {"asset_id": "83305180123434328264942831061332161630642073183329159190029603770999556008804", "price": "0.97", "size": "0", "side": "SELL", "hash": "72a9172709fa6d533528d27153c20ea8a2c2cf7a", "best_bid": "0.09", "best_ask": "0.49"}], "timestamp": "1769384403830", "event_type": "price_change"}}
{"_local_timestamp": "2026-01-25T23:40:04.528960+00:00", "data": {"market": "0xe83e55ee7c9cfda40e828fd11aef8b0261773a49553827376d3aac63b28d88dd", "price_changes": [{"asset_id": "99887310671509850314484982285887474127526700724858978238541410696173839762282", "price": "0.51", "size": "0", "side": "BUY", "hash": "e15a4e6c9a46cd949b19b78397aceb0906957c66", "best_bid": "0.48", "best_ask": "0.91"}, {"asset_id": "83305180123434328264942831061332161630642073183329159190029603770999556008804", "price": "0.49", "size": "0", "side": "SELL", "hash": "ac18cce7f6594c71fd7375ed965eb4f65833b563", "best_bid": "0.09", "best_ask": "0.52"}], "timestamp": "1769384404457", "event_type": "price_change"}}
{"_local_timestamp": "2026-01-25T23:40:04.592238+00:00", "data": {"market": "0xe83e55ee7c9cfda40e828fd11aef8b0261773a49553827376d3aac63b28d88dd", "price_changes": [{"asset_id": "99887310671509850314484982285887474127526700724858978238541410696173839762282", "price": "0.5", "size": "20", "side": "BUY", "hash": "d87312913195c68bb1d38ce8f25a8301eddade56", "best_bid": "0.5", "best_ask": "0.91"}, {"asset_id": "83305180123434328264942831061332161630642073183329159190029603770999556008804", "price": "0.5", "size": "20", "side": "SELL", "hash": "b5abf3a8e009c37ab2efa1b2183f68537d1f6939", "best_bid": "0.09", "best_ask": "0.5"}], "timestamp": "1769384404514", "event_type": "price_change"}}
{"_local_timestamp": "2026-01-25T23:40:05.272529+00:00", "data": {"market": "0xe83e55ee7c9cfda40e828fd11aef8b0261773a49553827376d3aac63b28d88dd", "price_changes": [{"asset_id": "99887310671509850314484982285887474127526700724858978238541410696173839762282", "price": "0.49", "size": "66.66", "side": "BUY", "hash": "763232c0e50ce46a2fa70540d8569f68c3a4cb59", "best_bid": "0.5", "best_ask": "0.91"}, {"asset_id": "83305180123434328264942831061332161630642073183329159190029603770999556008804", "price": "0.51", "size": "66.66", "side": "SELL", "hash": "3afd7b8bbfff6f6c00b59a308bb9b0266731e273", "best_bid": "0.09", "best_ask": "0.5"}], "timestamp": "1769384405188", "event_type": "price_change"}}
