{"_local_timestamp": "2026-01-25T23:33:26.946551+00:00", "data": [{"market": "0x3fb5cd695a1a69d9bdcdc56473fe939b1f5f746fd93d95678c2aacfd02ecc8f1", "asset_id": "14880392203916951367210594044346675783187280368615720213876603794661640957466", "timestamp": "1769383901914", "hash": "e5c828168e7b0cbb92369089ca19d6921e614875", "bids": [{"price": "0.01", "size": "3876.93"}, {"price": "0.02", "size": "300"}, {"price": "0.03", "size": "305.9"}, {"price": "0.04", "size": "200"}, {"price": "0.05", "size": "20"}, {"price": "0.06", "size": "33"}, {"price": "0.07", "size": "10.28"}, {"price": "0.11", "size": "225"}, {"price": "0.16", "size": "150"}, {"price": "0.21", "size": "100"}, {"price": "0.26", "size": "96"}, {"price": "0.27", "size": "66.66"}, {"price": "0.52", "size": "5"}, {"price": "0.53", "size": "66.66"}], "asks": [{"price": "0.99", "size": "62.9"}, {"price": "0.98", "size": "20.5"}, {"price": "0.97", "size": "20"}, {"price": "0.96", "size": "51.37"}, {"price": "0.95", "size": "43"}, {"price": "0.94", "size": "15.29"}, {"price": "0.92", "size": "77.76"}, {"price": "0.91", "size": "48.27"}], "event_type": "book", "last_trade_price": ""}, {"market": "0xe83e55ee7c9cfda40e828fd11aef8b0261773a49553827376d3aac63b28d88dd", "asset_id": "83305180123434328264942831061332161630642073183329159190029603770999556008804", "timestamp": "1769383977970", "hash": "a1caf945c85881360abcf128b11c536d8cace742", "bids": [{"price": "0.01", "size": "79.66"}, {"price": "0.02", "size": "39.44"}, {"price": "0.03", "size": "7.96"}, {"price": "0.04", "size": "66.66"}, {"price": "0.05", "size": "10.04"}, {"price": "0.09", "size": "77.76"}], "asks": [{"price": "0.99", "size": "5885.05"}, {"price": "0.98", "size": "2200"}, {"price": "0.97", "size": "711.13"}, {"price": "0.95", "size": "30"}, {"price": "0.94", "size": "733"}, {"price": "0.93", "size": "5.03"}, {"price": "0.87", "size": "565"}, {"price": "0.86", "size": "8.07"}, {"price": "0.8", "size": "400"}, {"price": "0.77", "size": "275"}, {"price": "0.74", "size": "66.66"}, {"price": "0.53", "size": "150"}, {"price": "0.52", "size": "20"}, {"price": "0.47", "size": "66.66"}], "event_type": "book", "last_trade_price": ""}, {"market": "0x3fb5cd695a1a69d9bdcdc56473fe939b1f5f746fd93d95678c2aacfd02ecc8f1", "asset_id": "12923354183562595822134003465069735214484232866602492426996044053528437947487", "timestamp": "1769383901914", "hash": "42c20fbf912e1afb2165994f7915c98e81dd394e", "bids": [{"price": "0.01", "size": "62.9"}, {"price": "0.02", "size": "20.5"}, {"price": "0.03", "size": "20"}, {"price": "0.04", "size": "51.37"}, {"price": "0.05", "size": "43"}, {"price": "0.06", "size": "15.29"}, {"price": "0.08", "size": "77.76"}, {"price": "0.09", "size": "48.27"}], "asks": [{"price": "0.99", "size": "3876.93"}, {"price": "0.98", "size": "300"}, {"price": "0.97", "size": "305.9"}, {"price": "0.96", "size": "200"}, {"price": "0.95", "size": "20"}, {"price": "0.94", "size": "33"}, {"price": "0.93", "size": "10.28"}, {"price": "0.89", "size": "225"}, {"price": "0.84", "size": "150"}, {"price": "0.79", "size": "100"}, {"price": "0.74", "size": "96"}, {"price": "0.73", "size": "66.66"}, {"price": "0.48", "size": "5"}, {"price": "0.47", "size": "66.66"}], "event_type": "book", "last_trade_price": ""}, {"market": "0xe83e55ee7c9cfda40e828fd11aef8b0261773a49553827376d3aac63b28d88dd", "asset_id": "99887310671509850314484982285887474127526700724858978238541410696173839762282", "timestamp": "1769383977970", "hash": "947e0ecb2d1bb62232925df473ecd5c5b65a9f8f", "bids": [{"price": "0.01", "size": "5885.05"}, {"price": "0.02", "size": "2200"}, {"price": "0.03", "size": "711.13"}, {"price": "0.05", "size": "30"}, {"price": "0.06", "size": "733"}, {"price": "0.07", "size": "5.03"}, {"price": "0.13", "size": "565"}, {"price": "0.14", "size": "8.07"}, {"price": "0.2", "size": "400"}, {"price": "0.23", "size": "275"}, {"price": "0.26", "size": "66.66"}, {"price": "0.47", "size": "150"}, {"price": "0.48", "size": "20"}, {"price": "0.53", "size": "66.66"}], "asks": [{"price": "0.99", "size": "79.66"}, {"price": "0.98", "size": "39.44"}, {"price": "0.97", "size": "7.96"}, {"price": "0.96", "size": "66.66"}, {"price": "0.95", "size": "10.04"}, {"price": "0.91", "size": "77.76"}], "event_type": "book", "last_trade_price": ""}]}
{"_local_timestamp": "2026-01-25T23:34:37.210093+00:00", "data": {"market": "0xe83e55ee7c9cfda40e828fd11aef8b0261773a49553827376d3aac63b28d88dd", "price_changes": [{"asset_id": "99887310671509850314484982285887474127526700724858978238541410696173839762282", "price": "0.53", "size": "0", "side": "BUY", "hash": "7e560171fef38b130b3777f35ec55ad70722a4f3", "best_bid": "0.48", "best_ask": "0.91"}, {"asset_id": "83305180123434328264942831061332161630642073183329159190029603770999556008804", "price": "0.47", "size": "0", "side": "SELL", "hash": "a0d0057879675b90c63057947b1cee3c63666b6f", "best_bid": "0.09", "best_ask": "0.52"}], "timestamp": "1769384077140", "event_type": "price_change"}}
{"_local_timestamp": "2026-01-25T23:34:37.779425+00:00", "data": {"market": "0xe83e55ee7c9cfda40e828fd11aef8b0261773a49553827376d3aac63b28d88dd", "price_changes": [{"asset_id": "99887310671509850314484982285887474127526700724858978238541410696173839762282", "price": "0.49", "size": "66.66", "side": "BUY", "hash": "ef4b61a65ca97e4ea2702ee40b438a58433b7e87", "best_bid": "0.49", "best_ask": "0.91"}, {"asset_id": "83305180123434328264942831061332161630642073183329159190029603770999556008804", "price": "0.51", "size": "66.66", "side": "SELL", "hash": "b88cce27f3bf0e6f564538e0c341dd09c4d1d357", "best_bid": "0.09", "best_ask": "0.51"}], "timestamp": "1769384077709", "event_type": "price_change"}}
