{"_local_timestamp": "2026-01-25T23:40:46.865546+00:00", "data": [{"market": "0x229aed454d0526124615ab92cd091dd7de9b28949947012681d4fdc6c58ed166", "asset_id": "31886955054051522449344753605915801889835444136190655891151372145557015548804", "timestamp": "1769368476719", "hash": "ec174bdf31a376b6ad4f402bad337ec05fc1f51c", "bids": [{"price": "0.01", "size": "60"}, {"price": "0.03", "size": "20"}, {"price": "0.05", "size": "20"}, {"price": "0.06", "size": "38.28"}], "asks": [{"price": "0.99", "size": "560"}, {"price": "0.98", "size": "450"}, {"price": "0.97", "size": "225"}, {"price": "0.95", "size": "30"}, {"price": "0.94", "size": "33"}], "event_type": "book", "last_trade_price": ""}, {"market": "0x405fee96f5a728542c17b2e099914396c5a8320bfa149369840fb790aa32d943", "asset_id": "104034696872066157560871871471245926963196373344443110573696058249222712777319", "timestamp": "1769382443613", "hash": "7b7f5fe085bc4a444bd23e681918b3b728e1add5", "bids": [{"price": "0.01", "size": "140"}, {"price": "0.03", "size": "5"}, {"price": "0.04", "size": "12"}, {"price": "0.05", "size": "20"}], "asks": [{"price": "0.99", "size": "560"}, {"price": "0.98", "size": "450"}, {"price": "0.97", "size": "250"}, {"price": "0.96", "size": "125"}, {"price": "0.95", "size": "30"}, {"price": "0.94", "size": "33"}, {"price": "0.93", "size": "28"}, {"price": "0.15", "size": "5"}], "event_type": "book", "last_trade_price": ""}, {"market": "0xece61557396045cc7e226f1bdf32576b47d98bedee5c614d70d1ae630f9eae89", "asset_id": "67891288086510117041294771119457304500910002270597711161669736451502997699203", "timestamp": "1769368476146", "hash": "ef7eb7b3ca22e953183efe9fc93eba2838d67e3c", "bids": [{"price": "0.01", "size": "60"}, {"price": "0.04", "size": "12"}, {"price": "0.05", "size": "20"}, {"price": "0.06", "size": "38.28"}], "asks": [{"price": "0.99", "size": "560"}, {"price": "0.98", "size": "450"}, {"price": "0.97", "size": "225"}, {"price": "0.95", "size": "30"}, {"price": "0.94", "size": "33"}], "event_type": "book", "last_trade_price": ""}, {"market": "0xcac9f47608210f824822b469e21a399def480ebbf9ba743e24b39cf8c19c5d5b", "asset_id": "24340294728401934779529881437684413756466887407911199954109422747155189548270", "timestamp": "1769368476718", "hash": "20a5fa7021de68436bb977074f62b14567018190", "bids": [{"price": "0.01", "size": "60"}, {"price": "0.05", "size": "20"}, {"price": "0.06", "size": "38.28"}], "asks": [{"price": "0.99", "size": "560"}, {"price": "0.98", "size": "450"}, {"price": "0.97", "size": "225"}, {"price": "0.95", "size": "30"}, {"price": "0.94", "size": "33"}], "event_type": "book", "last_trade_price": ""}, {"market": "0xec3d24382b52589cc00ef4fcb0e44af9369aef2814523220af6558706b304479", "asset_id": "102746317992066955725491689720087391313016275386365421426102824280976985136923", "timestamp": "1769384350516", "hash": "76a0a66ea751e25c62db7f52d8cb0d382d22ac6b", "bids": [{"price": "0.01", "size": "60"}, {"price": "0.03", "size": "79.2"}], "asks": [{"price": "0.99", "size": "560"}, {"price": "0.98", "size": "450"}, {"price": "0.97", "size": "250"}, {"price": "0.96", "size": "125"}, {"price": "0.95", "size": "30"}, {"price": "0.94", "size": "33"}], "event_type": "book", "last_trade_price": ""}, {"market": "0x848ac29b94a26b7fe9b303f2bc04275c3ea29b7450fa6005b9d4e5944cfe4473", "asset_id": "63007629275620315642521959693052124411777301607838953640163230367172949139360", "timestamp": "1769368476145", "hash": "64824afbe3211c9afac9eadae630c1f54c23bbf3", "bids": [{"price": "0.01", "size": "560"}, {"price": "0.02", "size": "450"}, {"price": "0.03", "size": "225"}, {"price": "0.05", "size": "10"}, {"price": "0.06", "size": "38.28"}], "asks": [{"price": "0.99", "size": "60"}, {"price": "0.95", "size": "20"}, {"price": "0.94", "size": "53"}], "event_type": "book", "last_trade_price": ""}, {"market": "0x5ad596848509d275f9516ac505811caf6970fd3e6479af9b4f9ebc9ab5b8e321", "asset_id": "64368042569434466486450837088570136648009932492174835254935032579331498872902", "timestamp": "1769368475095", "hash": "4ca8a2c5e93ea48397489402e094b5fae8934742", "bids": [{"price": "0.01", "size": "560"}, {"price": "0.02", "size": "450"}, {"price": "0.03", "size": "225"}, {"price": "0.05", "size": "30"}, {"price": "0.06", "size": "33"}], "asks": [{"price": "0.99", "size": "110"}, {"price": "0.98", "size": "62"}, {"price": "0.95", "size": "20"}, {"price": "0.94", "size": "38.28"}], "event_type": "book", "last_trade_price": ""}, {"market": "0x2f014831cfc5f9bc63ccb779a34c1c0c2fbb0ded1590677ba6cc2481dfa26619", "asset_id": "64238371282162180889786576727728132267398016308787457550573659142626503365218", "timestamp": "1769384163659", "hash": "d0969b2eaaaa0b7a1f3e681aac96578090631967", "bids": [{"price": "0.01", "size": "140"}], "asks": [{"price": "0.99", "size": "550"}, {"price": "0.98", "size": "450"}, {"price": "0.97", "size": "250"}, {"price": "0.96", "size": "125"}, {"price": "0.95", "size": "30"}, {"price": "0.94", "size": "33"}, {"price": "0.93", "size": "28"}, {"price": "0.09", "size": "50"}, {"price": "0.08", "size": "6.01"}], "event_type": "book", "last_trade_price": ""}, {"market": "0xb2618d8791c17560570dc30cb569601f5d9e7d7aaa0bf7ad067eb503446f387d", "asset_id": "53009789814014312478966017556312530972809959396425354232511690911192642846924", "timestamp": "1769368476144", "hash": "8d5d4a45335f2752737b07814174951b685f877c", "bids": [{"price": "0.01", "size": "560"}, {"price": "0.02", "size": "450"}, {"price": "0.03", "size": "225"}, {"price": "0.05", "size": "36"}, {"price": "0.06", "size": "39.6"}], "asks": [{"price": "0.99", "size": "110"}, {"price": "0.98", "size": "62"}, {"price": "0.95", "size": "20"}, {"price": "0.94", "size": "73.68"}], "event_type": "book", "last_trade_price": ""}, {"market": "0x7ae7f33ed479579a260373f6e3344cd63fb5cbbeb383eab3e7c29eec3a842a13", "asset_id": "43345549882705276839224163060451309911334107977165028239826587744578019724764", "timestamp": "1769368476144", "hash": "b876d334c2f60d9cab4f491649310d4d3d7db76b", "bids": [{"price": "0.01", "size": "60"}, {"price": "0.04", "size": "12"}, {"price": "0.05", "size": "20"}, {"price": "0.06", "size": "38.28"}], "asks": [{"price": "0.99", "size": "560"}, {"price": "0.98", "size": "450"}, {"price": "0.97", "size": "225"}, {"price": "0.95", "size": "30"}, {"price": "0.94", "size": "33"}], "event_type": "book", "last_trade_price": ""}, {"market": "0x750d142c486458d9b962c6f0dc71d65538b86e9020084f7552f6830457fca988", "asset_id": "20903915313418382848403196445395632365584623244229237381783782313688552263914", "timestamp": "1769373158134", "hash": "b10db01d9bc1d2a447867e3b2ef8a6f341c17d0a", "bids": [{"price": "0.01", "size": "60"}, {"price": "0.03", "size": "16"}, {"price": "0.05", "size": "20"}, {"price": "0.06", "size": "33"}], "asks": [{"price": "0.99", "size": "560"}, {"price": "0.98", "size": "450"}, {"price": "0.97", "size": "255"}, {"price": "0.95", "size": "10"}], "event_type": "book", "last_trade_price": ""}, {"market": "0x750d142c486458d9b962c6f0dc71d65538b86e9020084f7552f6830457fca988", "asset_id": "65169166676501224188953045210616352432406645909886765661019581613841288036613", "timestamp": "1769373158134", "hash": "22d3ab5d531bd26fbff4bc2d2f87bd6d0d94bd29", "bids": [{"price": "0.01", "size": "560"}, {"price": "0.02", "size": "450"}, {"price": "0.03", "size": "255"}, {"price": "0.05", "size": "10"}], "asks": [{"price": "0.99", "size": "60"}, {"price": "0.97", "size": "16"}, {"price": "0.95", "size": "20"}, {"price": "0.94", "size": "33"}], "event_type": "book", "last_trade_price": ""}, {"market": "0x730c3f45428a3539503b858e82ab9a5aa253d8e2b6c7cfcae9e127772326d44f", "asset_id": "107508776766598885197564407065181262559939236785989025165175384802898796745717", "timestamp": "1769368476146", "hash": "1ff033d5f092e48ccf2a4e30d61fb81848aacad8", "bids": [{"price": "0.01", "size": "60"}, {"price": "0.05", "size": "20"}, {"price": "0.06", "size": "33"}], "asks": [{"price": "0.99", "size": "560"}, {"price": "0.98", "size": "450"}, {"price": "0.97", "size": "225"}, {"price": "0.95", "size": "10"}, {"price": "0.94", "size": "38.28"}], "event_type": "book", "last_trade_price": ""}, {"market": "0xcc6c1645c147de90ad31d00923dafa8217eee62567ca41dfdea4906f14148e33", "asset_id": "100913918212516544277975554335454268244466611668401842857900097358920867261828", "timestamp": "1769368475095", "hash": "82c50fbe013ffcf1a13dc7a3c9c12063fb233709", "bids": [{"price": "0.01", "size": "560"}, {"price": "0.02", "size": "450"}, {"price": "0.03", "size": "225"}, {"price": "0.05", "size": "30"}, {"price": "0.06", "size": "33"}], "asks": [{"price": "0.99", "size": "60"}, {"price": "0.96", "size": "12"}, {"price": "0.95", "size": "20"}, {"price": "0.94", "size": "38.28"}], "event_type": "book", "last_trade_price": ""}, {"market": "0x86bf2991a79351b6dd39c2c8d7c9fb1a9223f4a8a3efd53f971003c8ca07a625", "asset_id": "62142174629721616923353409581233905879843272953608238618574405531386573136197", "timestamp": "1769384350516", "hash": "83d6db211dc15341bfef609882776bc70f8b338d", "bids": [{"price": "0.001", "size": "1389.99"}, {"price": "0.01", "size": "560"}, {"price": "0.011", "size": "200"}, {"price": "0.02", "size": "250"}, {"price": "0.03", "size": "266"}, {"price": "0.031", "size": "151.2"}, {"price": "0.042", "size": "23"}, {"price": "0.043", "size": "55.2"}], "asks": [{"price": "0.999", "size": "2780.99"}, {"price": "0.998", "size": "450"}, {"price": "0.997", "size": "166"}, {"price": "0.994", "size": "83"}, {"price": "0.99", "size": "110"}, {"price": "0.989", "size": "55"}, {"price": "0.98", "size": "50"}, {"price": "0.95", "size": "20"}, {"price": "0.949", "size": "45.24"}], "event_type": "book", "last_trade_price": ""}, {"market": "0x5ad596848509d275f9516ac505811caf6970fd3e6479af9b4f9ebc9ab5b8e321", "asset_id": "21356797707292827925544961814722296816720686031111674216550908366828373905281", "timestamp": "1769368475095", "hash": "2bcff515b0f5acc9afc3861bf496aeb04890cbd8", "bids": [{"price": "0.01", "size": "110"}, {"price": "0.02", "size": "62"}, {"price": "0.05", "size": "20"}, {"price": "0.06", "size": "38.28"}], "asks": [{"price": "0.99", "size": "560"}, {"price": "0.98", "size": "450"}, {"price": "0.97", "size": "225"}, {"price": "0.95", "size": "30"}, {"price": "0.94", "size": "33"}], "event_type": "book", "last_trade_price": ""}, {"market": "0x848ac29b94a26b7fe9b303f2bc04275c3ea29b7450fa6005b9d4e5944cfe4473", "asset_id": "113794674380369907321717454890270280765769817121867051358661198431460056463362", "timestamp": "1769368476145", "hash": "8288b6e07380ae9f00992dca87d271fc67adabfe", "bids": [{"price": "0.01", "size": "60"}, {"price": "0.05", "size": "20"}, {"price": "0.06", "size": "53"}], "asks": [{"price": "0.99", "size": "560"}, {"price": "0.98", "size": "450"}, {"price": "0.97", "size": "225"}, {"price": "0.95", "size": "10"}, {"price": "0.94", "size": "38.28"}], "event_type": "book", "last_trade_price": ""}, {"market": "0x0d91e7f198d5a2638f09f6f3d3bc85b7a6630131498e02e994ad4f183d4c08d6", "asset_id": "35381784031275867357310113424062163114657924054314087869509536352980648033284", "timestamp": "1769368476144", "hash": "017a99500ea2638a86d975dd2e499abfcf70eabb", "bids": [{"price": "0.01", "size": "560"}, {"price": "0.02", "size": "450"}, {"price": "0.03", "size": "225"}, {"price": "0.05", "size": "36"}, {"price": "0.06", "size": "38.28"}], "asks": [{"price": "0.99", "size": "60"}, {"price": "0.95", "size": "26"}, {"price": "0.94", "size": "61.48"}], "event_type": "book", "last_trade_price": ""}, {"market": "0xcc6c1645c147de90ad31d00923dafa8217eee62567ca41dfdea4906f14148e33", "asset_id": "51788908394771191390457938428792542077271400503467328100868906971604263298346", "timestamp": "1769368475095", "hash": "9673a11c9281751edf889b44f1efb7f7a1d4d0cf", "bids": [{"price": "0.01", "size": "60"}, {"price": "0.04", "size": "12"}, {"price": "0.05", "size": "20"}, {"price": "0.06", "size": "38.28"}], "asks": [{"price": "0.99", "size": "560"}, {"price": "0.98", "size": "450"}, {"price": "0.97", "size": "225"}, {"price": "0.95", "size": "30"}, {"price": "0.94", "size": "33"}], "event_type": "book", "last_trade_price": ""}, {"market": "0x6646113e4b744a197f4f3792745a3d60aca693b62fe9bc963d4d4ba3c914c942", "asset_id": "13404454275922483360431028243411700081363071148234088911222808624549237756561", "timestamp": "1769368475094", "hash": "2b6199b22df848f266f421ac282326770ab2187d", "bids": [{"price": "0.01", "size": "560"}, {"price": "0.02", "size": "450"}, {"price": "0.03", "size": "225"}, {"price": "0.05", "size": "30"}, {"price": "0.06", "size": "33"}], "asks": [{"price": "0.99", "size": "74.79"}, {"price": "0.98", "size": "26.15"}, {"price": "0.95", "size": "20"}, {"price": "0.94", "size": "43.76"}], "event_type": "book", "last_trade_price": ""}, {"market": "0x7b1a4868762d8605d883c8655df0f1b9ff9ad09f401a355c9607b1e94e4e0955", "asset_id": "39128260629827688006295887184497769346717633780459105579951588605728948301806", "timestamp": "1769368476718", "hash": "d908c3f47e6423c4d591f1e0a39c1d95607861c0", "bids": [{"price": "0.01", "size": "60"}, {"price": "0.05", "size": "20"}, {"price": "0.06", "size": "38.28"}], "asks": [{"price": "0.99", "size": "560"}, {"price": "0.98", "size": "450"}, {"price": "0.97", "size": "225"}, {"price": "0.95", "size": "36"}, {"price": "0.94", "size": "39.6"}], "event_type": "book", "last_trade_price": ""}, {"market": "0x7b1a4868762d8605d883c8655df0f1b9ff9ad09f401a355c9607b1e94e4e0955", "asset_id": "73162660863668176270673596167708878145146438488459663743687413915576417654240", "timestamp": "1769368476718", "hash": "dbacecc87e5571a7673fd32c51f84c81c4030a78", "bids": [{"price": "0.01", "size": "560"}, {"price": "0.02", "size": "450"}, {"price": "0.03", "size": "225"}, {"price": "0.05", "size": "36"}, {"price": "0.06", "size": "39.6"}], "asks": [{"price": "0.99", "size": "60"}, {"price": "0.95", "size": "20"}, {"price": "0.94", "size": "38.28"}], "event_type": "book", "last_trade_price": ""}, {"market": "0x0d91e7f198d5a2638f09f6f3d3bc85b7a6630131498e02e994ad4f183d4c08d6", "asset_id": "11189737711164069254655911434459119421757722962227455761281789023900727518536", "timestamp": "1769368476144", "hash": "f7a4bacf6e1438f8f7abf9a6b42ce2276b0d818d", "bids": [{"price": "0.01", "size": "60"}, {"price": "0.05", "size": "26"}, {"price": "0.06", "size": "61.48"}], "asks": [{"price": "0.99", "size": "560"}, {"price": "0.98", "size": "450"}, {"price": "0.97", "size": "225"}, {"price": "0.95", "size": "36"}, {"price": "0.94", "size": "38.28"}], "event_type": "book", "last_trade_price": ""}, {"market": "0x730c3f45428a3539503b858e82ab9a5aa253d8e2b6c7cfcae9e127772326d44f", "asset_id": "13060107345600365617611137601134715418925617012939854234043208186069131375468", "timestamp": "1769368476146", "hash": "156d51e09be7d58300633b16b4f432010f02768f", "bids": [{"price": "0.01", "size": "560"}, {"price": "0.02", "size": "450"}, {"price": "0.03", "size": "225"}, {"price": "0.05", "size": "10"}, {"price": "0.06", "size": "38.28"}], "asks": [{"price": "0.99", "size": "60"}, {"price": "0.95", "size": "20"}, {"price": "0.94", "size": "33"}], "event_type": "book", "last_trade_price": ""}, {"market": "0xece61557396045cc7e226f1bdf32576b47d98bedee5c614d70d1ae630f9eae89", "asset_id": "105368279473967833551669393454850173442418869321204010579059809042853581471046", "timestamp": "1769368476146", "hash": "fd40c79f5145d16b72743a1bf34a88db99017375", "bids": [{"price": "0.01", "size": "560"}, {"price": "0.02", "size": "450"}, {"price": "0.03", "size": "225"}, {"price": "0.05", "size": "30"}, {"price": "0.06", "size": "33"}], "asks": [{"price": "0.99", "size": "60"}, {"price": "0.96", "size": "12"}, {"price": "0.95", "size": "20"}, {"price": "0.94", "size": "38.28"}], "event_type": "book", "last_trade_price": ""}, {"market": "0x5169848dd283d3b9abff23d4a8f57083621469574933f4930a6813e15fb88952", "asset_id": "52886424158591167102182243689372576448167542025124531033038685752766497559749", "timestamp": "1769384350423", "hash": "90a86c810084d84d9e988021d219b4f3b03e9a38", "bids": [{"price": "0.01", "size": "560"}, {"price": "0.02", "size": "700"}], "asks": [{"price": "0.99", "size": "60"}, {"price": "0.95", "size": "20"}, {"price": "0.94", "size": "33"}, {"price": "0.93", "size": "5"}, {"price": "0.92", "size": "6.04"}], "event_type": "book", "last_trade_price": ""}, {"market": "0xcac9f47608210f824822b469e21a399def480ebbf9ba743e24b39cf8c19c5d5b", "asset_id": "41565377258988161488938703383396692121885048943889812841126299971366312846784", "timestamp": "1769368476718", "hash": "be185986d5b6fe8b88c8b076510db9d40747a3bf", "bids": [{"price": "0.01", "size": "560"}, {"price": "0.02", "size": "450"}, {"price": "0.03", "size": "225"}, {"price": "0.05", "size": "30"}, {"price": "0.06", "size": "33"}], "asks": [{"price": "0.99", "size": "60"}, {"price": "0.95", "size": "20"}, {"price": "0.94", "size": "38.28"}], "event_type": "book", "last_trade_price": ""}, {"market": "0x7ae7f33ed479579a260373f6e3344cd63fb5cbbeb383eab3e7c29eec3a842a13", "asset_id": "65656355202578461497779615944252652320989051582344960533952728112855683387516", "timestamp": "1769368476144", "hash": "58d4cff74b27cd1e1c0b492869ccdae7c329136e", "bids": [{"price": "0.01", "size": "560"}, {"price": "0.02", "size": "450"}, {"price": "0.03", "size": "225"}, {"price": "0.05", "size": "30"}, {"price": "0.06", "size": "33"}], "asks": [{"price": "0.99", "size": "60"}, {"price": "0.96", "size": "12"}, {"price": "0.95", "size": "20"}, {"price": "0.94", "size": "38.28"}], "event_type": "book", "last_trade_price": ""}, {"market": "0xb2618d8791c17560570dc30cb569601f5d9e7d7aaa0bf7ad067eb503446f387d", "asset_id": "17895537664227779778527915714020407696359465960299741232100044310196721217629", "timestamp": "1769368476144", "hash": "64e46bcf98ca5b4243bfbf22acc52df2a61d1854", "bids": [{"price": "0.01", "size": "110"}, {"price": "0.02", "size": "62"}, {"price": "0.05", "size": "20"}, {"price": "0.06", "size": "73.68"}], "asks": [{"price": "0.99", "size": "560"}, {"price": "0.98", "size": "450"}, {"price": "0.97", "size": "225"}, {"price": "0.95", "size": "36"}, {"price": "0.94", "size": "39.6"}], "event_type": "book", "last_trade_price": ""}, {"market": "0x86bf2991a79351b6dd39c2c8d7c9fb1a9223f4a8a3efd53f971003c8ca07a625", "asset_id": "65918395468236841764959970978682011581810653583733767944441346228091258617648", "timestamp": "1769384350516", "hash": "3e9cd8d59448c95574b27db2048d6863089638eb", "bids": [{"price": "0.001", "size": "2780.99"}, {"price": "0.002", "size": "450"}, {"price": "0.003", "size": "166"}, {"price": "0.006", "size": "83"}, {"price": "0.01", "size": "110"}, {"price": "0.011", "size": "55"}, {"price": "0.02", "size": "50"}, {"price": "0.05", "size": "20"}, {"price": "0.051", "size": "45.24"}], "asks": [{"price": "0.999", "size": "1389.99"}, {"price": "0.99", "size": "560"}, {"price": "0.989", "size": "200"}, {"price": "0.98", "size": "250"}, {"price": "0.97", "size": "266"}, {"price": "0.969", "size": "151.2"}, {"price": "0.958", "size": "23"}, {"price": "0.957", "size": "55.2"}], "event_type": "book", "last_trade_price": ""}, {"market": "0x2f014831cfc5f9bc63ccb779a34c1c0c2fbb0ded1590677ba6cc2481dfa26619", "asset_id": "41935405043283197785318013494205074245520201358827558517159779232041792210588", "timestamp": "1769384163659", "hash": "543c565ffdfd939bd7e7734d8aeaad3ee4e37121", "bids": [{"price": "0.01", "size": "550"}, {"price": "0.02", "size": "450"}, {"price": "0.03", "size": "250"}, {"price": "0.04", "size": "125"}, {"price": "0.05", "size": "30"}, {"price": "0.06", "size": "33"}, {"price": "0.07", "size": "28"}, {"price": "0.91", "size": "50"}, {"price": "0.92", "size": "6.01"}], "asks": [{"price": "0.99", "size": "140"}], "event_type": "book", "last_trade_price": ""}, {"market": "0x5169848dd283d3b9abff23d4a8f57083621469574933f4930a6813e15fb88952", "asset_id": "39892738210969745640436008668779577634355951035638509814901472210791627965599", "timestamp": "1769384350423", "hash": "95072470cf432f483055cf6991403ec9e3f2b15e", "bids": [{"price": "0.01", "size": "60"}, {"price": "0.05", "size": "20"}, {"price": "0.06", "size": "33"}, {"price": "0.07", "size": "5"}, {"price": "0.08", "size": "6.04"}], "asks": [{"price": "0.99", "size": "560"}, {"price": "0.98", "size": "700"}], "event_type": "book", "last_trade_price": ""}, {"market": "0x405fee96f5a728542c17b2e099914396c5a8320bfa149369840fb790aa32d943", "asset_id": "58625169242224906197411147875262619811339686211244447202866316836716272904065", "timestamp": "1769382443613", "hash": "5262ffb997f7c0a78b1dc8d68f6fcd809a2ddac8", "bids": [{"price": "0.01", "size": "560"}, {"price": "0.02", "size": "450"}, {"price": "0.03", "size": "250"}, {"price": "0.04", "size": "125"}, {"price": "0.05", "size": "30"}, {"price": "0.06", "size": "33"}, {"price": "0.07", "size": "28"}, {"price": "0.85", "size": "5"}], "asks": [{"price": "0.99", "size": "140"}, {"price": "0.97", "size": "5"}, {"price": "0.96", "size": "12"}, {"price": "0.95", "size": "20"}], "event_type": "book", "last_trade_price": ""}, {"market": "0x4c741afbc5146686871cd1e0f26593cbcd1ae458ae692bb1e841302b2358374c", "asset_id": "71949901560887495160941718072723545427697484818772489804030010360043279152968", "timestamp": "1769368476144", "hash": "16086e220061ba5cbdcd1b75782c55773e1b9e80", "bids": [{"price": "0.01", "size": "60"}, {"price": "0.05", "size": "20"}, {"price": "0.06", "size": "61.48"}], "asks": [{"price": "0.99", "size": "574.79"}, {"price": "0.98", "size": "463.72"}, {"price": "0.97", "size": "225"}, {"price": "0.96", "size": "6.21"}, {"price": "0.95", "size": "36"}, {"price": "0.94", "size": "45.08"}], "event_type": "book", "last_trade_price": ""}, {"market": "0xec3d24382b52589cc00ef4fcb0e44af9369aef2814523220af6558706b304479", "asset_id": "78228772912569776817430569462254893240322609517880204615694625256699490428212", "timestamp": "1769384350516", "hash": "c23d4ba7d7d8040829f43366ad7eccc847a12f09", "bids": [{"price": "0.01", "size": "560"}, {"price": "0.02", "size": "450"}, {"price": "0.03", "size": "250"}, {"price": "0.04", "size": "125"}, {"price": "0.05", "size": "30"}, {"price": "0.06", "size": "33"}], "asks": [{"price": "0.99", "size": "60"}, {"price": "0.97", "size": "79.2"}], "event_type": "book", "last_trade_price": ""}, {"market": "0xb0d5271060a491d480b334fb58afa405fc75d3a7e877d319820356d708f06d95", "asset_id": "109809183312962241688869530271189132957041291538592986184024509123587632864039", "timestamp": "1769373158134", "hash": "28d198091149dcc96699c976ce7eb1c3ba459548", "bids": [{"price": "0.01", "size": "60"}, {"price": "0.03", "size": "16"}, {"price": "0.05", "size": "20"}, {"price": "0.06", "size": "53"}], "asks": [{"price": "0.99", "size": "1050"}, {"price": "0.98", "size": "450"}, {"price": "0.97", "size": "245"}, {"price": "0.95", "size": "46.4"}], "event_type": "book", "last_trade_price": ""}, {"market": "0x4c741afbc5146686871cd1e0f26593cbcd1ae458ae692bb1e841302b2358374c", "asset_id": "93017442886318663192891053665610488228594250171030356905340612374339113147416", "timestamp": "1769368476144", "hash": "17f1d032c516b650a0ee945d49d8a6230128f48c", "bids": [{"price": "0.01", "size": "574.79"}, {"price": "0.02", "size": "463.72"}, {"price": "0.03", "size": "225"}, {"price": "0.04", "size": "6.21"}, {"price": "0.05", "size": "36"}, {"price": "0.06", "size": "45.08"}], "asks": [{"price": "0.99", "size": "60"}, {"price": "0.95", "size": "20"}, {"price": "0.94", "size": "61.48"}], "event_type": "book", "last_trade_price": ""}, {"market": "0x6646113e4b744a197f4f3792745a3d60aca693b62fe9bc963d4d4ba3c914c942", "asset_id": "64058807040066388535980325224655467876194958581371969741085660749560335210613", "timestamp": "1769368475094", "hash": "44508a25a9d4c2adac57e508dc53552a69c5dae0", "bids": [{"price": "0.01", "size": "74.79"}, {"price": "0.02", "size": "26.15"}, {"price": "0.05", "size": "20"}, {"price": "0.06", "size": "43.76"}], "asks": [{"price": "0.99", "size": "560"}, {"price": "0.98", "size": "450"}, {"price": "0.97", "size": "225"}, {"price": "0.95", "size": "30"}, {"price": "0.94", "size": "33"}], "event_type": "book", "last_trade_price": ""}, {"market": "0x229aed454d0526124615ab92cd091dd7de9b28949947012681d4fdc6c58ed166", "asset_id": "44385340793849278177746917603010318075514705448303506222670847750883535365039", "timestamp": "1769368476719", "hash": "c9bb4fa7732b65c290928b3bbf681811ff2cd9e3", "bids": [{"price": "0.01", "size": "560"}, {"price": "0.02", "size": "450"}, {"price": "0.03", "size": "225"}, {"price": "0.05", "size": "30"}, {"price": "0.06", "size": "33"}], "asks": [{"price": "0.99", "size": "60"}, {"price": "0.97", "size": "20"}, {"price": "0.95", "size": "20"}, {"price": "0.94", "size": "38.28"}], "event_type": "book", "last_trade_price": ""}, {"market": "0xb0d5271060a491d480b334fb58afa405fc75d3a7e877d319820356d708f06d95", "asset_id": "72932737121407105841104580343303501001970342101203186217005368382950794932678", "timestamp": "1769373158134", "hash": "9068a3dc6179a2adcf4e07cbcb289f70e0746fef", "bids": [{"price": "0.01", "size": "1050"}, {"price": "0.02", "size": "450"}, {"price": "0.03", "size": "245"}, {"price": "0.05", "size": "46.4"}], "asks": [{"price": "0.99", "size": "60"}, {"price": "0.97", "size": "16"}, {"price": "0.95", "size": "20"}, {"price": "0.94", "size": "53"}], "event_type": "book", "last_trade_price": ""}]}
{"_local_timestamp": "2026-01-25T23:42:07.336676+00:00", "data": {"market": "0x5169848dd283d3b9abff23d4a8f57083621469574933f4930a6813e15fb88952", "price_changes": [{"asset_id": "52886424158591167102182243689372576448167542025124531033038685752766497559749", "price": "0.03", "size": "39.99", "side": "BUY", "hash": "933f29fdecd2e448ac3de50c82d19f3ab977c8d6", "best_bid": "0.03", "best_ask": "0.92"}, {"asset_id": "39892738210969745640436008668779577634355951035638509814901472210791627965599", "price": "0.97", "size": "39.99", "side": "SELL", "hash": "2c6724e1a6602c2c8929812d9ad684646795f712", "best_bid": "0.08", "best_ask": "0.97"}], "timestamp": "1769384527262", "event_type": "price_change"}}
{"_local_timestamp": "2026-01-25T23:42:07.337677+00:00", "data": {"market": "0x86bf2991a79351b6dd39c2c8d7c9fb1a9223f4a8a3efd53f971003c8ca07a625", "price_changes": [{"asset_id": "62142174629721616923353409581233905879843272953608238618574405531386573136197", "price": "0.044", "size": "27.27", "side": "BUY", "hash": "ee978bcbca22813e3ad6c0a8294ff452ede39ccd", "best_bid": "0.044", "best_ask": "0.949"}, {"asset_id": "65918395468236841764959970978682011581810653583733767944441346228091258617648", "price": "0.956", "size": "27.27", "side": "SELL", "hash": "daa1f74aec2427cb3adda32309e62524d79be768", "best_bid": "0.051", "best_ask": "0.956"}], "timestamp": "1769384527262", "event_type": "price_change"}}
{"_local_timestamp": "2026-01-25T23:42:07.338092+00:00", "data": {"market": "0xec3d24382b52589cc00ef4fcb0e44af9369aef2814523220af6558706b304479", "price_changes": [{"asset_id": "102746317992066955725491689720087391313016275386365421426102824280976985136923", "price": "0.04", "size": "29.99", "side": "BUY", "hash": "01d1fc198de586228210cec6fa039112f977a7eb", "best_bid": "0.04", "best_ask": "0.94"}, {"asset_id": "78228772912569776817430569462254893240322609517880204615694625256699490428212", "price": "0.96", "size": "29.99", "side": "SELL", "hash": "91214c975d705fa84aebfdfd2cf505337d0245ec", "best_bid": "0.06", "best_ask": "0.96"}], "timestamp": "1769384527262", "event_type": "price_change"}}
{"_local_timestamp": "2026-01-25T23:42:07.338429+00:00", "data": {"market": "0x2f014831cfc5f9bc63ccb779a34c1c0c2fbb0ded1590677ba6cc2481dfa26619", "price_changes": [{"asset_id": "64238371282162180889786576727728132267398016308787457550573659142626503365218", "price": "0.02", "size": "59.99", "side": "BUY", "hash": "a21060b12c30baf4e72bcb4b92c9ff84dfc75b4c", "best_bid": "0.02", "best_ask": "0.08"}, {"asset_id": "41935405043283197785318013494205074245520201358827558517159779232041792210588", "price": "0.98", "size": "59.99", "side": "SELL", "hash": "1599124160ce936112fee6707c88d3694d9ddb52", "best_bid": "0.92", "best_ask": "0.98"}], "timestamp": "1769384527262", "event_type": "price_change"}}
{"_local_timestamp": "2026-01-25T23:42:07.338731+00:00", "data": {"market": "0x86bf2991a79351b6dd39c2c8d7c9fb1a9223f4a8a3efd53f971003c8ca07a625", "price_changes": [{"asset_id": "65918395468236841764959970978682011581810653583733767944441346228091258617648", "price": "0.052", "size": "23.07", "side": "BUY", "hash": "8ddedc99a8985cffa8f7756216618b8dfb51830b", "best_bid": "0.052", "best_ask": "0.956"}, {"asset_id": "62142174629721616923353409581233905879843272953608238618574405531386573136197", "price": "0.948", "size": "23.07", "side": "SELL", "hash": "a16fa35de7cd183ad5dbfa71d6fdd4717923daa7", "best_bid": "0.044", "best_ask": "0.948"}], "timestamp": "1769384527263", "event_type": "price_change"}}
{"_local_timestamp": "2026-01-25T23:43:34.717720+00:00", "data": {"market": "0x2f014831cfc5f9bc63ccb779a34c1c0c2fbb0ded1590677ba6cc2481dfa26619", "price_changes": [{"asset_id": "64238371282162180889786576727728132267398016308787457550573659142626503365218", "price": "0.02", "size": "0", "side": "BUY", "hash": "f65fa78d079e91983c12b16a12705ac57e004874", "best_bid": "0.01", "best_ask": "0.08"}, {"asset_id": "41935405043283197785318013494205074245520201358827558517159779232041792210588", "price": "0.98", "size": "0", "side": "SELL", "hash": "9b9da1565ba7e873cb8002552660a9642c693b31", "best_bid": "0.92", "best_ask": "0.99"}], "timestamp": "1769384614624", "event_type": "price_change"}}
{"_local_timestamp": "2026-01-25T23:45:09.161905+00:00", "data": {"market": "0x5169848dd283d3b9abff23d4a8f57083621469574933f4930a6813e15fb88952", "price_changes": [{"asset_id": "52886424158591167102182243689372576448167542025124531033038685752766497559749", "price": "0.03", "size": "0", "side": "BUY", "hash": "811eeba5d57687eee1d60fcfd88f00dd20ea6c10", "best_bid": "0.02", "best_ask": "0.92"}, {"asset_id": "39892738210969745640436008668779577634355951035638509814901472210791627965599", "price": "0.97", "size": "0", "side": "SELL", "hash": "d39cefc5be3874bfac068f72b46ac2aff467f253", "best_bid": "0.08", "best_ask": "0.98"}], "timestamp": "1769384709079", "event_type": "price_change"}}
{"_local_timestamp": "2026-01-25T23:45:09.162833+00:00", "data": {"market": "0xec3d24382b52589cc00ef4fcb0e44af9369aef2814523220af6558706b304479", "price_changes": [{"asset_id": "102746317992066955725491689720087391313016275386365421426102824280976985136923", "price": "0.04", "size": "0", "side": "BUY", "hash": "e59a1d5c55ff21647d4cbc189917b6ffb5329887", "best_bid": "0.03", "best_ask": "0.94"}, {"asset_id": "78228772912569776817430569462254893240322609517880204615694625256699490428212", "price": "0.96", "size": "0", "side": "SELL", "hash": "172b3189b6222417628dd9a84de41738d70dc30c", "best_bid": "0.06", "best_ask": "0.97"}], "timestamp": "1769384709079", "event_type": "price_change"}}
{"_local_timestamp": "2026-01-25T23:45:09.163168+00:00", "data": {"market": "0x86bf2991a79351b6dd39c2c8d7c9fb1a9223f4a8a3efd53f971003c8ca07a625", "price_changes": [{"asset_id": "65918395468236841764959970978682011581810653583733767944441346228091258617648", "price": "0.052", "size": "0", "side": "BUY", "hash": "2deb66d01b07bdd529e285cb7f1cfa3106924b6e", "best_bid": "0.051", "best_ask": "0.956"}, {"asset_id": "62142174629721616923353409581233905879843272953608238618574405531386573136197", "price": "0.948", "size": "0", "side": "SELL", "hash": "dcd4f66d7bbe25b680498c830a0dfc70e8ae31fe", "best_bid": "0.044", "best_ask": "0.949"}], "timestamp": "1769384709079", "event_type": "price_change"}}
{"_local_timestamp": "2026-01-25T23:45:09.163469+00:00", "data": {"market": "0x86bf2991a79351b6dd39c2c8d7c9fb1a9223f4a8a3efd53f971003c8ca07a625", "price_changes": [{"asset_id": "62142174629721616923353409581233905879843272953608238618574405531386573136197", "price": "0.044", "size": "0", "side": "BUY", "hash": "2008d47c8b017422f92453e15f83ce92a3345fca", "best_bid": "0.043", "best_ask": "0.949"}, {"asset_id": "65918395468236841764959970978682011581810653583733767944441346228091258617648", "price": "0.956", "size": "0", "side": "SELL", "hash": "39e419be2aa5b2b2c2a445f3404d96399cc97510", "best_bid": "0.051", "best_ask": "0.957"}], "timestamp": "1769384709079", "event_type": "price_change"}}
