{"_local_timestamp": "2026-01-25T23:40:38.242489+00:00", "data": [{"market": "0x576b5f5f1ec1fb585d195f3310148efabbd11ec45679b7835228fb3431c648a4", "asset_id": "70963008880021254228771190647726911759536509259304029983946935833811359615992", "timestamp": "1769384436160", "hash": "a01a88d8b7e1849be3e25d2d5d2ff952ad7ff35a", "bids": [{"price": "0.01", "size": "3578.03"}, {"price": "0.02", "size": "1311.61"}, {"price": "0.03", "size": "166"}, {"price": "0.04", "size": "255.41"}, {"price": "0.05", "size": "30"}, {"price": "0.06", "size": "33"}, {"price": "0.07", "size": "5.77"}, {"price": "0.08", "size": "125"}, {"price": "0.09", "size": "200"}, {"price": "0.1", "size": "400"}, {"price": "0.11", "size": "9.39"}, {"price": "0.14", "size": "66.66"}, {"price": "0.17", "size": "39"}, {"price": "0.19", "size": "19"}, {"price": "0.2", "size": "20"}, {"price": "0.23", "size": "145.66"}], "asks": [{"price": "0.99", "size": "130.82"}, {"price": "0.98", "size": "27.25"}, {"price": "0.97", "size": "48.33"}], "event_type": "book", "last_trade_price": ""}, {"market": "0x3aa954bfa31f711f5931faf1c10c348c836489775295df087999120eeacccd55", "asset_id": "84130229918953255589546529005358461415977072942576966891079344531781581735938", "timestamp": "1769384079680", "hash": "06ec8cb338cf019fb6833ba5cce92a5878847f4e", "bids": [{"price": "0.01", "size": "5607.34"}, {"price": "0.02", "size": "2307.21"}, {"price": "0.03", "size": "200"}, {"price": "0.04", "size": "357.96"}, {"price": "0.05", "size": "230"}, {"price": "0.06", "size": "733"}, {"price": "0.07", "size": "100"}, {"price": "0.08", "size": "125"}, {"price": "0.09", "size": "5.43"}, {"price": "0.11", "size": "225"}, {"price": "0.16", "size": "200"}, {"price": "0.18", "size": "10"}, {"price": "0.19", "size": "25.12"}, {"price": "0.37", "size": "100"}, {"price": "0.38", "size": "5"}, {"price": "0.72", "size": "5"}], "asks": [{"price": "0.99", "size": "72.58"}, {"price": "0.98", "size": "25.75"}, {"price": "0.97", "size": "79.54"}, {"price": "0.95", "size": "56.16"}], "event_type": "book", "last_trade_price": ""}, {"market": "0xd426b5e37b1adeb4a30ed0ece09fe70b5ca0aee2392a43c97b18af26b3fec447", "asset_id": "31903753668568580194519745519436307034343004688882823786562874898525719905121", "timestamp": "1769384421401", "hash": "4ed8e90b645c196a7240840a5e0e17256de935f2", "bids": [{"price": "0.01", "size": "2505"}, {"price": "0.02", "size": "100"}, {"price": "0.03", "size": "373.86"}, {"price": "0.04", "size": "100"}, {"price": "0.05", "size": "720"}, {"price": "0.06", "size": "33"}, {"price": "0.07", "size": "5.72"}, {"price": "0.11", "size": "66.66"}, {"price": "0.12", "size": "33"}, {"price": "0.21", "size": "100"}, {"price": "0.22", "size": "66.66"}], "asks": [{"price": "0.99", "size": "1016.93"}, {"price": "0.98", "size": "669.61"}, {"price": "0.97", "size": "330.32"}, {"price": "0.96", "size": "350"}, {"price": "0.95", "size": "315.76"}, {"price": "0.94", "size": "152.18"}, {"price": "0.93", "size": "7.4"}, {"price": "0.92", "size": "125"}, {"price": "0.9", "size": "103.18"}, {"price": "0.89", "size": "5.01"}, {"price": "0.86", "size": "59.32"}], "event_type": "book", "last_trade_price": ""}, {"market": "0xd426b5e37b1adeb4a30ed0ece09fe70b5ca0aee2392a43c97b18af26b3fec447", "asset_id": "52087909301984001009522958878332816194878042148980764948870893996379225172213", "timestamp": "1769384421401", "hash": "683b0fa394b57c91d6bd9b3e054f67fcdf762068", "bids": [{"price": "0.01", "size": "1016.93"}, {"price": "0.02", "size": "669.61"}, {"price": "0.03", "size": "330.32"}, {"price": "0.04", "size": "350"}, {"price": "0.05", "size": "315.76"}, {"price": "0.06", "size": "152.18"}, {"price": "0.07", "size": "7.4"}, {"price": "0.08", "size": "125"}, {"price": "0.1", "size": "103.18"}, {"price": "0.11", "size": "5.01"}, {"price": "0.14", "size": "59.32"}], "asks": [{"price": "0.99", "size": "2505"}, {"price": "0.98", "size": "100"}, {"price": "0.97", "size": "373.86"}, {"price": "0.96", "size": "100"}, {"price": "0.95", "size": "720"}, {"price": "0.94", "size": "33"}, {"price": "0.93", "size": "5.72"}, {"price": "0.89", "size": "66.66"}, {"price": "0.88", "size": "33"}, {"price": "0.79", "size": "100"}, {"price": "0.78", "size": "66.66"}], "event_type": "book", "last_trade_price": ""}, {"market": "0x3aa954bfa31f711f5931faf1c10c348c836489775295df087999120eeacccd55", "asset_id": "31950047046821617093336746536010818826785645498651968760645249476800296107002", "timestamp": "1769384079680", "hash": "08c7a01f8648e1bcb44ebc6d0b79b3ec5ce511fe", "bids": [{"price": "0.01", "size": "72.58"}, {"price": "0.02", "size": "25.75"}, {"price": "0.03", "size": "79.54"}, {"price": "0.05", "size": "56.16"}], "asks": [{"price": "0.99", "size": "5607.34"}, {"price": "0.98", "size": "2307.21"}, {"price": "0.97", "size": "200"}, {"price": "0.96", "size": "357.96"}, {"price": "0.95", "size": "230"}, {"price": "0.94", "size": "733"}, {"price": "0.93", "size": "100"}, {"price": "0.92", "size": "125"}, {"price": "0.91", "size": "5.43"}, {"price": "0.89", "size": "225"}, {"price": "0.84", "size": "200"}, {"price": "0.82", "size": "10"}, {"price": "0.81", "size": "25.12"}, {"price": "0.63", "size": "100"}, {"price": "0.62", "size": "5"}, {"price": "0.28", "size": "5"}], "event_type": "book", "last_trade_price": ""}, {"market": "0x576b5f5f1ec1fb585d195f3310148efabbd11ec45679b7835228fb3431c648a4", "asset_id": "41480954438913063970197792021573332585554410838284506333996743209224990064024", "timestamp": "1769384436160", "hash": "24a13b44988e7a7b6243b410400f25681b8dd136", "bids": [{"price": "0.01", "size": "130.82"}, {"price": "0.02", "size": "27.25"}, {"price": "0.03", "size": "48.33"}], "asks": [{"price": "0.99", "size": "3578.03"}, {"price": "0.98", "size": "1311.61"}, {"price": "0.97", "size": "166"}, {"price": "0.96", "size": "255.41"}, {"price": "0.95", "size": "30"}, {"price": "0.94", "size": "33"}, {"price": "0.93", "size": "5.77"}, {"price": "0.92", "size": "125"}, {"price": "0.91", "size": "200"}, {"price": "0.9", "size": "400"}, {"price": "0.89", "size": "9.39"}, {"price": "0.86", "size": "66.66"}, {"price": "0.83", "size": "39"}, {"price": "0.81", "size": "19"}, {"price": "0.8", "size": "20"}, {"price": "0.77", "size": "145.66"}], "event_type": "book", "last_trade_price": ""}]}
{"_local_timestamp": "2026-01-25T23:40:43.183413+00:00", "data": {"market": "0x576b5f5f1ec1fb585d195f3310148efabbd11ec45679b7835228fb3431c648a4", "price_changes": [{"asset_id": "70963008880021254228771190647726911759536509259304029983946935833811359615992", "price": "0.25", "size": "20", "side": "BUY", "hash": "41636af48f555702590377750a981bd9af504da3", "best_bid": "0.25", "best_ask": "0.97"}, {"asset_id": "41480954438913063970197792021573332585554410838284506333996743209224990064024", "price": "0.75", "size": "20", "side": "SELL", "hash": "94cbdcfdd3be462a594a19e356787d140dac7b7b", "best_bid": "0.03", "best_ask": "0.75"}], "timestamp": "1769384443116", "event_type": "price_change"}}
{"_local_timestamp": "2026-01-25T23:40:52.965313+00:00", "data": {"market": "0x576b5f5f1ec1fb585d195f3310148efabbd11ec45679b7835228fb3431c648a4", "price_changes": [{"asset_id": "70963008880021254228771190647726911759536509259304029983946935833811359615992", "price": "0.19", "size": "0", "side": "BUY", "hash": "c798e75ac392f3c75a1e3565128b2ddce6ae8871", "best_bid": "0.25", "best_ask": "0.97"}, {"asset_id": "41480954438913063970197792021573332585554410838284506333996743209224990064024", "price": "0.81", "size": "0", "side": "SELL", "hash": "ee944fe93079c14707f76d39483ae0508da61c19", "best_bid": "0.03", "best_ask": "0.75"}], "timestamp": "1769384452899", "event_type": "price_change"}}
{"_local_timestamp": "2026-01-25T23:40:54.769650+00:00", "data": {"market": "0x576b5f5f1ec1fb585d195f3310148efabbd11ec45679b7835228fb3431c648a4", "price_changes": [{"asset_id": "70963008880021254228771190647726911759536509259304029983946935833811359615992", "price": "0.2", "size": "0", "side": "BUY", "hash": "d086c176d6c0ada3aceaab6793080957e661891d", "best_bid": "0.25", "best_ask": "0.97"}, {"asset_id": "41480954438913063970197792021573332585554410838284506333996743209224990064024", "price": "0.8", "size": "0", "side": "SELL", "hash": "69ad0174087e831feeb5b93dce194af607b29b85", "best_bid": "0.03", "best_ask": "0.75"}], "timestamp": "1769384454704", "event_type": "price_change"}}
{"_local_timestamp": "2026-01-25T23:40:54.799454+00:00", "data": {"market": "0x576b5f5f1ec1fb585d195f3310148efabbd11ec45679b7835228fb3431c648a4", "price_changes": [{"asset_id": "70963008880021254228771190647726911759536509259304029983946935833811359615992", "price": "0.18", "size": "20", "side": "BUY", "hash": "25ceb78705b36f2603b4089b6fbe7e6812acd6cf", "best_bid": "0.25", "best_ask": "0.97"}, {"asset_id": "41480954438913063970197792021573332585554410838284506333996743209224990064024", "price": "0.82", "size": "20", "side": "SELL", "hash": "45bee416cee92db87bae27961c56f0303b953f9e", "best_bid": "0.03", "best_ask": "0.75"}], "timestamp": "1769384454733", "event_type": "price_change"}}
