{"_local_timestamp": "2026-01-25T23:40:48.204905+00:00", "data": [{"market": "0xdfd05a95079162e60640ab48f4df85e600fca6b5d9d09ae7a99ec697aaff613b", "asset_id": "29738061948475170938926854347151381954908605540362797352178640064422740343935", "timestamp": "1769384369349", "hash": "fa54c8367ebc7cddd257ab6f3ba9232f8b9ed762", "bids": [{"price": "0.01", "size": "1810"}, {"price": "0.02", "size": "500"}, {"price": "0.03", "size": "200"}, {"price": "0.04", "size": "250"}, {"price": "0.05", "size": "80"}, {"price": "0.06", "size": "283"}, {"price": "0.08", "size": "25"}, {"price": "0.14", "size": "43"}, {"price": "0.22", "size": "86.36"}, {"price": "0.23", "size": "96.36"}, {"price": "0.24", "size": "20"}], "asks": [{"price": "0.99", "size": "60"}, {"price": "0.96", "size": "225"}, {"price": "0.95", "size": "20"}], "event_type": "book", "last_trade_price": ""}, {"market": "0xd8ebca9b4fd45377d5affcbeaf85e88b0ac4b3b363db24f5244e6878e8d2ae7c", "asset_id": "95050029404559112034768961053676083820963597280812405526023629282305898258478", "timestamp": "1769384445832", "hash": "4e8f77827f6d3393abc8593f70f4602f24fb0ce7", "bids": [{"price": "0.01", "size": "60"}], "asks": [{"price": "0.99", "size": "1810"}, {"price": "0.98", "size": "500"}, {"price": "0.97", "size": "200"}, {"price": "0.96", "size": "250"}, {"price": "0.95", "size": "30"}, {"price": "0.94", "size": "283"}, {"price": "0.91", "size": "112"}, {"price": "0.57", "size": "10"}, {"price": "0.52", "size": "17.85"}, {"price": "0.51", "size": "20"}], "event_type": "book", "last_trade_price": ""}, {"market": "0xff89cc3bc445960784b9c0bbc6579228c2f681f2e0b2b0b50e2b75b5606ea790", "asset_id": "27601945905551416063209824859220794432095674834946197347165423907848648510363", "timestamp": "1769384445832", "hash": "6d7c02263f7ca96b62385bbe846e814c9e50a1ac", "bids": [{"price": "0.01", "size": "60"}], "asks": [{"price": "0.99", "size": "1810"}, {"price": "0.98", "size": "500"}, {"price": "0.97", "size": "200"}, {"price": "0.96", "size": "250"}, {"price": "0.95", "size": "30"}, {"price": "0.94", "size": "283"}, {"price": "0.92", "size": "70"}, {"price": "0.84", "size": "12"}, {"price": "0.59", "size": "86.36"}, {"price": "0.53", "size": "10"}, {"price": "0.51", "size": "17.85"}, {"price": "0.5", "size": "20"}], "event_type": "book", "last_trade_price": ""}, {"market": "0x1b0d72d17beda3f048989a9db1a497b73fa1c9f717d45653688d02e19c24efc0", "asset_id": "101960417247168506932344245716018124823228697416789383793827169536991551111490", "timestamp": "1769384236263", "hash": "091f3ba8fdce8d1e82d63368d7618ee0e2acc6da", "bids": [{"price": "0.01", "size": "1810"}, {"price": "0.02", "size": "500"}, {"price": "0.03", "size": "200"}, {"price": "0.04", "size": "250"}, {"price": "0.05", "size": "30"}, {"price": "0.06", "size": "283"}, {"price": "0.07", "size": "16"}, {"price": "0.21", "size": "9"}, {"price": "0.23", "size": "10"}, {"price": "0.24", "size": "20"}, {"price": "0.87", "size": "5"}, {"price": "0.88", "size": "37.91"}], "asks": [{"price": "0.99", "size": "60"}, {"price": "0.92", "size": "10000"}, {"price": "0.91", "size": "211.1"}], "event_type": "book", "last_trade_price": ""}, {"market": "0xff89cc3bc445960784b9c0bbc6579228c2f681f2e0b2b0b50e2b75b5606ea790", "asset_id": "103725953422413743472672897650509544508477933081822412518213763625105418265307", "timestamp": "1769384445832", "hash": "e9a00dc52c587742826af1116d7b2cb58571370b", "bids": [{"price": "0.01", "size": "1810"}, {"price": "0.02", "size": "500"}, {"price": "0.03", "size": "200"}, {"price": "0.04", "size": "250"}, {"price": "0.05", "size": "30"}, {"price": "0.06", "size": "283"}, {"price": "0.08", "size": "70"}, {"price": "0.16", "size": "12"}, {"price": "0.41", "size": "86.36"}, {"price": "0.47", "size": "10"}, {"price": "0.49", "size": "17.85"}, {"price": "0.5", "size": "20"}], "asks": [{"price": "0.99", "size": "60"}], "event_type": "book", "last_trade_price": ""}, {"market": "0x69640c4abfea677e8fa053241e95bf5a838fdd214f69e425d2ea87966a4fe95d", "asset_id": "5732596693470161425530770544181522071880886700861486601427814402426115846089", "timestamp": "1769384445832", "hash": "39eb5d0a0905a8804fe1038dbd0f2c0ab954e59c", "bids": [{"price": "0.001", "size": "2715.99"}, {"price": "0.002", "size": "250"}, {"price": "0.003", "size": "166"}, {"price": "0.006", "size": "83"}, {"price": "0.01", "size": "1810"}, {"price": "0.02", "size": "500"}, {"price": "0.021", "size": "200"}, {"price": "0.04", "size": "250"}, {"price": "0.05", "size": "30"}, {"price": "0.051", "size": "39"}, {"price": "0.06", "size": "250"}, {"price": "0.083", "size": "12"}, {"price": "0.192", "size": "86.36"}, {"price": "0.193", "size": "96.36"}, {"price": "0.195", "size": "17.86"}, {"price": "0.196", "size": "20"}], "asks": [{"price": "0.999", "size": "1265.99"}, {"price": "0.998", "size": "200"}, {"price": "0.994", "size": "120"}, {"price": "0.99", "size": "69.6"}], "event_type": "book", "last_trade_price": ""}, {"market": "0xd8ebca9b4fd45377d5affcbeaf85e88b0ac4b3b363db24f5244e6878e8d2ae7c", "asset_id": "18184359940959208591781209962579756240652110266130326694409496420668268707172", "timestamp": "1769384445832", "hash": "75864c5bb1b424e5a83181bc19d5ed7200be44fd", "bids": [{"price": "0.01", "size": "1810"}, {"price": "0.02", "size": "500"}, {"price": "0.03", "size": "200"}, {"price": "0.04", "size": "250"}, {"price": "0.05", "size": "30"}, {"price": "0.06", "size": "283"}, {"price": "0.09", "size": "112"}, {"price": "0.43", "size": "10"}, {"price": "0.48", "size": "17.85"}, {"price": "0.49", "size": "20"}], "asks": [{"price": "0.99", "size": "60"}], "event_type": "book", "last_trade_price": ""}, {"market": "0xdfd05a95079162e60640ab48f4df85e600fca6b5d9d09ae7a99ec697aaff613b", "asset_id": "12879814326424880335000526731275801517465432713683467634338145208917493258610", "timestamp": "1769384369349", "hash": "e145be193143567524bcf690ca80ec4ef6560051", "bids": [{"price": "0.01", "size": "60"}, {"price": "0.04", "size": "225"}, {"price": "0.05", "size": "20"}], "asks": [{"price": "0.99", "size": "1810"}, {"price": "0.98", "size": "500"}, {"price": "0.97", "size": "200"}, {"price": "0.96", "size": "250"}, {"price": "0.95", "size": "80"}, {"price": "0.94", "size": "283"}, {"price": "0.92", "size": "25"}, {"price": "0.86", "size": "43"}, {"price": "0.78", "size": "86.36"}, {"price": "0.77", "size": "96.36"}, {"price": "0.76", "size": "20"}], "event_type": "book", "last_trade_price": ""}, {"market": "0xd50e26edc4c7d5d2bfa9edcbeec411d65b174be95cfde2455aa86731a2c4d036", "asset_id": "28951322408341598156420932297043999231464805346746706400842347808377972870916", "timestamp": "1769384372379", "hash": "bccc3f78c7f2313eb9b71961df71298aa1c99b23", "bids": [{"price": "0.01", "size": "1800"}, {"price": "0.02", "size": "500"}, {"price": "0.03", "size": "200"}, {"price": "0.04", "size": "250"}, {"price": "0.06", "size": "250"}, {"price": "0.07", "size": "16"}, {"price": "0.08", "size": "25"}, {"price": "0.34", "size": "10"}, {"price": "0.35", "size": "20"}, {"price": "0.71", "size": "27.58"}], "asks": [{"price": "0.99", "size": "10"}, {"price": "0.95", "size": "125"}, {"price": "0.9", "size": "100"}, {"price": "0.88", "size": "116.01"}], "event_type": "book", "last_trade_price": ""}, {"market": "0xf5f4c382a1493962e0b0c572de118e6ddb1db6fec2065fdc349f34aae731d5ad", "asset_id": "101010447008040604329278014148935547716274860620658517454942215109560581365693", "timestamp": "1769384445832", "hash": "58d856ef948d3d736918e1df3b002a17bbd4bda8", "bids": [{"price": "0.01", "size": "1810"}, {"price": "0.02", "size": "500"}, {"price": "0.03", "size": "200"}, {"price": "0.04", "size": "250"}, {"price": "0.05", "size": "30"}, {"price": "0.06", "size": "283"}, {"price": "0.07", "size": "141"}, {"price": "0.1", "size": "20"}, {"price": "0.42", "size": "10"}, {"price": "0.5", "size": "37.85"}], "asks": [{"price": "0.99", "size": "60"}], "event_type": "book", "last_trade_price": ""}, {"market": "0x27c024a78c9233f2b79b1e9b881fda33f4c030a1cfe710d8a0f9c21565ef4ecb", "asset_id": "38784844843807697914820676740154411523207098334855725351981618943661443186218", "timestamp": "1769384445832", "hash": "55445d9972b8c8861003e00a3b4903dec829244c", "bids": [{"price": "0.01", "size": "1810"}, {"price": "0.02", "size": "500"}, {"price": "0.03", "size": "200"}, {"price": "0.04", "size": "250"}, {"price": "0.05", "size": "30"}, {"price": "0.06", "size": "283"}, {"price": "0.08", "size": "70"}, {"price": "0.09", "size": "22"}, {"price": "0.41", "size": "86.36"}, {"price": "0.47", "size": "10"}, {"price": "0.49", "size": "17.85"}, {"price": "0.5", "size": "20"}], "asks": [{"price": "0.99", "size": "60"}], "event_type": "book", "last_trade_price": ""}, {"market": "0xf5f4c382a1493962e0b0c572de118e6ddb1db6fec2065fdc349f34aae731d5ad", "asset_id": "58011376234461959569721418890133652132697140048740505927587770435111368075320", "timestamp": "1769384445832", "hash": "dec298d3a3011f541dc0a155eb6398feae88b2c3", "bids": [{"price": "0.01", "size": "60"}], "asks": [{"price": "0.99", "size": "1810"}, {"price": "0.98", "size": "500"}, {"price": "0.97", "size": "200"}, {"price": "0.96", "size": "250"}, {"price": "0.95", "size": "30"}, {"price": "0.94", "size": "283"}, {"price": "0.93", "size": "141"}, {"price": "0.9", "size": "20"}, {"price": "0.58", "size": "10"}, {"price": "0.5", "size": "37.85"}], "event_type": "book", "last_trade_price": ""}, {"market": "0x97c2d0438f10dd37be32c578e718357a5f1bfd06efa5db29bbf4ade796659292", "asset_id": "58631904538639205619407650291048039196920754955312190005249856353373471671190", "timestamp": "1769384437283", "hash": "5ac8ede6ee0a98e08d898a5fb16845a303958468", "bids": [{"price": "0.01", "size": "1810"}, {"price": "0.02", "size": "500"}, {"price": "0.03", "size": "200"}, {"price": "0.04", "size": "250"}, {"price": "0.05", "size": "30"}, {"price": "0.06", "size": "283"}, {"price": "0.1", "size": "43"}, {"price": "0.29", "size": "6"}, {"price": "0.32", "size": "10"}, {"price": "0.33", "size": "20"}, {"price": "0.51", "size": "43"}, {"price": "0.88", "size": "5"}], "asks": [{"price": "0.99", "size": "60"}, {"price": "0.98", "size": "59.99"}], "event_type": "book", "last_trade_price": ""}, {"market": "0xd50e26edc4c7d5d2bfa9edcbeec411d65b174be95cfde2455aa86731a2c4d036", "asset_id": "60285307494212907815911525135113808674582218992685451831899236569688589487009", "timestamp": "1769384372379", "hash": "8c34a48ed68a0ea6f5ed4744a12be1775640256f", "bids": [{"price": "0.01", "size": "10"}, {"price": "0.05", "size": "125"}, {"price": "0.1", "size": "100"}, {"price": "0.12", "size": "116.01"}], "asks": [{"price": "0.99", "size": "1800"}, {"price": "0.98", "size": "500"}, {"price": "0.97", "size": "200"}, {"price": "0.96", "size": "250"}, {"price": "0.94", "size": "250"}, {"price": "0.93", "size": "16"}, {"price": "0.92", "size": "25"}, {"price": "0.66", "size": "10"}, {"price": "0.65", "size": "20"}, {"price": "0.29", "size": "27.58"}], "event_type": "book", "last_trade_price": ""}, {"market": "0x69640c4abfea677e8fa053241e95bf5a838fdd214f69e425d2ea87966a4fe95d", "asset_id": "22645719723399480296887627383949655119799205233792642547809019705489340018359", "timestamp": "1769384445832", "hash": "e2c1e59d2b75bbc03c32cc4d5dfae9e89d73c905", "bids": [{"price": "0.001", "size": "1265.99"}, {"price": "0.002", "size": "200"}, {"price": "0.006", "size": "120"}, {"price": "0.01", "size": "69.6"}], "asks": [{"price": "0.999", "size": "2715.99"}, {"price": "0.998", "size": "250"}, {"price": "0.997", "size": "166"}, {"price": "0.994", "size": "83"}, {"price": "0.99", "size": "1810"}, {"price": "0.98", "size": "500"}, {"price": "0.979", "size": "200"}, {"price": "0.96", "size": "250"}, {"price": "0.95", "size": "30"}, {"price": "0.949", "size": "39"}, {"price": "0.94", "size": "250"}, {"price": "0.917", "size": "12"}, {"price": "0.808", "size": "86.36"}, {"price": "0.807", "size": "96.36"}, {"price": "0.805", "size": "17.86"}, {"price": "0.804", "size": "20"}], "event_type": "book", "last_trade_price": ""}, {"market": "0x97c2d0438f10dd37be32c578e718357a5f1bfd06efa5db29bbf4ade796659292", "asset_id": "16378532440061541686560300866488577156506036017719664595359652619304354105304", "timestamp": "1769384437283", "hash": "ddf5948f1c45296978afaaf2bf112fe2e4ec4faa", "bids": [{"price": "0.01", "size": "60"}, {"price": "0.02", "size": "59.99"}], "asks": [{"price": "0.99", "size": "1810"}, {"price": "0.98", "size": "500"}, {"price": "0.97", "size": "200"}, {"price": "0.96", "size": "250"}, {"price": "0.95", "size": "30"}, {"price": "0.94", "size": "283"}, {"price": "0.9", "size": "43"}, {"price": "0.71", "size": "6"}, {"price": "0.68", "size": "10"}, {"price": "0.67", "size": "20"}, {"price": "0.49", "size": "43"}, {"price": "0.12", "size": "5"}], "event_type": "book", "last_trade_price": ""}, {"market": "0xa8ea8529a2a1907c638a6a23fa47e7397817794a53539f219ccd4c8f9a71f2db", "asset_id": "105063659813383319088595663067312591010174124442742746950095373750451427622761", "timestamp": "1769384232516", "hash": "a11c3f6bb1e3c6db97e685f2671d2bb159280223", "bids": [{"price": "0.01", "size": "60"}, {"price": "0.02", "size": "30"}, {"price": "0.03", "size": "50"}, {"price": "0.05", "size": "12.03"}, {"price": "0.1", "size": "50"}, {"price": "0.15", "size": "50"}, {"price": "0.19", "size": "30.26"}], "asks": [{"price": "0.99", "size": "1810"}, {"price": "0.98", "size": "500"}, {"price": "0.97", "size": "200"}, {"price": "0.96", "size": "250"}, {"price": "0.95", "size": "10"}, {"price": "0.94", "size": "250"}, {"price": "0.91", "size": "30"}, {"price": "0.9", "size": "20"}, {"price": "0.88", "size": "73"}, {"price": "0.87", "size": "20"}, {"price": "0.45", "size": "50"}, {"price": "0.4", "size": "57.96"}, {"price": "0.35", "size": "2.85"}], "event_type": "book", "last_trade_price": ""}, {"market": "0xa8ea8529a2a1907c638a6a23fa47e7397817794a53539f219ccd4c8f9a71f2db", "asset_id": "92280573078394525707472752139848747754488378415033588212381105215995844984092", "timestamp": "1769384232516", "hash": "73e7c9773d166652f3002027ececa262d9b00f1a", "bids": [{"price": "0.01", "size": "1810"}, {"price": "0.02", "size": "500"}, {"price": "0.03", "size": "200"}, {"price": "0.04", "size": "250"}, {"price": "0.05", "size": "10"}, {"price": "0.06", "size": "250"}, {"price": "0.09", "size": "30"}, {"price": "0.1", "size": "20"}, {"price": "0.12", "size": "73"}, {"price": "0.13", "size": "20"}, {"price": "0.55", "size": "50"}, {"price": "0.6", "size": "57.96"}, {"price": "0.65", "size": "2.85"}], "asks": [{"price": "0.99", "size": "60"}, {"price": "0.98", "size": "30"}, {"price": "0.97", "size": "50"}, {"price": "0.95", "size": "12.03"}, {"price": "0.9", "size": "50"}, {"price": "0.85", "size": "50"}, {"price": "0.81", "size": "30.26"}], "event_type": "book", "last_trade_price": ""}, {"market": "0x27c024a78c9233f2b79b1e9b881fda33f4c030a1cfe710d8a0f9c21565ef4ecb", "asset_id": "56189576475956362635979652544908626165580791359431757389384603395842127962711", "timestamp": "1769384445832", "hash": "5950d9e9ffa7c8ddcc20d81187f43b5495ce88b3", "bids": [{"price": "0.01", "size": "60"}], "asks": [{"price": "0.99", "size": "1810"}, {"price": "0.98", "size": "500"}, {"price": "0.97", "size": "200"}, {"price": "0.96", "size": "250"}, {"price": "0.95", "size": "30"}, {"price": "0.94", "size": "283"}, {"price": "0.92", "size": "70"}, {"price": "0.91", "size": "22"}, {"price": "0.59", "size": "86.36"}, {"price": "0.53", "size": "10"}, {"price": "0.51", "size": "17.85"}, {"price": "0.5", "size": "20"}], "event_type": "book", "last_trade_price": ""}, {"market": "0x7641183562e11eafc2104317d320903e366dbbc72365dba1b642178b606b7e8e", "asset_id": "15350351316723951048149101434454695978330315628997617434273712709856658543733", "timestamp": "1769384410291", "hash": "90602425820eca5278bc89b6e2b351a0680596de", "bids": [{"price": "0.01", "size": "1810"}, {"price": "0.02", "size": "500"}, {"price": "0.03", "size": "200"}, {"price": "0.04", "size": "250"}, {"price": "0.05", "size": "80"}, {"price": "0.06", "size": "283"}, {"price": "0.07", "size": "33"}, {"price": "0.08", "size": "25"}, {"price": "0.33", "size": "10"}, {"price": "0.34", "size": "20"}, {"price": "0.55", "size": "35"}, {"price": "0.56", "size": "7.42"}], "asks": [{"price": "0.99", "size": "60"}, {"price": "0.96", "size": "120"}, {"price": "0.95", "size": "10"}], "event_type": "book", "last_trade_price": ""}, {"market": "0x7641183562e11eafc2104317d320903e366dbbc72365dba1b642178b606b7e8e", "asset_id": "84786072093733178623464982703048632449273034834327545705181016615404031695100", "timestamp": "1769384410291", "hash": "5f6735bc84b6463b8782131f5b2ec659198c7d26", "bids": [{"price": "0.01", "size": "60"}, {"price": "0.04", "size": "120"}, {"price": "0.05", "size": "10"}], "asks": [{"price": "0.99", "size": "1810"}, {"price": "0.98", "size": "500"}, {"price": "0.97", "size": "200"}, {"price": "0.96", "size": "250"}, {"price": "0.95", "size": "80"}, {"price": "0.94", "size": "283"}, {"price": "0.93", "size": "33"}, {"price": "0.92", "size": "25"}, {"price": "0.67", "size": "10"}, {"price": "0.66", "size": "20"}, {"price": "0.45", "size": "35"}, {"price": "0.44", "size": "7.42"}], "event_type": "book", "last_trade_price": ""}, {"market": "0x1b0d72d17beda3f048989a9db1a497b73fa1c9f717d45653688d02e19c24efc0", "asset_id": "14244928131471316074725627908346305804177897635265802218130614122671801850304", "timestamp": "1769384236263", "hash": "ade4045778c00d03b3168560a43e153f0b5852a8", "bids": [{"price": "0.01", "size": "60"}, {"price": "0.08", "size": "10000"}, {"price": "0.09", "size": "211.1"}], "asks": [{"price": "0.99", "size": "1810"}, {"price": "0.98", "size": "500"}, {"price": "0.97", "size": "200"}, {"price": "0.96", "size": "250"}, {"price": "0.95", "size": "30"}, {"price": "0.94", "size": "283"}, {"price": "0.93", "size": "16"}, {"price": "0.79", "size": "9"}, {"price": "0.77", "size": "10"}, {"price": "0.76", "size": "20"}, {"price": "0.13", "size": "5"}, {"price": "0.12", "size": "37.91"}], "event_type": "book", "last_trade_price": ""}]}
{"_local_timestamp": "2026-01-25T23:41:12.044226+00:00", "data": {"market": "0x69640c4abfea677e8fa053241e95bf5a838fdd214f69e425d2ea87966a4fe95d", "price_changes": [{"asset_id": "5732596693470161425530770544181522071880886700861486601427814402426115846089", "price": "0.192", "size": "0", "side": "BUY", "hash": "00f665f8740cddd67c279064bfce733e1d13c669", "best_bid": "0.196", "best_ask": "0.99"}, {"asset_id": "22645719723399480296887627383949655119799205233792642547809019705489340018359", "price": "0.808", "size": "0", "side": "SELL", "hash": "4fb4bf39eb9a92f662d8f77eb94834425aa542b0", "best_bid": "0.01", "best_ask": "0.804"}], "timestamp": "1769384471926", "event_type": "price_change"}}
{"_local_timestamp": "2026-01-25T23:41:12.054473+00:00", "data": {"market": "0xff89cc3bc445960784b9c0bbc6579228c2f681f2e0b2b0b50e2b75b5606ea790", "price_changes": [{"asset_id": "103725953422413743472672897650509544508477933081822412518213763625105418265307", "price": "0.41", "size": "0", "side": "BUY", "hash": "e62b59f29b96dc002470c077fa0c6e6a98524d87", "best_bid": "0.5", "best_ask": "0.99"}, {"asset_id": "27601945905551416063209824859220794432095674834946197347165423907848648510363", "price": "0.59", "size": "0", "side": "SELL", "hash": "3200dc8a5ce8e856a240877ae4a2f6c1eb63350e", "best_bid": "0.01", "best_ask": "0.5"}], "timestamp": "1769384471928", "event_type": "price_change"}}
{"_local_timestamp": "2026-01-25T23:41:12.055173+00:00", "data": {"market": "0x27c024a78c9233f2b79b1e9b881fda33f4c030a1cfe710d8a0f9c21565ef4ecb", "price_changes": [{"asset_id": "38784844843807697914820676740154411523207098334855725351981618943661443186218", "price": "0.41", "size": "0", "side": "BUY", "hash": "177ccd867736a959a8ab90868cfb4e46581e6aea", "best_bid": "0.5", "best_ask": "0.99"}, {"asset_id": "56189576475956362635979652544908626165580791359431757389384603395842127962711", "price": "0.59", "size": "0", "side": "SELL", "hash": "34fe225b848345752a5b8b6bc9581eb97c6c9015", "best_bid": "0.01", "best_ask": "0.5"}], "timestamp": "1769384471927", "event_type": "price_change"}}
{"_local_timestamp": "2026-01-25T23:41:12.200980+00:00", "data": {"market": "0xd50e26edc4c7d5d2bfa9edcbeec411d65b174be95cfde2455aa86731a2c4d036", "price_changes": [{"asset_id": "28951322408341598156420932297043999231464805346746706400842347808377972870916", "price": "0.34", "size": "0", "side": "BUY", "hash": "7fc2f611ee55ed67f9ab331a61cf8589df44d2e6", "best_bid": "0.71", "best_ask": "0.88"}, {"asset_id": "60285307494212907815911525135113808674582218992685451831899236569688589487009", "price": "0.66", "size": "0", "side": "SELL", "hash": "937afcce235d31fefb7fea9007f75a821def3c76", "best_bid": "0.12", "best_ask": "0.29"}], "timestamp": "1769384472057", "event_type": "price_change"}}
{"_local_timestamp": "2026-01-25T23:41:12.285070+00:00", "data": {"market": "0xd50e26edc4c7d5d2bfa9edcbeec411d65b174be95cfde2455aa86731a2c4d036", "price_changes": [{"asset_id": "28951322408341598156420932297043999231464805346746706400842347808377972870916", "price": "0.09", "size": "23", "side": "BUY", "hash": "b849062bd01b4bc642c4bffcb998b3b137b858b2", "best_bid": "0.71", "best_ask": "0.88"}, {"asset_id": "60285307494212907815911525135113808674582218992685451831899236569688589487009", "price": "0.91", "size": "23", "side": "SELL", "hash": "1e29a5da01807df10386c24362e5724bbae8e4ba", "best_bid": "0.12", "best_ask": "0.29"}], "timestamp": "1769384472182", "event_type": "price_change"}}
{"_local_timestamp": "2026-01-25T23:41:12.286189+00:00", "data": {"market": "0xd50e26edc4c7d5d2bfa9edcbeec411d65b174be95cfde2455aa86731a2c4d036", "price_changes": [{"asset_id": "28951322408341598156420932297043999231464805346746706400842347808377972870916", "price": "0.36", "size": "10", "side": "BUY", "hash": "71ec7401be276cd19aec32bb35a0782281d91042", "best_bid": "0.71", "best_ask": "0.88"}, {"asset_id": "60285307494212907815911525135113808674582218992685451831899236569688589487009", "price": "0.64", "size": "10", "side": "SELL", "hash": "01bdfd90bb04d79d147d8a5ec6b2d164e2fd9e18", "best_bid": "0.12", "best_ask": "0.29"}], "timestamp": "1769384472186", "event_type": "price_change"}}
{"_local_timestamp": "2026-01-25T23:41:13.311262+00:00", "data": {"market": "0xd50e26edc4c7d5d2bfa9edcbeec411d65b174be95cfde2455aa86731a2c4d036", "price_changes": [{"asset_id": "28951322408341598156420932297043999231464805346746706400842347808377972870916", "price": "0.35", "size": "0", "side": "BUY", "hash": "379c84f5aca10647b90423336bcf12d6f52e7621", "best_bid": "0.71", "best_ask": "0.88"}, {"asset_id": "60285307494212907815911525135113808674582218992685451831899236569688589487009", "price": "0.65", "size": "0", "side": "SELL", "hash": "6a1d80f1762354f043922eaf04c66128b71ef2f5", "best_bid": "0.12", "best_ask": "0.29"}], "timestamp": "1769384473245", "event_type": "price_change"}}
{"_local_timestamp": "2026-01-25T23:41:13.350859+00:00", "data": {"market": "0xd50e26edc4c7d5d2bfa9edcbeec411d65b174be95cfde2455aa86731a2c4d036", "price_changes": [{"asset_id": "28951322408341598156420932297043999231464805346746706400842347808377972870916", "price": "0.37", "size": "20", "side": "BUY", "hash": "8c7012f792037fe1cc550f8f6f80bf0529134ed9", "best_bid": "0.71", "best_ask": "0.88"}, {"asset_id": "60285307494212907815911525135113808674582218992685451831899236569688589487009", "price": "0.63", "size": "20", "side": "SELL", "hash": "d12a47a92cdc348cee47f90ee51d5093084e70e4", "best_bid": "0.12", "best_ask": "0.29"}], "timestamp": "1769384473278", "event_type": "price_change"}}
{"_local_timestamp": "2026-01-25T23:41:53.354691+00:00", "data": {"market": "0x69640c4abfea677e8fa053241e95bf5a838fdd214f69e425d2ea87966a4fe95d", "price_changes": [{"asset_id": "5732596693470161425530770544181522071880886700861486601427814402426115846089", "price": "0.06", "size": "550", "side": "BUY", "hash": "35576ed80965f84523d41fb0ad7d3783208dc6e1", "best_bid": "0.196", "best_ask": "0.99"}, {"asset_id": "22645719723399480296887627383949655119799205233792642547809019705489340018359", "price": "0.94", "size": "550", "side": "SELL", "hash": "533fdf3aa889ec0477296ce18ae1bb34f0ff22d9", "best_bid": "0.01", "best_ask": "0.804"}], "timestamp": "1769384513278", "event_type": "price_change"}}
{"_local_timestamp": "2026-01-25T23:42:14.293039+00:00", "data": {"market": "0xff89cc3bc445960784b9c0bbc6579228c2f681f2e0b2b0b50e2b75b5606ea790", "price_changes": [{"asset_id": "27601945905551416063209824859220794432095674834946197347165423907848648510363", "price": "0.51", "size": "0", "side": "SELL", "hash": "b7555cd2c629a61ef56852eae1c4a24d5e4593f7", "best_bid": "0.01", "best_ask": "0.5"}, {"asset_id": "103725953422413743472672897650509544508477933081822412518213763625105418265307", "price": "0.49", "size": "0", "side": "BUY", "hash": "f774df27ec3d1465af1d3b3feaf2fac637a886e6", "best_bid": "0.5", "best_ask": "0.99"}], "timestamp": "1769384534222", "event_type": "price_change"}}
{"_local_timestamp": "2026-01-25T23:42:14.293916+00:00", "data": {"market": "0x69640c4abfea677e8fa053241e95bf5a838fdd214f69e425d2ea87966a4fe95d", "price_changes": [{"asset_id": "22645719723399480296887627383949655119799205233792642547809019705489340018359", "price": "0.805", "size": "0", "side": "SELL", "hash": "9370fd86ebf250bb89547330a124639acfc03213", "best_bid": "0.01", "best_ask": "0.804"}, {"asset_id": "5732596693470161425530770544181522071880886700861486601427814402426115846089", "price": "0.195", "size": "0", "side": "BUY", "hash": "fac1f3c20bf8694bf4fe55c254efcabfc64bfe30", "best_bid": "0.196", "best_ask": "0.99"}], "timestamp": "1769384534222", "event_type": "price_change"}}
{"_local_timestamp": "2026-01-25T23:42:14.395958+00:00", "data": {"market": "0xf5f4c382a1493962e0b0c572de118e6ddb1db6fec2065fdc349f34aae731d5ad", "price_changes": [{"asset_id": "58011376234461959569721418890133652132697140048740505927587770435111368075320", "price": "0.5", "size": "20", "side": "SELL", "hash": "cab6ae90393bb7717616a8742b9be40d2f9608be", "best_bid": "0.01", "best_ask": "0.5"}, {"asset_id": "101010447008040604329278014148935547716274860620658517454942215109560581365693", "price": "0.5", "size": "20", "side": "BUY", "hash": "68f191cdc098154d813ab1ebe668498d306fd598", "best_bid": "0.5", "best_ask": "0.99"}], "timestamp": "1769384534322", "event_type": "price_change"}}
{"_local_timestamp": "2026-01-25T23:42:14.396329+00:00", "data": {"market": "0xd8ebca9b4fd45377d5affcbeaf85e88b0ac4b3b363db24f5244e6878e8d2ae7c", "price_changes": [{"asset_id": "95050029404559112034768961053676083820963597280812405526023629282305898258478", "price": "0.52", "size": "0", "side": "SELL", "hash": "7782eabe7f8822dee4401438e9dc0504a998bad2", "best_bid": "0.01", "best_ask": "0.51"}, {"asset_id": "18184359940959208591781209962579756240652110266130326694409496420668268707172", "price": "0.48", "size": "0", "side": "BUY", "hash": "d55740619b4b4f9f89d006290367b13a1eec8250", "best_bid": "0.49", "best_ask": "0.99"}], "timestamp": "1769384534322", "event_type": "price_change"}}
{"_local_timestamp": "2026-01-25T23:42:14.396625+00:00", "data": {"market": "0x27c024a78c9233f2b79b1e9b881fda33f4c030a1cfe710d8a0f9c21565ef4ecb", "price_changes": [{"asset_id": "56189576475956362635979652544908626165580791359431757389384603395842127962711", "price": "0.51", "size": "0", "side": "SELL", "hash": "a4941489c12e895a05a90007d7482390f80763b9", "best_bid": "0.01", "best_ask": "0.5"}, {"asset_id": "38784844843807697914820676740154411523207098334855725351981618943661443186218", "price": "0.49", "size": "0", "side": "BUY", "hash": "ce4b51ba2049e2745e7acf3eefc0bffd9cdd8710", "best_bid": "0.5", "best_ask": "0.99"}], "timestamp": "1769384534322", "event_type": "price_change"}}
{"_local_timestamp": "2026-01-25T23:42:14.532764+00:00", "data": {"market": "0x69640c4abfea677e8fa053241e95bf5a838fdd214f69e425d2ea87966a4fe95d", "price_changes": [{"asset_id": "5732596693470161425530770544181522071880886700861486601427814402426115846089", "price": "0.196", "size": "0", "side": "BUY", "hash": "54d4b3b13de6189170a6ef355258e93bf3be27aa", "best_bid": "0.193", "best_ask": "0.99"}, {"asset_id": "22645719723399480296887627383949655119799205233792642547809019705489340018359", "price": "0.804", "size": "0", "side": "SELL", "hash": "56697108aa1ab3dc63f2173d0d8395c67ae2df52", "best_bid": "0.01", "best_ask": "0.807"}], "timestamp": "1769384534452", "event_type": "price_change"}}
{"_local_timestamp": "2026-01-25T23:42:14.533232+00:00", "data": {"market": "0xff89cc3bc445960784b9c0bbc6579228c2f681f2e0b2b0b50e2b75b5606ea790", "price_changes": [{"asset_id": "103725953422413743472672897650509544508477933081822412518213763625105418265307", "price": "0.5", "size": "0", "side": "BUY", "hash": "c7caf39b3e93b965b4b332c13036286a1495e93c", "best_bid": "0.47", "best_ask": "0.99"}, {"asset_id": "27601945905551416063209824859220794432095674834946197347165423907848648510363", "price": "0.5", "size": "0", "side": "SELL", "hash": "7d709e3cb8fa9ccf52e0ff53d66a8fe70f6a17d5", "best_bid": "0.01", "best_ask": "0.53"}], "timestamp": "1769384534452", "event_type": "price_change"}}
{"_local_timestamp": "2026-01-25T23:42:14.555806+00:00", "data": {"market": "0x69640c4abfea677e8fa053241e95bf5a838fdd214f69e425d2ea87966a4fe95d", "price_changes": [{"asset_id": "5732596693470161425530770544181522071880886700861486601427814402426115846089", "price": "0.194", "size": "20", "side": "BUY", "hash": "a5adf39af412b0cdb157b14e3f214563989b8c92", "best_bid": "0.194", "best_ask": "0.99"}, {"asset_id": "22645719723399480296887627383949655119799205233792642547809019705489340018359", "price": "0.806", "size": "20", "side": "SELL", "hash": "ea02166e6c72f1a72a0de2f142098edb7fbf30dc", "best_bid": "0.01", "best_ask": "0.806"}], "timestamp": "1769384534484", "event_type": "price_change"}}
{"_local_timestamp": "2026-01-25T23:42:14.556247+00:00", "data": {"market": "0xff89cc3bc445960784b9c0bbc6579228c2f681f2e0b2b0b50e2b75b5606ea790", "price_changes": [{"asset_id": "103725953422413743472672897650509544508477933081822412518213763625105418265307", "price": "0.48", "size": "20", "side": "BUY", "hash": "29a919b303f6676a3b72853c99c905fde4921b1b", "best_bid": "0.48", "best_ask": "0.99"}, {"asset_id": "27601945905551416063209824859220794432095674834946197347165423907848648510363", "price": "0.52", "size": "20", "side": "SELL", "hash": "adf87f71d3b1265d2943d84e1a1128dd716befae", "best_bid": "0.01", "best_ask": "0.52"}], "timestamp": "1769384534484", "event_type": "price_change"}}
{"_local_timestamp": "2026-01-25T23:42:15.321923+00:00", "data": {"market": "0x69640c4abfea677e8fa053241e95bf5a838fdd214f69e425d2ea87966a4fe95d", "price_changes": [{"asset_id": "22645719723399480296887627383949655119799205233792642547809019705489340018359", "price": "0.803", "size": "17.86", "side": "SELL", "hash": "a2f8ad0402c2f10ca929c9187e1e6a535e49aa39", "best_bid": "0.01", "best_ask": "0.803"}, {"asset_id": "5732596693470161425530770544181522071880886700861486601427814402426115846089", "price": "0.197", "size": "17.86", "side": "BUY", "hash": "42ec85d9d86a3930e84e3a88015751f4da15cf8d", "best_bid": "0.197", "best_ask": "0.99"}], "timestamp": "1769384535185", "event_type": "price_change"}}
{"_local_timestamp": "2026-01-25T23:42:15.400286+00:00", "data": {"market": "0x27c024a78c9233f2b79b1e9b881fda33f4c030a1cfe710d8a0f9c21565ef4ecb", "price_changes": [{"asset_id": "56189576475956362635979652544908626165580791359431757389384603395842127962711", "price": "0.49", "size": "17.85", "side": "SELL", "hash": "becf899a03d748e6bbe93967de2a5f394b1e6e1c", "best_bid": "0.01", "best_ask": "0.49"}, {"asset_id": "38784844843807697914820676740154411523207098334855725351981618943661443186218", "price": "0.51", "size": "17.85", "side": "BUY", "hash": "dac4329ceab79a65bb39439e0329af8a20ada31e", "best_bid": "0.51", "best_ask": "0.99"}], "timestamp": "1769384535329", "event_type": "price_change"}}
{"_local_timestamp": "2026-01-25T23:42:15.400767+00:00", "data": {"market": "0xff89cc3bc445960784b9c0bbc6579228c2f681f2e0b2b0b50e2b75b5606ea790", "price_changes": [{"asset_id": "27601945905551416063209824859220794432095674834946197347165423907848648510363", "price": "0.49", "size": "17.85", "side": "SELL", "hash": "66ad79b9acb63c102bdad1f6e19f7794f0ce3231", "best_bid": "0.01", "best_ask": "0.49"}, {"asset_id": "103725953422413743472672897650509544508477933081822412518213763625105418265307", "price": "0.51", "size": "17.85", "side": "BUY", "hash": "88195e4f0447f5219be6a9a1f37cd14e003532e7", "best_bid": "0.51", "best_ask": "0.99"}], "timestamp": "1769384535329", "event_type": "price_change"}}
{"_local_timestamp": "2026-01-25T23:42:15.401094+00:00", "data": {"market": "0xd8ebca9b4fd45377d5affcbeaf85e88b0ac4b3b363db24f5244e6878e8d2ae7c", "price_changes": [{"asset_id": "95050029404559112034768961053676083820963597280812405526023629282305898258478", "price": "0.5", "size": "17.85", "side": "SELL", "hash": "1fd11ccf9e9744dff997d0365e7efb83ed354d22", "best_bid": "0.01", "best_ask": "0.5"}, {"asset_id": "18184359940959208591781209962579756240652110266130326694409496420668268707172", "price": "0.5", "size": "17.85", "side": "BUY", "hash": "0bad697d15d752346d0b2fbb0163998179bdace3", "best_bid": "0.5", "best_ask": "0.99"}], "timestamp": "1769384535329", "event_type": "price_change"}}
{"_local_timestamp": "2026-01-25T23:42:15.401449+00:00", "data": {"market": "0xf5f4c382a1493962e0b0c572de118e6ddb1db6fec2065fdc349f34aae731d5ad", "price_changes": [{"asset_id": "58011376234461959569721418890133652132697140048740505927587770435111368075320", "price": "0.57", "size": "17.85", "side": "SELL", "hash": "ec74e82486078960ccd91307a238abfce1a42979", "best_bid": "0.01", "best_ask": "0.5"}, {"asset_id": "101010447008040604329278014148935547716274860620658517454942215109560581365693", "price": "0.43", "size": "17.85", "side": "BUY", "hash": "f75d945bc27cd158e639ddfd073ab7a3c45cd73d", "best_bid": "0.5", "best_ask": "0.99"}], "timestamp": "1769384535329", "event_type": "price_change"}}
{"_local_timestamp": "2026-01-25T23:42:15.667873+00:00", "data": {"market": "0xd8ebca9b4fd45377d5affcbeaf85e88b0ac4b3b363db24f5244e6878e8d2ae7c", "price_changes": [{"asset_id": "18184359940959208591781209962579756240652110266130326694409496420668268707172", "price": "0.49", "size": "0", "side": "BUY", "hash": "a3a2cdad2cafcca66d320c05eea5b9031da27bdc", "best_bid": "0.5", "best_ask": "0.99"}, {"asset_id": "95050029404559112034768961053676083820963597280812405526023629282305898258478", "price": "0.51", "size": "0", "side": "SELL", "hash": "7de35df53a77cec8935ed10a97680d9b347445a2", "best_bid": "0.01", "best_ask": "0.5"}], "timestamp": "1769384535591", "event_type": "price_change"}}
{"_local_timestamp": "2026-01-25T23:42:15.668348+00:00", "data": {"market": "0x27c024a78c9233f2b79b1e9b881fda33f4c030a1cfe710d8a0f9c21565ef4ecb", "price_changes": [{"asset_id": "38784844843807697914820676740154411523207098334855725351981618943661443186218", "price": "0.5", "size": "0", "side": "BUY", "hash": "9937905575d7d1c7a22d9cae45dcd33137f3e925", "best_bid": "0.51", "best_ask": "0.99"}, {"asset_id": "56189576475956362635979652544908626165580791359431757389384603395842127962711", "price": "0.5", "size": "0", "side": "SELL", "hash": "49f9844dbb8c3a6d326c8ab8d9d7af1663f6f0a8", "best_bid": "0.01", "best_ask": "0.49"}], "timestamp": "1769384535591", "event_type": "price_change"}}
{"_local_timestamp": "2026-01-25T23:42:15.668671+00:00", "data": {"market": "0x69640c4abfea677e8fa053241e95bf5a838fdd214f69e425d2ea87966a4fe95d", "price_changes": [{"asset_id": "5732596693470161425530770544181522071880886700861486601427814402426115846089", "price": "0.194", "size": "0", "side": "BUY", "hash": "aa1cf6e90ae15e4ce2725fc211dfb40faa4a7818", "best_bid": "0.197", "best_ask": "0.99"}, {"asset_id": "22645719723399480296887627383949655119799205233792642547809019705489340018359", "price": "0.806", "size": "0", "side": "SELL", "hash": "a2c51823e9117db05f7eeab8e113c02d94eee238", "best_bid": "0.01", "best_ask": "0.803"}], "timestamp": "1769384535591", "event_type": "price_change"}}
{"_local_timestamp": "2026-01-25T23:42:15.669058+00:00", "data": {"market": "0xf5f4c382a1493962e0b0c572de118e6ddb1db6fec2065fdc349f34aae731d5ad", "price_changes": [{"asset_id": "101010447008040604329278014148935547716274860620658517454942215109560581365693", "price": "0.5", "size": "0", "side": "BUY", "hash": "91000760c1814a2a64d4f20e84ddadacaefbaf52", "best_bid": "0.43", "best_ask": "0.99"}, {"asset_id": "58011376234461959569721418890133652132697140048740505927587770435111368075320", "price": "0.5", "size": "0", "side": "SELL", "hash": "e4d7df8a07b26a8b8dd98ffbfaaaaaa016c4e645", "best_bid": "0.01", "best_ask": "0.57"}], "timestamp": "1769384535591", "event_type": "price_change"}}
{"_local_timestamp": "2026-01-25T23:42:15.707580+00:00", "data": {"market": "0xd8ebca9b4fd45377d5affcbeaf85e88b0ac4b3b363db24f5244e6878e8d2ae7c", "price_changes": [{"asset_id": "18184359940959208591781209962579756240652110266130326694409496420668268707172", "price": "0.5", "size": "37.85", "side": "BUY", "hash": "c664a966560cda78372f97975de265cbca154383", "best_bid": "0.5", "best_ask": "0.99"}, {"asset_id": "95050029404559112034768961053676083820963597280812405526023629282305898258478", "price": "0.5", "size": "37.85", "side": "SELL", "hash": "14d63aeb8fb4aa095cec73b56e25bee9f0b037b1", "best_bid": "0.01", "best_ask": "0.5"}], "timestamp": "1769384535629", "event_type": "price_change"}}
{"_local_timestamp": "2026-01-25T23:42:15.708107+00:00", "data": {"market": "0xf5f4c382a1493962e0b0c572de118e6ddb1db6fec2065fdc349f34aae731d5ad", "price_changes": [{"asset_id": "101010447008040604329278014148935547716274860620658517454942215109560581365693", "price": "0.44", "size": "20", "side": "BUY", "hash": "b83b17b65e09d6e2f9d15b58ca5097dad00ce707", "best_bid": "0.44", "best_ask": "0.99"}, {"asset_id": "58011376234461959569721418890133652132697140048740505927587770435111368075320", "price": "0.56", "size": "20", "side": "SELL", "hash": "6bff70918702188c00741ed1bfaa7509cf5fc29b", "best_bid": "0.01", "best_ask": "0.56"}], "timestamp": "1769384535629", "event_type": "price_change"}}
{"_local_timestamp": "2026-01-25T23:42:15.708535+00:00", "data": {"market": "0x27c024a78c9233f2b79b1e9b881fda33f4c030a1cfe710d8a0f9c21565ef4ecb", "price_changes": [{"asset_id": "38784844843807697914820676740154411523207098334855725351981618943661443186218", "price": "0.48", "size": "20", "side": "BUY", "hash": "abbe33242534f3a22309874dfd29bbbdc74d205b", "best_bid": "0.51", "best_ask": "0.99"}, {"asset_id": "56189576475956362635979652544908626165580791359431757389384603395842127962711", "price": "0.52", "size": "20", "side": "SELL", "hash": "cdb72cf2f8ff82ce2e98437c0bab7120a1f39f5d", "best_bid": "0.01", "best_ask": "0.49"}], "timestamp": "1769384535629", "event_type": "price_change"}}
{"_local_timestamp": "2026-01-25T23:42:15.709387+00:00", "data": {"market": "0x69640c4abfea677e8fa053241e95bf5a838fdd214f69e425d2ea87966a4fe95d", "price_changes": [{"asset_id": "5732596693470161425530770544181522071880886700861486601427814402426115846089", "price": "0.198", "size": "20", "side": "BUY", "hash": "f6330eff74fbe97757fc0e2c1b92d31965ab333d", "best_bid": "0.198", "best_ask": "0.99"}, {"asset_id": "22645719723399480296887627383949655119799205233792642547809019705489340018359", "price": "0.802", "size": "20", "side": "SELL", "hash": "a2ad64c54c5c21008c1750bd1d0fa5f0f0a7e275", "best_bid": "0.01", "best_ask": "0.802"}], "timestamp": "1769384535629", "event_type": "price_change"}}
{"_local_timestamp": "2026-01-25T23:43:13.796067+00:00", "data": {"market": "0x69640c4abfea677e8fa053241e95bf5a838fdd214f69e425d2ea87966a4fe95d", "price_changes": [{"asset_id": "5732596693470161425530770544181522071880886700861486601427814402426115846089", "price": "0.06", "size": "250", "side": "BUY", "hash": "39e983825d5d8a2c0da77f64f05278a549fd4948", "best_bid": "0.198", "best_ask": "0.99"}, {"asset_id": "22645719723399480296887627383949655119799205233792642547809019705489340018359", "price": "0.94", "size": "250", "side": "SELL", "hash": "6cbfe0c314429e7f9b66586e4505cc4810340c7d", "best_bid": "0.01", "best_ask": "0.802"}], "timestamp": "1769384593727", "event_type": "price_change"}}
