{"_local_timestamp": "2026-01-25T23:40:48.204905+00:00", "data": [{"market": "0xdfd05a95079162e60640ab48f4df85e600fca6b5d9d09ae7a99ec697aaff613b", "asset_id": "29738061948475170938926854347151381954908605540362797352178640064422740343935", "timestamp": "1769384369349", "hash": "fa54c8367ebc7cddd257ab6f3ba9232f8b9ed762", "bids": [{"price": "0.01", "size": "1810"}, {"price": "0.02", "size": "500"}, {"price": "0.03", "size": "200"}, {"price": "0.04", "size": "250"}, {"price": "0.05", "size": "80"}, {"price": "0.06", "size": "283"}, {"price": "0.08", "size": "25"}, {"price": "0.14", "size": "43"}, {"price": "0.22", "size": "86.36"}, {"price": "0.23", "size": "96.36"}, {"price": "0.24", "size": "20"}], "asks": [{"price": "0.99", "size": "60"}, {"price": "0.96", "size": "225"}, {"price": "0.95", "size": "20"}], "event_type": "book", "last_trade_price": ""}, {"market": "0xd8ebca9b4fd45377d5affcbeaf85e88b0ac4b3b363db24f5244e6878e8d2ae7c", "asset_id": "95050029404559112034768961053676083820963597280812405526023629282305898258478", "timestamp": "1769384445832", "hash": "4e8f77827f6d3393abc8593f70f4602f24fb0ce7", "bids": [{"price": "0.01", "size": "60"}], "asks": [{"price": "0.99", "size": "1810"}, {"price": "0.98", "size": "500"}, {"price": "0.97", "size": "200"}, {"price": "0.96", "size": "250"}, {"price": "0.95", "size": "30"}, {"price": "0.94", "size": "283"}, {"price": "0.91", "size": "112"}, {"price": "0.57", "size": "10"}, {"price": "0.52", "size": "17.85"}, {"price": "0.51", "size": "20"}], "event_type": "book", "last_trade_price": ""}, {"market": "0xff89cc3bc445960784b9c0bbc6579228c2f681f2e0b2b0b50e2b75b5606ea790", "asset_id": "27601945905551416063209824859220794432095674834946197347165423907848648510363", "timestamp": "1769384445832", "hash": "6d7c02263f7ca96b62385bbe846e814c9e50a1ac", "bids": [{"price": "0.01", "size": "60"}], "asks": [{"price": "0.99", "size": "1810"}, {"price": "0.98", "size": "500"}, {"price": "0.97", "size": "200"}, {"price": "0.96", "size": "250"}, {"price": "0.95", "size": "30"}, {"price": "0.94", "size": "283"}, {"price": "0.92", "size": "70"}, {"price": "0.84", "size": "12"}, {"price": "0.59", "size": "86.36"}, {"price": "0.53", "size": "10"}, {"price": "0.51", "size": "17.85"}, {"price": "0.5", "size": "20"}], "event_type": "book", "last_trade_price": ""}, {"market": "0x1b0d72d17beda3f048989a9db1a497b73fa1c9f717d45653688d02e19c24efc0", "asset_id": "101960417247168506932344245716018124823228697416789383793827169536991551111490", "timestamp": "1769384236263", "hash": "091f3ba8fdce8d1e82d63368d7618ee0e2acc6da", "bids": [{"price": "0.01", "size": "1810"}, {"price": "0.02", "size": "500"}, {"price": "0.03", "size": "200"}, {"price": "0.04", "size": "250"}, {"price": "0.05", "size": "30"}, {"price": "0.06", "size": "283"}, {"price": "0.07", "size": "16"}, {"price": "0.21", "size": "9"}, {"price": "0.23", "size": "10"}, {"price": "0.24", "size": "20"}, {"price": "0.87", "size": "5"}, {"price": "0.88", "size": "37.91"}], "asks": [{"price": "0.99", "size": "60"}, {"price": "0.92", "size": "10000"}, {"price": "0.91", "size": "211.1"}], "event_type": "book", "last_trade_price": ""}, {"market": "0xff89cc3bc445960784b9c0bbc6579228c2f681f2e0b2b0b50e2b75b5606ea790", "asset_id": "103725953422413743472672897650509544508477933081822412518213763625105418265307", "timestamp": "1769384445832", "hash": "e9a00dc52c587742826af1116d7b2cb58571370b", "bids": [{"price": "0.01", "size": "1810"}, {"price": "0.02", "size": "500"}, {"price": "0.03", "size": "200"}, {"price": "0.04", "size": "250"}, {"price": "0.05", "size": "30"}, {"price": "0.06", "size": "283"}, {"price": "0.08", "size": "70"}, {"price": "0.16", "size": "12"}, {"price": "0.41", "size": "86.36"}, {"price": "0.47", "size": "10"}, {"price": "0.49", "size": "17.85"}, {"price": "0.5", "size": "20"}], "asks": [{"price": "0.99", "size": "60"}], "event_type": "book", "last_trade_price": ""}, {"market": "0x69640c4abfea677e8fa053241e95bf5a838fdd214f69e425d2ea87966a4fe95d", "asset_id": "5732596693470161425530770544181522071880886700861486601427814402426115846089", "timestamp": "1769384445832", "hash": "39eb5d0a0905a8804fe1038dbd0f2c0ab954e59c", "bids": [{"price": "0.001", "size": "2715.99"}, {"price": "0.002", "size": "250"}, {"price": "0.003", "size": "166"}, {"price": "0.006", "size": "83"}, {"price": "0.01", "size": "1810"}, {"price": "0.02", "size": "500"}, {"price": "0.021", "size": "200"}, {"price": "0.04", "size": "250"}, {"price": "0.05", "size": "30"}, {"price": "0.051", "size": "39"}, {"price": "0.06", "size": "250"}, {"price": "0.083", "size": "12"}, {"price": "0.192", "size": "86.36"}, {"price": "0.193", "size": "96.36"}, {"price": "0.195", "size": "17.86"}, {"price": "0.196", "size": "20"}], "asks": [{"price": "0.999", "size": "1265.99"}, {"price": "0.998", "size": "200"}, {"price": "0.994", "size": "120"}, {"price": "0.99", "size": "69.6"}], "event_type": "book", "last_trade_price": ""}, {"market": "0xd8ebca9b4fd45377d5affcbeaf85e88b0ac4b3b363db24f5244e6878e8d2ae7c", "asset_id": "18184359940959208591781209962579756240652110266130326694409496420668268707172", "timestamp": "1769384445832", "hash": "75864c5bb1b424e5a83181bc19d5ed7200be44fd", "bids": [{"price": "0.01", "size": "1810"}, {"price": "0.02", "size": "500"}, {"price": "0.03", "size": "200"}, {"price": "0.04", "size": "250"}, {"price": "0.05", "size": "30"}, {"price": "0.06", "size": "283"}, {"price": "0.09", "size": "112"}, {"price": "0.43", "size": "10"}, {"price": "0.48", "size": "17.85"}, {"price": "0.49", "size": "20"}], "asks": [{"price": "0.99", "size": "60"}], "event_type": "book", "last_trade_price": ""}, {"market": "0xdfd05a95079162e60640ab48f4df85e600fca6b5d9d09ae7a99ec697aaff613b", "asset_id": "12879814326424880335000526731275801517465432713683467634338145208917493258610", "timestamp": "1769384369349", "hash": "e145be193143567524bcf690ca80ec4ef6560051", "bids": [{"price": "0.01", "size": "60"}, {"price": "0.04", "size": "225"}, {"price": "0.05", "size": "20"}], "asks": [{"price": "0.99", "size": "1810"}, {"price": "0.98", "size": "500"}, {"price": "0.97", "size": "200"}, {"price": "0.96", "size": "250"}, {"price": "0.95", "size": "80"}, {"price": "0.94", "size": "283"}, {"price": "0.92", "size": "25"}, {"price": "0.86", "size": "43"}, {"price": "0.78", "size": "86.36"}, {"price": "0.77", "size": "96.36"}, {"price": "0.76", "size": "20"}], "event_type": "book", "last_trade_price": ""}, {"market": "0xd50e26edc4c7d5d2bfa9edcbeec411d65b174be95cfde2455aa86731a2c4d036", "asset_id": "28951322408341598156420932297043999231464805346746706400842347808377972870916", "timestamp": "1769384372379", "hash": "bccc3f78c7f2313eb9b71961df71298aa1c99b23", "bids": [{"price": "0.01", "size": "1800"}, {"price": "0.02", "size": "500"}, {"price": "0.03", "size": "200"}, {"price": "0.04", "size": "250"}, {"price": "0.06", "size": "250"}, {"price": "0.07", "size": "16"}, {"price": "0.08", "size": "25"}, {"price": "0.34", "size": "10"}, {"price": "0.35", "size": "20"}, {"price": "0.71", "size": "27.58"}], "asks": [{"price": "0.99", "size": "10"}, {"price": "0.95", "size": "125"}, {"price": "0.9", "size": "100"}, {"price": "0.88", "size": "116.01"}], "event_type": "book", "last_trade_price": ""}, {"market": "0xf5f4c382a1493962e0b0c572de118e6ddb1db6fec2065fdc349f34aae731d5ad", "asset_id": "101010447008040604329278014148935547716274860620658517454942215109560581365693", "timestamp": "1769384445832", "hash": "58d856ef948d3d736918e1df3b002a17bbd4bda8", "bids": [{"price": "0.01", "size": "1810"}, {"price": "0.02", "size": "500"}, {"price": "0.03", "size": "200"}, {"price": "0.04", "size": "250"}, {"price": "0.05", "size": "30"}, {"price": "0.06", "size": "283"}, {"price": "0.07", "size": "141"}, {"price": "0.1", "size": "20"}, {"price": "0.42", "size": "10"}, {"price": "0.5", "size": "37.85"}], "asks": [{"price": "0.99", "size": "60"}], "event_type": "book", "last_trade_price": ""}, {"market": "0x27c024a78c9233f2b79b1e9b881fda33f4c030a1cfe710d8a0f9c21565ef4ecb", "asset_id": "38784844843807697914820676740154411523207098334855725351981618943661443186218", "timestamp": "1769384445832", "hash": "55445d9972b8c8861003e00a3b4903dec829244c", "bids": [{"price": "0.01", "size": "1810"}, {"price": "0.02", "size": "500"}, {"price": "0.03", "size": "200"}, {"price": "0.04", "size": "250"}, {"price": "0.05", "size": "30"}, {"price": "0.06", "size": "283"}, {"price": "0.08", "size": "70"}, {"price": "0.09", "size": "22"}, {"price": "0.41", "size": "86.36"}, {"price": "0.47", "size": "10"}, {"price": "0.49", "size": "17.85"}, {"price": "0.5", "size": "20"}], "asks": [{"price": "0.99", "size": "60"}], "event_type": "book", "last_trade_price": ""}, {"market": "0xf5f4c382a1493962e0b0c572de118e6ddb1db6fec2065fdc349f34aae731d5ad", "asset_id": "58011376234461959569721418890133652132697140048740505927587770435111368075320", "timestamp": "1769384445832", "hash": "dec298d3a3011f541dc0a155eb6398feae88b2c3", "bids": [{"price": "0.01", "size": "60"}], "asks": [{"price": "0.99", "size": "1810"}, {"price": "0.98", "size": "500"}, {"price": "0.97", "size": "200"}, {"price": "0.96", "size": "250"}, {"price": "0.95", "size": "30"}, {"price": "0.94", "size": "283"}, {"price": "0.93", "size": "141"}, {"price": "0.9", "size": "20"}, {"price": "0.58", "size": "10"}, {"price": "0.5", "size": "37.85"}], "event_type": "book", "last_trade_price": ""}, {"market": "0x97c2d0438f10dd37be32c578e718357a5f1bfd06efa5db29bbf4ade796659292", "asset_id": "58631904538639205619407650291048039196920754955312190005249856353373471671190", "timestamp": "1769384437283", "hash": "5ac8ede6ee0a98e08d898a5fb16845a303958468", "bids": [{"price": "0.01", "size": "1810"}, {"price": "0.02", "size": "500"}, {"price": "0.03", "size": "200"}, {"price": "0.04", "size": "250"}, {"price": "0.05", "size": "30"}, {"price": "0.06", "size": "283"}, {"price": "0.1", "size": "43"}, {"price": "0.29", "size": "6"}, {"price": "0.32", "size": "10"}, {"price": "0.33", "size": "20"}, {"price": "0.51", "size": "43"}, {"price": "0.88", "size": "5"}], "asks": [{"price": "0.99", "size": "60"}, {"price": "0.98", "size": "59.99"}], "event_type": "book", "last_trade_price": ""}, {"market": "0xd50e26edc4c7d5d2bfa9edcbeec411d65b174be95cfde2455aa86731a2c4d036", "asset_id": "60285307494212907815911525135113808674582218992685451831899236569688589487009", "timestamp": "1769384372379", "hash": "8c34a48ed68a0ea6f5ed4744a12be1775640256f", "bids": [{"price": "0.01", "size": "10"}, {"price": "0.05", "size": "125"}, {"price": "0.1", "size": "100"}, {"price": "0.12", "size": "116.01"}], "asks": [{"price": "0.99", "size": "1800"}, {"price": "0.98", "size": "500"}, {"price": "0.97", "size": "200"}, {"price": "0.96", "size": "250"}, {"price": "0.94", "size": "250"}, {"price": "0.93", "size": "16"}, {"price": "0.92", "size": "25"}, {"price": "0.66", "size": "10"}, {"price": "0.65", "size": "20"}, {"price": "0.29", "size": "27.58"}], "event_type": "book", "last_trade_price": ""}, {"market": "0x69640c4abfea677e8fa053241e95bf5a838fdd214f69e425d2ea87966a4fe95d", "asset_id": "22645719723399480296887627383949655119799205233792642547809019705489340018359", "timestamp": "1769384445832", "hash": "e2c1e59d2b75bbc03c32cc4d5dfae9e89d73c905", "bids": [{"price": "0.001", "size": "1265.99"}, {"price": "0.002", "size": "200"}, {"price": "0.006", "size": "120"}, {"price": "0.01", "size": "69.6"}], "asks": [{"price": "0.999", "size": "2715.99"}, {"price": "0.998", "size": "250"}, {"price": "0.997", "size": "166"}, {"price": "0.994", "size": "83"}, {"price": "0.99", "size": "1810"}, {"price": "0.98", "size": "500"}, {"price": "0.979", "size": "200"}, {"price": "0.96", "size": "250"}, {"price": "0.95", "size": "30"}, {"price": "0.949", "size": "39"}, {"price": "0.94", "size": "250"}, {"price": "0.917", "size": "12"}, {"price": "0.808", "size": "86.36"}, {"price": "0.807", "size": "96.36"}, {"price": "0.805", "size": "17.86"}, {"price": "0.804", "size": "20"}], "event_type": "book", "last_trade_price": ""}, {"market": "0x97c2d0438f10dd37be32c578e718357a5f1bfd06efa5db29bbf4ade796659292", "asset_id": "16378532440061541686560300866488577156506036017719664595359652619304354105304", "timestamp": "1769384437283", "hash": "ddf5948f1c45296978afaaf2bf112fe2e4ec4faa", "bids": [{"price": "0.01", "size": "60"}, {"price": "0.02", "size": "59.99"}], "asks": [{"price": "0.99", "size": "1810"}, {"price": "0.98", "size": "500"}, {"price": "0.97", "size": "200"}, {"price": "0.96", "size": "250"}, {"price": "0.95", "size": "30"}, {"price": "0.94", "size": "283"}, {"price": "0.9", "size": "43"}, {"price": "0.71", "size": "6"}, {"price": "0.68", "size": "10"}, {"price": "0.67", "size": "20"}, {"price": "0.49", "size": "43"}, {"price": "0.12", "size": "5"}], "event_type": "book", "last_trade_price": ""}, {"market": "0xa8ea8529a2a1907c638a6a23fa47e7397817794a53539f219ccd4c8f9a71f2db", "asset_id": "105063659813383319088595663067312591010174124442742746950095373750451427622761", "timestamp": "1769384232516", "hash": "a11c3f6bb1e3c6db97e685f2671d2bb159280223", "bids": [{"price": "0.01", "size": "60"}, {"price": "0.02", "size": "30"}, {"price": "0.03", "size": "50"}, {"price": "0.05", "size": "12.03"}, {"price": "0.1", "size": "50"}, {"price": "0.15", "size": "50"}, {"price": "0.19", "size": "30.26"}], "asks": [{"price": "0.99", "size": "1810"}, {"price": "0.98", "size": "500"}, {"price": "0.97", "size": "200"}, {"price": "0.96", "size": "250"}, {"price": "0.95", "size": "10"}, {"price": "0.94", "size": "250"}, {"price": "0.91", "size": "30"}, {"price": "0.9", "size": "20"}, {"price": "0.88", "size": "73"}, {"price": "0.87", "size": "20"}, {"price": "0.45", "size": "50"}, {"price": "0.4", "size": "57.96"}, {"price": "0.35", "size": "2.85"}], "event_type": "book", "last_trade_price": ""}, {"market": "0xa8ea8529a2a1907c638a6a23fa47e7397817794a53539f219ccd4c8f9a71f2db", "asset_id": "92280573078394525707472752139848747754488378415033588212381105215995844984092", "timestamp": "1769384232516", "hash": "73e7c9773d166652f3002027ececa262d9b00f1a", "bids": [{"price": "0.01", "size": "1810"}, {"price": "0.02", "size": "500"}, {"price": "0.03", "size": "200"}, {"price": "0.04", "size": "250"}, {"price": "0.05", "size": "10"}, {"price": "0.06", "size": "250"}, {"price": "0.09", "size": "30"}, {"price": "0.1", "size": "20"}, {"price": "0.12", "size": "73"}, {"price": "0.13", "size": "20"}, {"price": "0.55", "size": "50"}, {"price": "0.6", "size": "57.96"}, {"price": "0.65", "size": "2.85"}], "asks": [{"price": "0.99", "size": "60"}, {"price": "0.98", "size": "30"}, {"price": "0.97", "size": "50"}, {"price": "0.95", "size": "12.03"}, {"price": "0.9", "size": "50"}, {"price": "0.85", "size": "50"}, {"price": "0.81", "size": "30.26"}], "event_type": "book", "last_trade_price": ""}, {"market": "0x27c024a78c9233f2b79b1e9b881fda33f4c030a1cfe710d8a0f9c21565ef4ecb", "asset_id": "56189576475956362635979652544908626165580791359431757389384603395842127962711", "timestamp": "1769384445832", "hash": "5950d9e9ffa7c8ddcc20d81187f43b5495ce88b3", "bids": [{"price": "0.01", "size": "60"}], "asks": [{"price": "0.99", "size": "1810"}, {"price": "0.98", "size": "500"}, {"price": "0.97", "size": "200"}, {"price": "0.96", "size": "250"}, {"price": "0.95", "size": "30"}, {"price": "0.94", "size": "283"}, {"price": "0.92", "size": "70"}, {"price": "0.91", "size": "22"}, {"price": "0.59", "size": "86.36"}, {"price": "0.53", "size": "10"}, {"price": "0.51", "size": "17.85"}, {"price": "0.5", "size": "20"}], "event_type": "book", "last_trade_price": ""}, {"market": "0x7641183562e11eafc2104317d320903e366dbbc72365dba1b642178b606b7e8e", "asset_id": "15350351316723951048149101434454695978330315628997617434273712709856658543733", "timestamp": "1769384410291", "hash": "90602425820eca5278bc89b6e2b351a0680596de", "bids": [{"price": "0.01", "size": "1810"}, {"price": "0.02", "size": "500"}, {"price": "0.03", "size": "200"}, {"price": "0.04", "size": "250"}, {"price": "0.05", "size": "80"}, {"price": "0.06", "size": "283"}, {"price": "0.07", "size": "33"}, {"price": "0.08", "size": "25"}, {"price": "0.33", "size": "10"}, {"price": "0.34", "size": "20"}, {"price": "0.55", "size": "35"}, {"price": "0.56", "size": "7.42"}], "asks": [{"price": "0.99", "size": "60"}, {"price": "0.96", "size": "120"}, {"price": "0.95", "size": "10"}], "event_type": "book", "last_trade_price": ""}, {"market": "0x7641183562e11eafc2104317d320903e366dbbc72365dba1b642178b606b7e8e", "asset_id": "84786072093733178623464982703048632449273034834327545705181016615404031695100", "timestamp": "1769384410291", "hash": "5f6735bc84b6463b8782131f5b2ec659198c7d26", "bids": [{"price": "0.01", "size": "60"}, {"price": "0.04", "size": "120"}, {"price": "0.05", "size": "10"}], "asks": [{"price": "0.99", "size": "1810"}, {"price": "0.98", "size": "500"}, {"price": "0.97", "size": "200"}, {"price": "0.96", "size": "250"}, {"price": "0.95", "size": "80"}, {"price": "0.94", "size": "283"}, {"price": "0.93", "size": "33"}, {"price": "0.92", "size": "25"}, {"price": "0.67", "size": "10"}, {"price": "0.66", "size": "20"}, {"price": "0.45", "size": "35"}, {"price": "0.44", "size": "7.42"}], "event_type": "book", "last_trade_price": ""}, {"market": "0x1b0d72d17beda3f048989a9db1a497b73fa1c9f717d45653688d02e19c24efc0", "asset_id": "14244928131471316074725627908346305804177897635265802218130614122671801850304", "timestamp": "1769384236263", "hash": "ade4045778c00d03b3168560a43e153f0b5852a8", "bids": [{"price": "0.01", "size": "60"}, {"price": "0.08", "size": "10000"}, {"price": "0.09", "size": "211.1"}], "asks": [{"price": "0.99", "size": "1810"}, {"price": "0.98", "size": "500"}, {"price": "0.97", "size": "200"}, {"price": "0.96", "size": "250"}, {"price": "0.95", "size": "30"}, {"price": "0.94", "size": "283"}, {"price": "0.93", "size": "16"}, {"price": "0.79", "size": "9"}, {"price": "0.77", "size": "10"}, {"price": "0.76", "size": "20"}, {"price": "0.13", "size": "5"}, {"price": "0.12", "size": "37.91"}], "event_type": "book", "last_trade_price": ""}]}
{"_local_timestamp": "2026-01-25T23:41:12.044226+00:00", "data": {"market": "0x69640c4abfea677e8fa053241e95bf5a838fdd214f69e425d2ea87966a4fe95d", "price_changes": [{"asset_id": "5732596693470161425530770544181522071880886700861486601427814402426115846089", "price": "0.192", "size": "0", "side": "BUY", "hash": "00f665f8740cddd67c279064bfce733e1d13c669", "best_bid": "0.196", "best_ask": "0.99"}, {"asset_id": "22645719723399480296887627383949655119799205233792642547809019705489340018359", "price": "0.808", "size": "0", "side": "SELL", "hash": "4fb4bf39eb9a92f662d8f77eb94834425aa542b0", "best_bid": "0.01", "best_ask": "0.804"}], "timestamp": "1769384471926", "event_type": "price_change"}}
{"_local_timestamp": "2026-01-25T23:41:12.054473+00:00", "data": {"market": "0xff89cc3bc445960784b9c0bbc6579228c2f681f2e0b2b0b50e2b75b5606ea790", "price_changes": [{"asset_id": "103725953422413743472672897650509544508477933081822412518213763625105418265307", "price": "0.41", "size": "0", "side": "BUY", "hash": "e62b59f29b96dc002470c077fa0c6e6a98524d87", "best_bid": "0.5", "best_ask": "0.99"}, {"asset_id": "27601945905551416063209824859220794432095674834946197347165423907848648510363", "price": "0.59", "size": "0", "side": "SELL", "hash": "3200dc8a5ce8e856a240877ae4a2f6c1eb63350e", "best_bid": "0.01", "best_ask": "0.5"}], "timestamp": "1769384471928", "event_type": "price_change"}}
{"_local_timestamp": "2026-01-25T23:41:12.055173+00:00", "data": {"market": "0x27c024a78c9233f2b79b1e9b881fda33f4c030a1cfe710d8a0f9c21565ef4ecb", "price_changes": [{"asset_id": "38784844843807697914820676740154411523207098334855725351981618943661443186218", "price": "0.41", "size": "0", "side": "BUY", "hash": "177ccd867736a959a8ab90868cfb4e46581e6aea", "best_bid": "0.5", "best_ask": "0.99"}, {"asset_id": "56189576475956362635979652544908626165580791359431757389384603395842127962711", "price": "0.59", "size": "0", "side": "SELL", "hash": "34fe225b848345752a5b8b6bc9581eb97c6c9015", "best_bid": "0.01", "best_ask": "0.5"}], "timestamp": "1769384471927", "event_type": "price_change"}}
{"_local_timestamp": "2026-01-25T23:41:12.200980+00:00", "data": {"market": "0xd50e26edc4c7d5d2bfa9edcbeec411d65b174be95cfde2455aa86731a2c4d036", "price_changes": [{"asset_id": "28951322408341598156420932297043999231464805346746706400842347808377972870916", "price": "0.34", "size": "0", "side": "BUY", "hash": "7fc2f611ee55ed67f9ab331a61cf8589df44d2e6", "best_bid": "0.71", "best_ask": "0.88"}, {"asset_id": "60285307494212907815911525135113808674582218992685451831899236569688589487009", "price": "0.66", "size": "0", "side": "SELL", "hash": "937afcce235d31fefb7fea9007f75a821def3c76", "best_bid": "0.12", "best_ask": "0.29"}], "timestamp": "1769384472057", "event_type": "price_change"}}
{"_local_timestamp": "2026-01-25T23:41:12.285070+00:00", "data": {"market": "0xd50e26edc4c7d5d2bfa9edcbeec411d65b174be95cfde2455aa86731a2c4d036", "price_changes": [{"asset_id": "28951322408341598156420932297043999231464805346746706400842347808377972870916", "price": "0.09", "size": "23", "side": "BUY", "hash": "b849062bd01b4bc642c4bffcb998b3b137b858b2", "best_bid": "0.71", "best_ask": "0.88"}, {"asset_id": "60285307494212907815911525135113808674582218992685451831899236569688589487009", "price": "0.91", "size": "23", "side": "SELL", "hash": "1e29a5da01807df10386c24362e5724bbae8e4ba", "best_bid": "0.12", "best_ask": "0.29"}], "timestamp": "1769384472182", "event_type": "price_change"}}
{"_local_timestamp": "2026-01-25T23:41:12.286189+00:00", "data": {"market": "0xd50e26edc4c7d5d2bfa9edcbeec411d65b174be95cfde2455aa86731a2c4d036", "price_changes": [{"asset_id": "28951322408341598156420932297043999231464805346746706400842347808377972870916", "price": "0.36", "size": "10", "side": "BUY", "hash": "71ec7401be276cd19aec32bb35a0782281d91042", "best_bid": "0.71", "best_ask": "0.88"}, {"asset_id": "60285307494212907815911525135113808674582218992685451831899236569688589487009", "price": "0.64", "size": "10", "side": "SELL", "hash": "01bdfd90bb04d79d147d8a5ec6b2d164e2fd9e18", "best_bid": "0.12", "best_ask": "0.29"}], "timestamp": "1769384472186", "event_type": "price_change"}}
{"_local_timestamp": "2026-01-25T23:41:13.311262+00:00", "data": {"market": "0xd50e26edc4c7d5d2bfa9edcbeec411d65b174be95cfde2455aa86731a2c4d036", "price_changes": [{"asset_id": "28951322408341598156420932297043999231464805346746706400842347808377972870916", "price": "0.35", "size": "0", "side": "BUY", "hash": "379c84f5aca10647b90423336bcf12d6f52e7621", "best_bid": "0.71", "best_ask": "0.88"}, {"asset_id": "60285307494212907815911525135113808674582218992685451831899236569688589487009", "price": "0.65", "size": "0", "side": "SELL", "hash": "6a1d80f1762354f043922eaf04c66128b71ef2f5", "best_bid": "0.12", "best_ask": "0.29"}], "timestamp": "1769384473245", "event_type": "price_change"}}
{"_local_timestamp": "2026-01-25T23:41:13.350859+00:00", "data": {"market": "0xd50e26edc4c7d5d2bfa9edcbeec411d65b174be95cfde2455aa86731a2c4d036", "price_changes": [{"asset_id": "28951322408341598156420932297043999231464805346746706400842347808377972870916", "price": "0.37", "size": "20", "side": "BUY", "hash": "8c7012f792037fe1cc550f8f6f80bf0529134ed9", "best_bid": "0.71", "best_ask": "0.88"}, {"asset_id": "60285307494212907815911525135113808674582218992685451831899236569688589487009", "price": "0.63", "size": "20", "side": "SELL", "hash": "d12a47a92cdc348cee47f90ee51d5093084e70e4", "best_bid": "0.12", "best_ask": "0.29"}], "timestamp": "1769384473278", "event_type": "price_change"}}
{"_local_timestamp": "2026-01-25T23:41:53.354691+00:00", "data": {"market": "0x69640c4abfea677e8fa053241e95bf5a838fdd214f69e425d2ea87966a4fe95d", "price_changes": [{"asset_id": "5732596693470161425530770544181522071880886700861486601427814402426115846089", "price": "0.06", "size": "550", "side": "BUY", "hash": "35576ed80965f84523d41fb0ad7d3783208dc6e1", "best_bid": "0.196", "best_ask": "0.99"}, {"asset_id": "22645719723399480296887627383949655119799205233792642547809019705489340018359", "price": "0.94", "size": "550", "side": "SELL", "hash": "533fdf3aa889ec0477296ce18ae1bb34f0ff22d9", "best_bid": "0.01", "best_ask": "0.804"}], "timestamp": "1769384513278", "event_type": "price_change"}}
{"_local_timestamp": "2026-01-25T23:42:14.293039+00:00", "data": {"market": "0xff89cc3bc445960784b9c0bbc6579228c2f681f2e0b2b0b50e2b75b5606ea790", "price_changes": [{"asset_id": "27601945905551416063209824859220794432095674834946197347165423907848648510363", "price": "0.51", "size": "0", "side": "SELL", "hash": "b7555cd2c629a61ef56852eae1c4a24d5e4593f7", "best_bid": "0.01", "best_ask": "0.5"}, {"asset_id": "103725953422413743472672897650509544508477933081822412518213763625105418265307", "price": "0.49", "size": "0", "side": "BUY", "hash": "f774df27ec3d1465af1d3b3feaf2fac637a886e6", "best_bid": "0.5", "best_ask": "0.99"}], "timestamp": "1769384534222", "event_type": "price_change"}}
{"_local_timestamp": "2026-01-25T23:42:14.293916+00:00", "data": {"market": "0x69640c4abfea677e8fa053241e95bf5a838fdd214f69e425d2ea87966a4fe95d", "price_changes": [{"asset_id": "22645719723399480296887627383949655119799205233792642547809019705489340018359", "price": "0.805", "size": "0", "side": "SELL", "hash": "9370fd86ebf250bb89547330a124639acfc03213", "best_bid": "0.01", "best_ask": "0.804"}, {"asset_id": "5732596693470161425530770544181522071880886700861486601427814402426115846089", "price": "0.195", "size": "0", "side": "BUY", "hash": "fac1f3c20bf8694bf4fe55c254efcabfc64bfe30", "best_bid": "0.196", "best_ask": "0.99"}], "timestamp": "1769384534222", "event_type": "price_change"}}
{"_local_timestamp": "2026-01-25T23:42:14.395958+00:00", "data": {"market": "0xf5f4c382a1493962e0b0c572de118e6ddb1db6fec2065fdc349f34aae731d5ad", "price_changes": [{"asset_id": "58011376234461959569721418890133652132697140048740505927587770435111368075320", "price": "0.5", "size": "20", "side": "SELL", "hash": "cab6ae90393bb7717616a8742b9be40d2f9608be", "best_bid": "0.01", "best_ask": "0.5"}, {"asset_id": "101010447008040604329278014148935547716274860620658517454942215109560581365693", "price": "0.5", "size": "20", "side": "BUY", "hash": "68f191cdc098154d813ab1ebe668498d306fd598", "best_bid": "0.5", "best_ask": "0.99"}], "timestamp": "1769384534322", "event_type": "price_change"}}
{"_local_timestamp": "2026-01-25T23:42:14.396329+00:00", "data": {"market": "0xd8ebca9b4fd45377d5affcbeaf85e88b0ac4b3b363db24f5244e6878e8d2ae7c", "price_changes": [{"asset_id": "95050029404559112034768961053676083820963597280812405526023629282305898258478", "price": "0.52", "size": "0", "side": "SELL", "hash": "7782eabe7f8822dee4401438e9dc0504a998bad2", "best_bid": "0.01", "best_ask": "0.51"}, {"asset_id": "18184359940959208591781209962579756240652110266130326694409496420668268707172", "price": "0.48", "size": "0", "side": "BUY", "hash": "d55740619b4b4f9f89d006290367b13a1eec8250", "best_bid": "0.49", "best_ask": "0.99"}], "timestamp": "1769384534322", "event_type": "price_change"}}
{"_local_timestamp": "2026-01-25T23:42:14.396625+00:00", "data": {"market": "0x27c024a78c9233f2b79b1e9b881fda33f4c030a1cfe710d8a0f9c21565ef4ecb", "price_changes": [{"asset_id": "56189576475956362635979652544908626165580791359431757389384603395842127962711", "price": "0.51", "size": "0", "side": "SELL", "hash": "a4941489c12e895a05a90007d7482390f80763b9", "best_bid": "0.01", "best_ask": "0.5"}, {"asset_id": "38784844843807697914820676740154411523207098334855725351981618943661443186218", "price": "0.49", "size": "0", "side": "BUY", "hash": "ce4b51ba2049e2745e7acf3eefc0bffd9cdd8710", "best_bid": "0.5", "best_ask": "0.99"}], "timestamp": "1769384534322", "event_type": "price_change"}}
{"_local_timestamp": "2026-01-25T23:42:14.532764+00:00", "data": {"market": "0x69640c4abfea677e8fa053241e95bf5a838fdd214f69e425d2ea87966a4fe95d", "price_changes": [{"asset_id": "5732596693470161425530770544181522071880886700861486601427814402426115846089", "price": "0.196", "size": "0", "side": "BUY", "hash": "54d4b3b13de6189170a6ef355258e93bf3be27aa", "best_bid": "0.193", "best_ask": "0.99"}, {"asset_id": "22645719723399480296887627383949655119799205233792642547809019705489340018359", "price": "0.804", "size": "0", "side": "SELL", "hash": "56697108aa1ab3dc63f2173d0d8395c67ae2df52", "best_bid": "0.01", "best_ask": "0.807"}], "timestamp": "1769384534452", "event_type": "price_change"}}
{"_local_timestamp": "2026-01-25T23:42:14.533232+00:00", "data": {"market": "0xff89cc3bc445960784b9c0bbc6579228c2f681f2e0b2b0b50e2b75b5606ea790", "price_changes": [{"asset_id": "103725953422413743472672897650509544508477933081822412518213763625105418265307", "price": "0.5", "size": "0", "side": "BUY", "hash": "c7caf39b3e93b965b4b332c13036286a1495e93c", "best_bid": "0.47", "best_ask": "0.99"}, {"asset_id": "27601945905551416063209824859220794432095674834946197347165423907848648510363", "price": "0.5", "size": "0", "side": "SELL", "hash": "7d709e3cb8fa9ccf52e0ff53d66a8fe70f6a17d5", "best_bid": "0.01", "best_ask": "0.53"}], "timestamp": "1769384534452", "event_type": "price_change"}}
{"_local_timestamp": "2026-01-25T23:42:14.555806+00:00", "data": {"market": "0x69640c4abfea677e8fa053241e95bf5a838fdd214f69e425d2ea87966a4fe95d", "price_changes": [{"asset_id": "5732596693470161425530770544181522071880886700861486601427814402426115846089", "price": "0.194", "size": "20", "side": "BUY", "hash": "a5adf39af412b0cdb157b14e3f214563989b8c92", "best_bid": "0.194", "best_ask": "0.99"}, {"asset_id": "22645719723399480296887627383949655119799205233792642547809019705489340018359", "price": "0.806", "size": "20", "side": "SELL", "hash": "ea02166e6c72f1a72a0de2f142098edb7fbf30dc", "best_bid": "0.01", "best_ask": "0.806"}], "timestamp": "1769384534484", "event_type": "price_change"}}
{"_local_timestamp": "2026-01-25T23:42:14.556247+00:00", "data": {"market": "0xff89cc3bc445960784b9c0bbc6579228c2f681f2e0b2b0b50e2b75b5606ea790", "price_changes": [{"asset_id": "103725953422413743472672897650509544508477933081822412518213763625105418265307", "price": "0.48", "size": "20", "side": "BUY", "hash": "29a919b303f6676a3b72853c99c905fde4921b1b", "best_bid": "0.48", "best_ask": "0.99"}, {"asset_id": "27601945905551416063209824859220794432095674834946197347165423907848648510363", "price": "0.52", "size": "20", "side": "SELL", "hash": "adf87f71d3b1265d2943d84e1a1128dd716befae", "best_bid": "0.01", "best_ask": "0.52"}], "timestamp": "1769384534484", "event_type": "price_change"}}
{"_local_timestamp": "2026-01-25T23:42:15.321923+00:00", "data": {"market": "0x69640c4abfea677e8fa053241e95bf5a838fdd214f69e425d2ea87966a4fe95d", "price_changes": [{"asset_id": "22645719723399480296887627383949655119799205233792642547809019705489340018359", "price": "0.803", "size": "17.86", "side": "SELL", "hash": "a2f8ad0402c2f10ca929c9187e1e6a535e49aa39", "best_bid": "0.01", "best_ask": "0.803"}, {"asset_id": "5732596693470161425530770544181522071880886700861486601427814402426115846089", "price": "0.197", "size": "17.86", "side": "BUY", "hash": "42ec85d9d86a3930e84e3a88015751f4da15cf8d", "best_bid": "0.197", "best_ask": "0.99"}], "timestamp": "1769384535185", "event_type": "price_change"}}
{"_local_timestamp": "2026-01-25T23:42:15.400286+00:00", "data": {"market": "0x27c024a78c9233f2b79b1e9b881fda33f4c030a1cfe710d8a0f9c21565ef4ecb", "price_changes": [{"asset_id": "56189576475956362635979652544908626165580791359431757389384603395842127962711", "price": "0.49", "size": "17.85", "side": "SELL", "hash": "becf899a03d748e6bbe93967de2a5f394b1e6e1c", "best_bid": "0.01", "best_ask": "0.49"}, {"asset_id": "38784844843807697914820676740154411523207098334855725351981618943661443186218", "price": "0.51", "size": "17.85", "side": "BUY", "hash": "dac4329ceab79a65bb39439e0329af8a20ada31e", "best_bid": "0.51", "best_ask": "0.99"}], "timestamp": "1769384535329", "event_type": "price_change"}}
{"_local_timestamp": "2026-01-25T23:42:15.400767+00:00", "data": {"market": "0xff89cc3bc445960784b9c0bbc6579228c2f681f2e0b2b0b50e2b75b5606ea790", "price_changes": [{"asset_id": "27601945905551416063209824859220794432095674834946197347165423907848648510363", "price": "0.49", "size": "17.85", "side": "SELL", "hash": "66ad79b9acb63c102bdad1f6e19f7794f0ce3231", "best_bid": "0.01", "best_ask": "0.49"}, {"asset_id": "103725953422413743472672897650509544508477933081822412518213763625105418265307", "price": "0.51", "size": "17.85", "side": "BUY", "hash": "88195e4f0447f5219be6a9a1f37cd14e003532e7", "best_bid": "0.51", "best_ask": "0.99"}], "timestamp": "1769384535329", "event_type": "price_change"}}
{"_local_timestamp": "2026-01-25T23:42:15.401094+00:00", "data": {"market": "0xd8ebca9b4fd45377d5affcbeaf85e88b0ac4b3b363db24f5244e6878e8d2ae7c", "price_changes": [{"asset_id": "95050029404559112034768961053676083820963597280812405526023629282305898258478", "price": "0.5", "size": "17.85", "side": "SELL", "hash": "1fd11ccf9e9744dff997d0365e7efb83ed354d22", "best_bid": "0.01", "best_ask": "0.5"}, {"asset_id": "18184359940959208591781209962579756240652110266130326694409496420668268707172", "price": "0.5", "size": "17.85", "side": "BUY", "hash": "0bad697d15d752346d0b2fbb0163998179bdace3", "best_bid": "0.5", "best_ask": "0.99"}], "timestamp": "1769384535329", "event_type": "price_change"}}
{"_local_timestamp": "2026-01-25T23:42:15.401449+00:00", "data": {"market": "0xf5f4c382a1493962e0b0c572de118e6ddb1db6fec2065fdc349f34aae731d5ad", "price_changes": [{"asset_id": "58011376234461959569721418890133652132697140048740505927587770435111368075320", "price": "0.57", "size": "17.85", "side": "SELL", "hash": "ec74e82486078960ccd91307a238abfce1a42979", "best_bid": "0.01", "best_ask": "0.5"}, {"asset_id": "101010447008040604329278014148935547716274860620658517454942215109560581365693", "price": "0.43", "size": "17.85", "side": "BUY", "hash": "f75d945bc27cd158e639ddfd073ab7a3c45cd73d", "best_bid": "0.5", "best_ask": "0.99"}], "timestamp": "1769384535329", "event_type": "price_change"}}
{"_local_timestamp": "2026-01-25T23:42:15.667873+00:00", "data": {"market": "0xd8ebca9b4fd45377d5affcbeaf85e88b0ac4b3b363db24f5244e6878e8d2ae7c", "price_changes": [{"asset_id": "18184359940959208591781209962579756240652110266130326694409496420668268707172", "price": "0.49", "size": "0", "side": "BUY", "hash": "a3a2cdad2cafcca66d320c05eea5b9031da27bdc", "best_bid": "0.5", "best_ask": "0.99"}, {"asset_id": "95050029404559112034768961053676083820963597280812405526023629282305898258478", "price": "0.51", "size": "0", "side": "SELL", "hash": "7de35df53a77cec8935ed10a97680d9b347445a2", "best_bid": "0.01", "best_ask": "0.5"}], "timestamp": "1769384535591", "event_type": "price_change"}}
{"_local_timestamp": "2026-01-25T23:42:15.668348+00:00", "data": {"market": "0x27c024a78c9233f2b79b1e9b881fda33f4c030a1cfe710d8a0f9c21565ef4ecb", "price_changes": [{"asset_id": "38784844843807697914820676740154411523207098334855725351981618943661443186218", "price": "0.5", "size": "0", "side": "BUY", "hash": "9937905575d7d1c7a22d9cae45dcd33137f3e925", "best_bid": "0.51", "best_ask": "0.99"}, {"asset_id": "56189576475956362635979652544908626165580791359431757389384603395842127962711", "price": "0.5", "size": "0", "side": "SELL", "hash": "49f9844dbb8c3a6d326c8ab8d9d7af1663f6f0a8", "best_bid": "0.01", "best_ask": "0.49"}], "timestamp": "1769384535591", "event_type": "price_change"}}
{"_local_timestamp": "2026-01-25T23:42:15.668671+00:00", "data": {"market": "0x69640c4abfea677e8fa053241e95bf5a838fdd214f69e425d2ea87966a4fe95d", "price_changes": [{"asset_id": "5732596693470161425530770544181522071880886700861486601427814402426115846089", "price": "0.194", "size": "0", "side": "BUY", "hash": "aa1cf6e90ae15e4ce2725fc211dfb40faa4a7818", "best_bid": "0.197", "best_ask": "0.99"}, {"asset_id": "22645719723399480296887627383949655119799205233792642547809019705489340018359", "price": "0.806", "size": "0", "side": "SELL", "hash": "a2c51823e9117db05f7eeab8e113c02d94eee238", "best_bid": "0.01", "best_ask": "0.803"}], "timestamp": "1769384535591", "event_type": "price_change"}}
{"_local_timestamp": "2026-01-25T23:42:15.669058+00:00", "data": {"market": "0xf5f4c382a1493962e0b0c572de118e6ddb1db6fec2065fdc349f34aae731d5ad", "price_changes": [{"asset_id": "101010447008040604329278014148935547716274860620658517454942215109560581365693", "price": "0.5", "size": "0", "side": "BUY", "hash": "91000760c1814a2a64d4f20e84ddadacaefbaf52", "best_bid": "0.43", "best_ask": "0.99"}, {"asset_id": "58011376234461959569721418890133652132697140048740505927587770435111368075320", "price": "0.5", "size": "0", "side": "SELL", "hash": "e4d7df8a07b26a8b8dd98ffbfaaaaaa016c4e645", "best_bid": "0.01", "best_ask": "0.57"}], "timestamp": "1769384535591", "event_type": "price_change"}}
{"_local_timestamp": "2026-01-25T23:42:15.707580+00:00", "data": {"market": "0xd8ebca9b4fd45377d5affcbeaf85e88b0ac4b3b363db24f5244e6878e8d2ae7c", "price_changes": [{"asset_id": "18184359940959208591781209962579756240652110266130326694409496420668268707172", "price": "0.5", "size": "37.85", "side": "BUY", "hash": "c664a966560cda78372f97975de265cbca154383", "best_bid": "0.5", "best_ask": "0.99"}, {"asset_id": "95050029404559112034768961053676083820963597280812405526023629282305898258478", "price": "0.5", "size": "37.85", "side": "SELL", "hash": "14d63aeb8fb4aa095cec73b56e25bee9f0b037b1", "best_bid": "0.01", "best_ask": "0.5"}], "timestamp": "1769384535629", "event_type": "price_change"}}
{"_local_timestamp": "2026-01-25T23:42:15.708107+00:00", "data": {"market": "0xf5f4c382a1493962e0b0c572de118e6ddb1db6fec2065fdc349f34aae731d5ad", "price_changes": [{"asset_id": "101010447008040604329278014148935547716274860620658517454942215109560581365693", "price": "0.44", "size": "20", "side": "BUY", "hash": "b83b17b65e09d6e2f9d15b58ca5097dad00ce707", "best_bid": "0.44", "best_ask": "0.99"}, {"asset_id": "58011376234461959569721418890133652132697140048740505927587770435111368075320", "price": "0.56", "size": "20", "side": "SELL", "hash": "6bff70918702188c00741ed1bfaa7509cf5fc29b", "best_bid": "0.01", "best_ask": "0.56"}], "timestamp": "1769384535629", "event_type": "price_change"}}
{"_local_timestamp": "2026-01-25T23:42:15.708535+00:00", "data": {"market": "0x27c024a78c9233f2b79b1e9b881fda33f4c030a1cfe710d8a0f9c21565ef4ecb", "price_changes": [{"asset_id": "38784844843807697914820676740154411523207098334855725351981618943661443186218", "price": "0.48", "size": "20", "side": "BUY", "hash": "abbe33242534f3a22309874dfd29bbbdc74d205b", "best_bid": "0.51", "best_ask": "0.99"}, {"asset_id": "56189576475956362635979652544908626165580791359431757389384603395842127962711", "price": "0.52", "size": "20", "side": "SELL", "hash": "cdb72cf2f8ff82ce2e98437c0bab7120a1f39f5d", "best_bid": "0.01", "best_ask": "0.49"}], "timestamp": "1769384535629", "event_type": "price_change"}}
{"_local_timestamp": "2026-01-25T23:42:15.709387+00:00", "data": {"market": "0x69640c4abfea677e8fa053241e95bf5a838fdd214f69e425d2ea87966a4fe95d", "price_changes": [{"asset_id": "5732596693470161425530770544181522071880886700861486601427814402426115846089", "price": "0.198", "size": "20", "side": "BUY", "hash": "f6330eff74fbe97757fc0e2c1b92d31965ab333d", "best_bid": "0.198", "best_ask": "0.99"}, {"asset_id": "22645719723399480296887627383949655119799205233792642547809019705489340018359", "price": "0.802", "size": "20", "side": "SELL", "hash": "a2ad64c54c5c21008c1750bd1d0fa5f0f0a7e275", "best_bid": "0.01", "best_ask": "0.802"}], "timestamp": "1769384535629", "event_type": "price_change"}}
{"_local_timestamp": "2026-01-25T23:43:13.796067+00:00", "data": {"market": "0x69640c4abfea677e8fa053241e95bf5a838fdd214f69e425d2ea87966a4fe95d", "price_changes": [{"asset_id": "5732596693470161425530770544181522071880886700861486601427814402426115846089", "price": "0.06", "size": "250", "side": "BUY", "hash": "39e983825d5d8a2c0da77f64f05278a549fd4948", "best_bid": "0.198", "best_ask": "0.99"}, {"asset_id": "22645719723399480296887627383949655119799205233792642547809019705489340018359", "price": "0.94", "size": "250", "side": "SELL", "hash": "6cbfe0c314429e7f9b66586e4505cc4810340c7d", "best_bid": "0.01", "best_ask": "0.802"}], "timestamp": "1769384593727", "event_type": "price_change"}}
{"_local_timestamp": "2026-01-25T23:43:29.509124+00:00", "data": {"market": "0xd8ebca9b4fd45377d5affcbeaf85e88b0ac4b3b363db24f5244e6878e8d2ae7c", "price_changes": [{"asset_id": "18184359940959208591781209962579756240652110266130326694409496420668268707172", "price": "0.44", "size": "43", "side": "BUY", "hash": "b40fea3f8d1c96381fed988ee54628c914b4b849", "best_bid": "0.5", "best_ask": "0.99"}, {"asset_id": "95050029404559112034768961053676083820963597280812405526023629282305898258478", "price": "0.56", "size": "43", "side": "SELL", "hash": "148bf9b47ed1b5af2befb9012c0477d8f59fae86", "best_bid": "0.01", "best_ask": "0.5"}], "timestamp": "1769384609442", "event_type": "price_change"}}
{"_local_timestamp": "2026-01-25T23:43:29.510002+00:00", "data": {"market": "0xff89cc3bc445960784b9c0bbc6579228c2f681f2e0b2b0b50e2b75b5606ea790", "price_changes": [{"asset_id": "103725953422413743472672897650509544508477933081822412518213763625105418265307", "price": "0.49", "size": "43", "side": "BUY", "hash": "02d86b8ec9302c4505f9c3d136971337ec4e236c", "best_bid": "0.51", "best_ask": "0.99"}, {"asset_id": "27601945905551416063209824859220794432095674834946197347165423907848648510363", "price": "0.51", "size": "43", "side": "SELL", "hash": "a9d9ea1d9049fa47d0fd20b3685e6342e6784c09", "best_bid": "0.01", "best_ask": "0.49"}], "timestamp": "1769384609442", "event_type": "price_change"}}
{"_local_timestamp": "2026-01-25T23:43:29.518938+00:00", "data": {"market": "0x69640c4abfea677e8fa053241e95bf5a838fdd214f69e425d2ea87966a4fe95d", "price_changes": [{"asset_id": "5732596693470161425530770544181522071880886700861486601427814402426115846089", "price": "0.199", "size": "86.36", "side": "BUY", "hash": "5a6b193e5784b6411d83a3701f09e1ef634ec2a9", "best_bid": "0.199", "best_ask": "0.99"}, {"asset_id": "22645719723399480296887627383949655119799205233792642547809019705489340018359", "price": "0.801", "size": "86.36", "side": "SELL", "hash": "0ad3ed461fafbd0881349b17702b8b67aa887ee2", "best_bid": "0.01", "best_ask": "0.801"}], "timestamp": "1769384609442", "event_type": "price_change"}}
{"_local_timestamp": "2026-01-25T23:43:29.519416+00:00", "data": {"market": "0x27c024a78c9233f2b79b1e9b881fda33f4c030a1cfe710d8a0f9c21565ef4ecb", "price_changes": [{"asset_id": "38784844843807697914820676740154411523207098334855725351981618943661443186218", "price": "0.52", "size": "43", "side": "BUY", "hash": "3227eba639a5468d93cd8d58a0260922d9ce5642", "best_bid": "0.52", "best_ask": "0.99"}, {"asset_id": "56189576475956362635979652544908626165580791359431757389384603395842127962711", "price": "0.48", "size": "43", "side": "SELL", "hash": "ce693664d2321ceffc6d0be35aeaa4f034f7d6f4", "best_bid": "0.01", "best_ask": "0.48"}], "timestamp": "1769384609442", "event_type": "price_change"}}
{"_local_timestamp": "2026-01-25T23:43:29.519810+00:00", "data": {"market": "0x97c2d0438f10dd37be32c578e718357a5f1bfd06efa5db29bbf4ade796659292", "price_changes": [{"asset_id": "58631904538639205619407650291048039196920754955312190005249856353373471671190", "price": "0.33", "size": "106.36", "side": "BUY", "hash": "5695ead0f9c760b844207848c751cec35b4e973b", "best_bid": "0.88", "best_ask": "0.98"}, {"asset_id": "16378532440061541686560300866488577156506036017719664595359652619304354105304", "price": "0.67", "size": "106.36", "side": "SELL", "hash": "d4294286039ab9e4fc1b938d4aae7e71e3f71996", "best_bid": "0.02", "best_ask": "0.12"}], "timestamp": "1769384609442", "event_type": "price_change"}}
{"_local_timestamp": "2026-01-25T23:43:29.520270+00:00", "data": {"market": "0xf5f4c382a1493962e0b0c572de118e6ddb1db6fec2065fdc349f34aae731d5ad", "price_changes": [{"asset_id": "101010447008040604329278014148935547716274860620658517454942215109560581365693", "price": "0.45", "size": "86.36", "side": "BUY", "hash": "af26627119ca2a222d2962b5bfffaa7981f1c212", "best_bid": "0.45", "best_ask": "0.99"}, {"asset_id": "58011376234461959569721418890133652132697140048740505927587770435111368075320", "price": "0.55", "size": "86.36", "side": "SELL", "hash": "7a03c86c1240ba7b410ec9becad73c4284f67c48", "best_bid": "0.01", "best_ask": "0.55"}], "timestamp": "1769384609442", "event_type": "price_change"}}
{"_local_timestamp": "2026-01-25T23:43:29.520648+00:00", "data": {"market": "0xdfd05a95079162e60640ab48f4df85e600fca6b5d9d09ae7a99ec697aaff613b", "price_changes": [{"asset_id": "29738061948475170938926854347151381954908605540362797352178640064422740343935", "price": "0.24", "size": "106.36", "side": "BUY", "hash": "d50da11fec483453c99cc1deb6648bbeda22b496", "best_bid": "0.24", "best_ask": "0.95"}, {"asset_id": "12879814326424880335000526731275801517465432713683467634338145208917493258610", "price": "0.76", "size": "106.36", "side": "SELL", "hash": "039cb57477602e5c4ad4f5641ad841db93dc8213", "best_bid": "0.05", "best_ask": "0.76"}], "timestamp": "1769384609443", "event_type": "price_change"}}
{"_local_timestamp": "2026-01-25T23:43:29.521020+00:00", "data": {"market": "0xd8ebca9b4fd45377d5affcbeaf85e88b0ac4b3b363db24f5244e6878e8d2ae7c", "price_changes": [{"asset_id": "18184359940959208591781209962579756240652110266130326694409496420668268707172", "price": "0.51", "size": "43", "side": "BUY", "hash": "23bf2a8be35a2e27540ca75c30bd538c49869357", "best_bid": "0.51", "best_ask": "0.99"}, {"asset_id": "95050029404559112034768961053676083820963597280812405526023629282305898258478", "price": "0.49", "size": "43", "side": "SELL", "hash": "b22bc413cf431ff591248fd7660453a59261c3bb", "best_bid": "0.01", "best_ask": "0.49"}], "timestamp": "1769384609444", "event_type": "price_change"}}
{"_local_timestamp": "2026-01-25T23:43:29.521395+00:00", "data": {"market": "0xff89cc3bc445960784b9c0bbc6579228c2f681f2e0b2b0b50e2b75b5606ea790", "price_changes": [{"asset_id": "103725953422413743472672897650509544508477933081822412518213763625105418265307", "price": "0.52", "size": "43", "side": "BUY", "hash": "92d7555cceb92daaaf6ef6309b753ed420d48fa6", "best_bid": "0.52", "best_ask": "0.99"}, {"asset_id": "27601945905551416063209824859220794432095674834946197347165423907848648510363", "price": "0.48", "size": "43", "side": "SELL", "hash": "05bca404a83d9ee85519d92834fecaf53adb1623", "best_bid": "0.01", "best_ask": "0.48"}], "timestamp": "1769384609445", "event_type": "price_change"}}
{"_local_timestamp": "2026-01-25T23:43:29.521852+00:00", "data": {"market": "0x69640c4abfea677e8fa053241e95bf5a838fdd214f69e425d2ea87966a4fe95d", "price_changes": [{"asset_id": "5732596693470161425530770544181522071880886700861486601427814402426115846089", "price": "0.198", "size": "106.36", "side": "BUY", "hash": "c136a4c23b4adcc82e360043c63a54542c51cd49", "best_bid": "0.199", "best_ask": "0.99"}, {"asset_id": "22645719723399480296887627383949655119799205233792642547809019705489340018359", "price": "0.802", "size": "106.36", "side": "SELL", "hash": "f869dacc315160ef36d7bd480f94e6d3b50d9748", "best_bid": "0.01", "best_ask": "0.801"}], "timestamp": "1769384609445", "event_type": "price_change"}}
{"_local_timestamp": "2026-01-25T23:43:29.661693+00:00", "data": {"market": "0x27c024a78c9233f2b79b1e9b881fda33f4c030a1cfe710d8a0f9c21565ef4ecb", "price_changes": [{"asset_id": "38784844843807697914820676740154411523207098334855725351981618943661443186218", "price": "0.49", "size": "43", "side": "BUY", "hash": "168c7f7bfe87661787639ca1761b968e7bde8447", "best_bid": "0.52", "best_ask": "0.99"}, {"asset_id": "56189576475956362635979652544908626165580791359431757389384603395842127962711", "price": "0.51", "size": "43", "side": "SELL", "hash": "e05cf85a6a3d523ae5cde27d10c5c32b51e03412", "best_bid": "0.01", "best_ask": "0.48"}], "timestamp": "1769384609446", "event_type": "price_change"}}
{"_local_timestamp": "2026-01-25T23:43:29.662623+00:00", "data": {"market": "0x97c2d0438f10dd37be32c578e718357a5f1bfd06efa5db29bbf4ade796659292", "price_changes": [{"asset_id": "58631904538639205619407650291048039196920754955312190005249856353373471671190", "price": "0.34", "size": "86.36", "side": "BUY", "hash": "a015bc33ff65075b8b52207b4792d3f6e8b9ddf7", "best_bid": "0.88", "best_ask": "0.98"}, {"asset_id": "16378532440061541686560300866488577156506036017719664595359652619304354105304", "price": "0.66", "size": "86.36", "side": "SELL", "hash": "979202997d890bee2da224470bd3af5b80af6d01", "best_bid": "0.02", "best_ask": "0.12"}], "timestamp": "1769384609447", "event_type": "price_change"}}
{"_local_timestamp": "2026-01-25T23:43:29.663753+00:00", "data": {"market": "0xf5f4c382a1493962e0b0c572de118e6ddb1db6fec2065fdc349f34aae731d5ad", "price_changes": [{"asset_id": "101010447008040604329278014148935547716274860620658517454942215109560581365693", "price": "0.44", "size": "106.36", "side": "BUY", "hash": "fe3768fbddb67e1c1f893911255ae6e44ee527eb", "best_bid": "0.45", "best_ask": "0.99"}, {"asset_id": "58011376234461959569721418890133652132697140048740505927587770435111368075320", "price": "0.56", "size": "106.36", "side": "SELL", "hash": "1ffc3c67ce36506862c1fe652e9431f08ac1d9f8", "best_bid": "0.01", "best_ask": "0.55"}], "timestamp": "1769384609449", "event_type": "price_change"}}
{"_local_timestamp": "2026-01-25T23:43:29.664657+00:00", "data": {"market": "0xdfd05a95079162e60640ab48f4df85e600fca6b5d9d09ae7a99ec697aaff613b", "price_changes": [{"asset_id": "29738061948475170938926854347151381954908605540362797352178640064422740343935", "price": "0.25", "size": "86.36", "side": "BUY", "hash": "17aec35c15b8fa2030dc0fafae9a45de9d9195bf", "best_bid": "0.25", "best_ask": "0.95"}, {"asset_id": "12879814326424880335000526731275801517465432713683467634338145208917493258610", "price": "0.75", "size": "86.36", "side": "SELL", "hash": "7c0335024b6481b3fc04e16a5347cf09c6f7d1da", "best_bid": "0.05", "best_ask": "0.75"}], "timestamp": "1769384609449", "event_type": "price_change"}}
{"_local_timestamp": "2026-01-25T23:43:29.665077+00:00", "data": {"market": "0x27c024a78c9233f2b79b1e9b881fda33f4c030a1cfe710d8a0f9c21565ef4ecb", "price_changes": [{"asset_id": "38784844843807697914820676740154411523207098334855725351981618943661443186218", "price": "0.47", "size": "0", "side": "BUY", "hash": "c82852af12d5e0095a912de0b7da30c8d79abfbb", "best_bid": "0.52", "best_ask": "0.99"}, {"asset_id": "56189576475956362635979652544908626165580791359431757389384603395842127962711", "price": "0.53", "size": "0", "side": "SELL", "hash": "de39e5332db3f1e66f25664988385fb5212109ed", "best_bid": "0.01", "best_ask": "0.48"}], "timestamp": "1769384609588", "event_type": "price_change"}}
{"_local_timestamp": "2026-01-25T23:43:29.665457+00:00", "data": {"market": "0x7641183562e11eafc2104317d320903e366dbbc72365dba1b642178b606b7e8e", "price_changes": [{"asset_id": "15350351316723951048149101434454695978330315628997617434273712709856658543733", "price": "0.33", "size": "0", "side": "BUY", "hash": "8b2549eb5dab0a12e7beed6b89d63522d760201d", "best_bid": "0.56", "best_ask": "0.95"}, {"asset_id": "84786072093733178623464982703048632449273034834327545705181016615404031695100", "price": "0.67", "size": "0", "side": "SELL", "hash": "8ffaf38b870b31b16339907262b9399257d1ce21", "best_bid": "0.05", "best_ask": "0.44"}], "timestamp": "1769384609588", "event_type": "price_change"}}
{"_local_timestamp": "2026-01-25T23:43:29.665861+00:00", "data": {"market": "0xff89cc3bc445960784b9c0bbc6579228c2f681f2e0b2b0b50e2b75b5606ea790", "price_changes": [{"asset_id": "103725953422413743472672897650509544508477933081822412518213763625105418265307", "price": "0.47", "size": "0", "side": "BUY", "hash": "66acfd070b66b0957b39a9aad8922c0c80e022be", "best_bid": "0.52", "best_ask": "0.99"}, {"asset_id": "27601945905551416063209824859220794432095674834946197347165423907848648510363", "price": "0.53", "size": "0", "side": "SELL", "hash": "d5efc6f4005c7ac4fdf606380a780cb3998e68ed", "best_bid": "0.01", "best_ask": "0.48"}], "timestamp": "1769384609588", "event_type": "price_change"}}
{"_local_timestamp": "2026-01-25T23:43:29.793913+00:00", "data": {"market": "0xff89cc3bc445960784b9c0bbc6579228c2f681f2e0b2b0b50e2b75b5606ea790", "price_changes": [{"asset_id": "103725953422413743472672897650509544508477933081822412518213763625105418265307", "price": "0.17", "size": "10", "side": "BUY", "hash": "302c96efcb2b87d1669f4af7478ff2136f37c9ce", "best_bid": "0.52", "best_ask": "0.99"}, {"asset_id": "27601945905551416063209824859220794432095674834946197347165423907848648510363", "price": "0.83", "size": "10", "side": "SELL", "hash": "19f1255abb3e7e07633de24ebf176d4d54bace60", "best_bid": "0.01", "best_ask": "0.48"}], "timestamp": "1769384609725", "event_type": "price_change"}}
{"_local_timestamp": "2026-01-25T23:43:29.801488+00:00", "data": {"market": "0x27c024a78c9233f2b79b1e9b881fda33f4c030a1cfe710d8a0f9c21565ef4ecb", "price_changes": [{"asset_id": "38784844843807697914820676740154411523207098334855725351981618943661443186218", "price": "0.1", "size": "10", "side": "BUY", "hash": "62e4e6d3f17261879394a349a01b3372af1d829e", "best_bid": "0.52", "best_ask": "0.99"}, {"asset_id": "56189576475956362635979652544908626165580791359431757389384603395842127962711", "price": "0.9", "size": "10", "side": "SELL", "hash": "ad745da8e9697d584ade2301b2e99a5416c223a9", "best_bid": "0.01", "best_ask": "0.48"}], "timestamp": "1769384609725", "event_type": "price_change"}}
{"_local_timestamp": "2026-01-25T23:43:29.802254+00:00", "data": {"market": "0x7641183562e11eafc2104317d320903e366dbbc72365dba1b642178b606b7e8e", "price_changes": [{"asset_id": "15350351316723951048149101434454695978330315628997617434273712709856658543733", "price": "0.35", "size": "10", "side": "BUY", "hash": "a9eb4ab55402b685ba3e5260f687dd84a24e2f8b", "best_bid": "0.56", "best_ask": "0.95"}, {"asset_id": "84786072093733178623464982703048632449273034834327545705181016615404031695100", "price": "0.65", "size": "10", "side": "SELL", "hash": "af4f1873cfd5f12fc561e3c73fe843ae08629ef9", "best_bid": "0.05", "best_ask": "0.44"}], "timestamp": "1769384609726", "event_type": "price_change"}}
{"_local_timestamp": "2026-01-25T23:43:29.802662+00:00", "data": {"market": "0x7641183562e11eafc2104317d320903e366dbbc72365dba1b642178b606b7e8e", "price_changes": [{"asset_id": "15350351316723951048149101434454695978330315628997617434273712709856658543733", "price": "0.35", "size": "33", "side": "BUY", "hash": "7256c2ac5ac989cf71a84704e68b7526ad33ee7f", "best_bid": "0.56", "best_ask": "0.95"}, {"asset_id": "84786072093733178623464982703048632449273034834327545705181016615404031695100", "price": "0.65", "size": "33", "side": "SELL", "hash": "e7f03148f9ddb427b6e9eebf9b7c9c18f564516f", "best_bid": "0.05", "best_ask": "0.44"}], "timestamp": "1769384609728", "event_type": "price_change"}}
{"_local_timestamp": "2026-01-25T23:43:30.339767+00:00", "data": {"market": "0x7641183562e11eafc2104317d320903e366dbbc72365dba1b642178b606b7e8e", "price_changes": [{"asset_id": "15350351316723951048149101434454695978330315628997617434273712709856658543733", "price": "0.35", "size": "10", "side": "BUY", "hash": "5880cca680778894f82f94b3d2ad180a60eb6438", "best_bid": "0.56", "best_ask": "0.95"}, {"asset_id": "84786072093733178623464982703048632449273034834327545705181016615404031695100", "price": "0.65", "size": "10", "side": "SELL", "hash": "1da17e0f2a03806bc8af7e1cf20183156581cfde", "best_bid": "0.05", "best_ask": "0.44"}], "timestamp": "1769384610269", "event_type": "price_change"}}
{"_local_timestamp": "2026-01-25T23:43:30.417243+00:00", "data": {"market": "0x7641183562e11eafc2104317d320903e366dbbc72365dba1b642178b606b7e8e", "price_changes": [{"asset_id": "15350351316723951048149101434454695978330315628997617434273712709856658543733", "price": "0.34", "size": "0", "side": "BUY", "hash": "0d6fa0dde84953ff61363cef26e4183b429779a2", "best_bid": "0.56", "best_ask": "0.95"}, {"asset_id": "84786072093733178623464982703048632449273034834327545705181016615404031695100", "price": "0.66", "size": "0", "side": "SELL", "hash": "e2a52288ac74e9148bb86c13d9d29d36822227e7", "best_bid": "0.05", "best_ask": "0.44"}], "timestamp": "1769384610348", "event_type": "price_change"}}
{"_local_timestamp": "2026-01-25T23:43:30.417801+00:00", "data": {"market": "0xf5f4c382a1493962e0b0c572de118e6ddb1db6fec2065fdc349f34aae731d5ad", "price_changes": [{"asset_id": "101010447008040604329278014148935547716274860620658517454942215109560581365693", "price": "0.44", "size": "86.36", "side": "BUY", "hash": "3fad2691a4538aee73505056ea5d0a427e65bd69", "best_bid": "0.45", "best_ask": "0.99"}, {"asset_id": "58011376234461959569721418890133652132697140048740505927587770435111368075320", "price": "0.56", "size": "86.36", "side": "SELL", "hash": "f14fb63aec06c5faa68dc74ad83e75effd287cd9", "best_bid": "0.01", "best_ask": "0.55"}], "timestamp": "1769384610348", "event_type": "price_change"}}
{"_local_timestamp": "2026-01-25T23:43:30.418239+00:00", "data": {"market": "0xff89cc3bc445960784b9c0bbc6579228c2f681f2e0b2b0b50e2b75b5606ea790", "price_changes": [{"asset_id": "103725953422413743472672897650509544508477933081822412518213763625105418265307", "price": "0.48", "size": "0", "side": "BUY", "hash": "07bbfcacc1d1c5cd8706e8b50e3a5a8a690ffd08", "best_bid": "0.52", "best_ask": "0.99"}, {"asset_id": "27601945905551416063209824859220794432095674834946197347165423907848648510363", "price": "0.52", "size": "0", "side": "SELL", "hash": "2f40af8c558e9bb266638de83d506e17625c3440", "best_bid": "0.01", "best_ask": "0.48"}], "timestamp": "1769384610348", "event_type": "price_change"}}
{"_local_timestamp": "2026-01-25T23:43:30.425358+00:00", "data": {"market": "0x27c024a78c9233f2b79b1e9b881fda33f4c030a1cfe710d8a0f9c21565ef4ecb", "price_changes": [{"asset_id": "38784844843807697914820676740154411523207098334855725351981618943661443186218", "price": "0.48", "size": "0", "side": "BUY", "hash": "fd8499bff0561a2d8c85d6dc8f1a50e50101ee51", "best_bid": "0.52", "best_ask": "0.99"}, {"asset_id": "56189576475956362635979652544908626165580791359431757389384603395842127962711", "price": "0.52", "size": "0", "side": "SELL", "hash": "d16befa51f89702900c62688588661abaa7a6918", "best_bid": "0.01", "best_ask": "0.48"}], "timestamp": "1769384610348", "event_type": "price_change"}}
{"_local_timestamp": "2026-01-25T23:43:30.425890+00:00", "data": {"market": "0x97c2d0438f10dd37be32c578e718357a5f1bfd06efa5db29bbf4ade796659292", "price_changes": [{"asset_id": "58631904538639205619407650291048039196920754955312190005249856353373471671190", "price": "0.33", "size": "86.36", "side": "BUY", "hash": "f80b7f4432b4e5c7a0ba5087998d8da7c314c03d", "best_bid": "0.88", "best_ask": "0.98"}, {"asset_id": "16378532440061541686560300866488577156506036017719664595359652619304354105304", "price": "0.67", "size": "86.36", "side": "SELL", "hash": "c4eb37311b74c833ac6a9f92189c9b2eae99d77b", "best_bid": "0.02", "best_ask": "0.12"}], "timestamp": "1769384610348", "event_type": "price_change"}}
{"_local_timestamp": "2026-01-25T23:43:30.426270+00:00", "data": {"market": "0xdfd05a95079162e60640ab48f4df85e600fca6b5d9d09ae7a99ec697aaff613b", "price_changes": [{"asset_id": "29738061948475170938926854347151381954908605540362797352178640064422740343935", "price": "0.24", "size": "86.36", "side": "BUY", "hash": "fe242b533a773892740cb3914f748b5ae3510463", "best_bid": "0.25", "best_ask": "0.95"}, {"asset_id": "12879814326424880335000526731275801517465432713683467634338145208917493258610", "price": "0.76", "size": "86.36", "side": "SELL", "hash": "900a2073113ee8aeac6bf1d5961213ef8148083f", "best_bid": "0.05", "best_ask": "0.75"}], "timestamp": "1769384610348", "event_type": "price_change"}}
{"_local_timestamp": "2026-01-25T23:43:30.426653+00:00", "data": {"market": "0x69640c4abfea677e8fa053241e95bf5a838fdd214f69e425d2ea87966a4fe95d", "price_changes": [{"asset_id": "5732596693470161425530770544181522071880886700861486601427814402426115846089", "price": "0.198", "size": "86.36", "side": "BUY", "hash": "a63fe125a9e77d259abc524591e77f13fc5176b9", "best_bid": "0.199", "best_ask": "0.99"}, {"asset_id": "22645719723399480296887627383949655119799205233792642547809019705489340018359", "price": "0.802", "size": "86.36", "side": "SELL", "hash": "0704a6f7edd1ecf47f9670c247a32d7cbacca0db", "best_bid": "0.01", "best_ask": "0.801"}], "timestamp": "1769384610348", "event_type": "price_change"}}
{"_local_timestamp": "2026-01-25T23:43:30.477895+00:00", "data": {"market": "0x7641183562e11eafc2104317d320903e366dbbc72365dba1b642178b606b7e8e", "price_changes": [{"asset_id": "15350351316723951048149101434454695978330315628997617434273712709856658543733", "price": "0.36", "size": "20", "side": "BUY", "hash": "33baad298ef167a57b3738e7f9dbde62abca774f", "best_bid": "0.56", "best_ask": "0.95"}, {"asset_id": "84786072093733178623464982703048632449273034834327545705181016615404031695100", "price": "0.64", "size": "20", "side": "SELL", "hash": "c2668078256943306e1807b69f8a40e6efc19b0c", "best_bid": "0.05", "best_ask": "0.44"}], "timestamp": "1769384610383", "event_type": "price_change"}}
{"_local_timestamp": "2026-01-25T23:43:30.478434+00:00", "data": {"market": "0x27c024a78c9233f2b79b1e9b881fda33f4c030a1cfe710d8a0f9c21565ef4ecb", "price_changes": [{"asset_id": "38784844843807697914820676740154411523207098334855725351981618943661443186218", "price": "0.5", "size": "20", "side": "BUY", "hash": "9bf96ad6b96707bbe2ef47e6750ca6395ae79d03", "best_bid": "0.52", "best_ask": "0.99"}, {"asset_id": "56189576475956362635979652544908626165580791359431757389384603395842127962711", "price": "0.5", "size": "20", "side": "SELL", "hash": "527859c2a8a0610c1808353781595ccef678d892", "best_bid": "0.01", "best_ask": "0.48"}], "timestamp": "1769384610384", "event_type": "price_change"}}
{"_local_timestamp": "2026-01-25T23:43:30.478893+00:00", "data": {"market": "0x69640c4abfea677e8fa053241e95bf5a838fdd214f69e425d2ea87966a4fe95d", "price_changes": [{"asset_id": "5732596693470161425530770544181522071880886700861486601427814402426115846089", "price": "0.2", "size": "20", "side": "BUY", "hash": "8cf641d3f49ffe1e0d8255a131e1b0bbb9ffc979", "best_bid": "0.2", "best_ask": "0.99"}, {"asset_id": "22645719723399480296887627383949655119799205233792642547809019705489340018359", "price": "0.8", "size": "20", "side": "SELL", "hash": "c99bbc2a1bf48d41c998b7b3272dee7e89005cbf", "best_bid": "0.01", "best_ask": "0.8"}], "timestamp": "1769384610383", "event_type": "price_change"}}
{"_local_timestamp": "2026-01-25T23:43:30.479328+00:00", "data": {"market": "0xff89cc3bc445960784b9c0bbc6579228c2f681f2e0b2b0b50e2b75b5606ea790", "price_changes": [{"asset_id": "103725953422413743472672897650509544508477933081822412518213763625105418265307", "price": "0.5", "size": "20", "side": "BUY", "hash": "7e691fdf4de872de39312f8fce84646a6432686b", "best_bid": "0.52", "best_ask": "0.99"}, {"asset_id": "27601945905551416063209824859220794432095674834946197347165423907848648510363", "price": "0.5", "size": "20", "side": "SELL", "hash": "4c724f4809104cd03a206a784e0d35481b2067e0", "best_bid": "0.01", "best_ask": "0.48"}], "timestamp": "1769384610384", "event_type": "price_change"}}
{"_local_timestamp": "2026-01-25T23:43:30.479733+00:00", "data": {"market": "0x97c2d0438f10dd37be32c578e718357a5f1bfd06efa5db29bbf4ade796659292", "price_changes": [{"asset_id": "58631904538639205619407650291048039196920754955312190005249856353373471671190", "price": "0.35", "size": "20", "side": "BUY", "hash": "dc7e5168a558083ae76bd9300a06feeb3f0f6ab8", "best_bid": "0.88", "best_ask": "0.98"}, {"asset_id": "16378532440061541686560300866488577156506036017719664595359652619304354105304", "price": "0.65", "size": "20", "side": "SELL", "hash": "c50f9fe020182273acd6eaa3b4d1d3b3ebef3e7b", "best_bid": "0.02", "best_ask": "0.12"}], "timestamp": "1769384610384", "event_type": "price_change"}}
{"_local_timestamp": "2026-01-25T23:43:30.480283+00:00", "data": {"market": "0xf5f4c382a1493962e0b0c572de118e6ddb1db6fec2065fdc349f34aae731d5ad", "price_changes": [{"asset_id": "101010447008040604329278014148935547716274860620658517454942215109560581365693", "price": "0.46", "size": "20", "side": "BUY", "hash": "045cf40e03c7f6d2f7faf73eb33c7005844ac2d5", "best_bid": "0.46", "best_ask": "0.99"}, {"asset_id": "58011376234461959569721418890133652132697140048740505927587770435111368075320", "price": "0.54", "size": "20", "side": "SELL", "hash": "0256a221450b957176d9b92fcc72935314410e1f", "best_bid": "0.01", "best_ask": "0.54"}], "timestamp": "1769384610383", "event_type": "price_change"}}
{"_local_timestamp": "2026-01-25T23:43:30.480718+00:00", "data": {"market": "0xdfd05a95079162e60640ab48f4df85e600fca6b5d9d09ae7a99ec697aaff613b", "price_changes": [{"asset_id": "29738061948475170938926854347151381954908605540362797352178640064422740343935", "price": "0.26", "size": "20", "side": "BUY", "hash": "177a9977f40de6d70688b5ef3aede802dd2be3be", "best_bid": "0.26", "best_ask": "0.95"}, {"asset_id": "12879814326424880335000526731275801517465432713683467634338145208917493258610", "price": "0.74", "size": "20", "side": "SELL", "hash": "883b5c93de384518b1847654ecec41c6134a0467", "best_bid": "0.05", "best_ask": "0.74"}], "timestamp": "1769384610384", "event_type": "price_change"}}
{"_local_timestamp": "2026-01-25T23:43:36.829385+00:00", "data": {"market": "0xdfd05a95079162e60640ab48f4df85e600fca6b5d9d09ae7a99ec697aaff613b", "price_changes": [{"asset_id": "29738061948475170938926854347151381954908605540362797352178640064422740343935", "price": "0.23", "size": "10", "side": "BUY", "hash": "d12396d3cf7dbaaa2c120cbaa31ad814613d7c69", "best_bid": "0.26", "best_ask": "0.95"}, {"asset_id": "12879814326424880335000526731275801517465432713683467634338145208917493258610", "price": "0.77", "size": "10", "side": "SELL", "hash": "44897ad58fd26b1f7d9402d9d738211b149d24a7", "best_bid": "0.05", "best_ask": "0.74"}], "timestamp": "1769384616741", "event_type": "price_change"}}
{"_local_timestamp": "2026-01-25T23:43:36.830024+00:00", "data": {"market": "0xdfd05a95079162e60640ab48f4df85e600fca6b5d9d09ae7a99ec697aaff613b", "price_changes": [{"asset_id": "29738061948475170938926854347151381954908605540362797352178640064422740343935", "price": "0.22", "size": "0", "side": "BUY", "hash": "d12396d3cf7dbaaa2c120cbaa31ad814613d7c69", "best_bid": "0.26", "best_ask": "0.95"}, {"asset_id": "12879814326424880335000526731275801517465432713683467634338145208917493258610", "price": "0.78", "size": "0", "side": "SELL", "hash": "44897ad58fd26b1f7d9402d9d738211b149d24a7", "best_bid": "0.05", "best_ask": "0.74"}], "timestamp": "1769384616741", "event_type": "price_change"}}
{"_local_timestamp": "2026-01-25T23:43:36.830470+00:00", "data": {"market": "0x97c2d0438f10dd37be32c578e718357a5f1bfd06efa5db29bbf4ade796659292", "price_changes": [{"asset_id": "58631904538639205619407650291048039196920754955312190005249856353373471671190", "price": "0.34", "size": "0", "side": "BUY", "hash": "771690f8a518bb57a658ce41b6f1ea6ad1bbeacd", "best_bid": "0.88", "best_ask": "0.98"}, {"asset_id": "16378532440061541686560300866488577156506036017719664595359652619304354105304", "price": "0.66", "size": "0", "side": "SELL", "hash": "c79a211bc6fda6a98f13daa375ea8bf422c53ca9", "best_bid": "0.02", "best_ask": "0.12"}], "timestamp": "1769384616741", "event_type": "price_change"}}
{"_local_timestamp": "2026-01-25T23:43:36.830889+00:00", "data": {"market": "0x97c2d0438f10dd37be32c578e718357a5f1bfd06efa5db29bbf4ade796659292", "price_changes": [{"asset_id": "58631904538639205619407650291048039196920754955312190005249856353373471671190", "price": "0.33", "size": "0", "side": "BUY", "hash": "771690f8a518bb57a658ce41b6f1ea6ad1bbeacd", "best_bid": "0.88", "best_ask": "0.98"}, {"asset_id": "16378532440061541686560300866488577156506036017719664595359652619304354105304", "price": "0.67", "size": "0", "side": "SELL", "hash": "c79a211bc6fda6a98f13daa375ea8bf422c53ca9", "best_bid": "0.02", "best_ask": "0.12"}], "timestamp": "1769384616741", "event_type": "price_change"}}
{"_local_timestamp": "2026-01-25T23:43:36.831390+00:00", "data": {"market": "0x69640c4abfea677e8fa053241e95bf5a838fdd214f69e425d2ea87966a4fe95d", "price_changes": [{"asset_id": "5732596693470161425530770544181522071880886700861486601427814402426115846089", "price": "0.193", "size": "10", "side": "BUY", "hash": "4a9ce52ce1001d9deabb483c4087f23acce4c143", "best_bid": "0.2", "best_ask": "0.99"}, {"asset_id": "22645719723399480296887627383949655119799205233792642547809019705489340018359", "price": "0.807", "size": "10", "side": "SELL", "hash": "e5f8a6997d40ba442f77f32e9ef4a9b2137fa8cf", "best_bid": "0.01", "best_ask": "0.8"}], "timestamp": "1769384616741", "event_type": "price_change"}}
{"_local_timestamp": "2026-01-25T23:43:36.831808+00:00", "data": {"market": "0xff89cc3bc445960784b9c0bbc6579228c2f681f2e0b2b0b50e2b75b5606ea790", "price_changes": [{"asset_id": "103725953422413743472672897650509544508477933081822412518213763625105418265307", "price": "0.49", "size": "0", "side": "BUY", "hash": "9df5f242a98951447e7b136552f9d64f2fd78eb7", "best_bid": "0.52", "best_ask": "0.99"}, {"asset_id": "27601945905551416063209824859220794432095674834946197347165423907848648510363", "price": "0.51", "size": "0", "side": "SELL", "hash": "6e2a72be37518843a1516090dec7fec6016722d0", "best_bid": "0.01", "best_ask": "0.48"}], "timestamp": "1769384616740", "event_type": "price_change"}}
{"_local_timestamp": "2026-01-25T23:43:36.835149+00:00", "data": {"market": "0x27c024a78c9233f2b79b1e9b881fda33f4c030a1cfe710d8a0f9c21565ef4ecb", "price_changes": [{"asset_id": "38784844843807697914820676740154411523207098334855725351981618943661443186218", "price": "0.49", "size": "0", "side": "BUY", "hash": "3fd72b7f1b482a8c8918cd98f23931c6c9d50f64", "best_bid": "0.52", "best_ask": "0.99"}, {"asset_id": "56189576475956362635979652544908626165580791359431757389384603395842127962711", "price": "0.51", "size": "0", "side": "SELL", "hash": "93403e1f7284b919f92147f67c9c505c04420ce6", "best_bid": "0.01", "best_ask": "0.48"}], "timestamp": "1769384616741", "event_type": "price_change"}}
{"_local_timestamp": "2026-01-25T23:43:36.966680+00:00", "data": {"market": "0x1b0d72d17beda3f048989a9db1a497b73fa1c9f717d45653688d02e19c24efc0", "price_changes": [{"asset_id": "101960417247168506932344245716018124823228697416789383793827169536991551111490", "price": "0.23", "size": "0", "side": "BUY", "hash": "5607f47347add60a86ccdf2a632d0503fbdb03cf", "best_bid": "0.88", "best_ask": "0.91"}, {"asset_id": "14244928131471316074725627908346305804177897635265802218130614122671801850304", "price": "0.77", "size": "0", "side": "SELL", "hash": "ebf9ccaff853e49a41e38d9092712ccf4831b349", "best_bid": "0.09", "best_ask": "0.12"}], "timestamp": "1769384616900", "event_type": "price_change"}}
{"_local_timestamp": "2026-01-25T23:43:37.141949+00:00", "data": {"market": "0x1b0d72d17beda3f048989a9db1a497b73fa1c9f717d45653688d02e19c24efc0", "price_changes": [{"asset_id": "101960417247168506932344245716018124823228697416789383793827169536991551111490", "price": "0.25", "size": "40", "side": "BUY", "hash": "5de5f7732b150c9f92fccb484e2e26fed8b07cb2", "best_bid": "0.88", "best_ask": "0.91"}, {"asset_id": "14244928131471316074725627908346305804177897635265802218130614122671801850304", "price": "0.75", "size": "40", "side": "SELL", "hash": "94bca99d0bc51b4f76dac7db3cf62f8ca19dbcc8", "best_bid": "0.09", "best_ask": "0.12"}], "timestamp": "1769384617075", "event_type": "price_change"}}
{"_local_timestamp": "2026-01-25T23:43:37.142540+00:00", "data": {"market": "0x1b0d72d17beda3f048989a9db1a497b73fa1c9f717d45653688d02e19c24efc0", "price_changes": [{"asset_id": "101960417247168506932344245716018124823228697416789383793827169536991551111490", "price": "0.25", "size": "50", "side": "BUY", "hash": "1f756c65b0b513f13d4490f9d984bbc2bc0c8a04", "best_bid": "0.88", "best_ask": "0.91"}, {"asset_id": "14244928131471316074725627908346305804177897635265802218130614122671801850304", "price": "0.75", "size": "50", "side": "SELL", "hash": "030bdda80207ebbe24a10f7123cfafa517b9e2bc", "best_bid": "0.09", "best_ask": "0.12"}], "timestamp": "1769384617076", "event_type": "price_change"}}
{"_local_timestamp": "2026-01-25T23:43:37.647860+00:00", "data": {"market": "0x1b0d72d17beda3f048989a9db1a497b73fa1c9f717d45653688d02e19c24efc0", "price_changes": [{"asset_id": "101960417247168506932344245716018124823228697416789383793827169536991551111490", "price": "0.25", "size": "10", "side": "BUY", "hash": "304e8b7a23ee9122521253a1b7e4d4c45ec0caa5", "best_bid": "0.88", "best_ask": "0.91"}, {"asset_id": "14244928131471316074725627908346305804177897635265802218130614122671801850304", "price": "0.75", "size": "10", "side": "SELL", "hash": "64a9129f8d9a3951b70a3fb167c959e4375afb43", "best_bid": "0.09", "best_ask": "0.12"}], "timestamp": "1769384617579", "event_type": "price_change"}}
{"_local_timestamp": "2026-01-25T23:43:38.389313+00:00", "data": {"market": "0x1b0d72d17beda3f048989a9db1a497b73fa1c9f717d45653688d02e19c24efc0", "price_changes": [{"asset_id": "101960417247168506932344245716018124823228697416789383793827169536991551111490", "price": "0.24", "size": "0", "side": "BUY", "hash": "4a546adc2bd3f539b5c2b6cf6e1bebb2e92b277a", "best_bid": "0.88", "best_ask": "0.91"}, {"asset_id": "14244928131471316074725627908346305804177897635265802218130614122671801850304", "price": "0.76", "size": "0", "side": "SELL", "hash": "3c826f4e234a555a4a7b53c35641c4ac768ea886", "best_bid": "0.09", "best_ask": "0.12"}], "timestamp": "1769384618321", "event_type": "price_change"}}
{"_local_timestamp": "2026-01-25T23:43:38.389955+00:00", "data": {"market": "0x27c024a78c9233f2b79b1e9b881fda33f4c030a1cfe710d8a0f9c21565ef4ecb", "price_changes": [{"asset_id": "38784844843807697914820676740154411523207098334855725351981618943661443186218", "price": "0.5", "size": "0", "side": "BUY", "hash": "b4d5604391bd7bdc7b8f64cfb7e9e4139c009ec1", "best_bid": "0.52", "best_ask": "0.99"}, {"asset_id": "56189576475956362635979652544908626165580791359431757389384603395842127962711", "price": "0.5", "size": "0", "side": "SELL", "hash": "ece5bd6ae609493ff1983d0e06d5288b3c2b0614", "best_bid": "0.01", "best_ask": "0.48"}], "timestamp": "1769384618321", "event_type": "price_change"}}
{"_local_timestamp": "2026-01-25T23:43:38.390438+00:00", "data": {"market": "0x97c2d0438f10dd37be32c578e718357a5f1bfd06efa5db29bbf4ade796659292", "price_changes": [{"asset_id": "58631904538639205619407650291048039196920754955312190005249856353373471671190", "price": "0.35", "size": "0", "side": "BUY", "hash": "98d41d1db67daf1ce0a316c9112a364bc14b726b", "best_bid": "0.88", "best_ask": "0.98"}, {"asset_id": "16378532440061541686560300866488577156506036017719664595359652619304354105304", "price": "0.65", "size": "0", "side": "SELL", "hash": "a3f1114e9eb9cc377a992fbb76c6af7fd2ce3579", "best_bid": "0.02", "best_ask": "0.12"}], "timestamp": "1769384618321", "event_type": "price_change"}}
{"_local_timestamp": "2026-01-25T23:43:38.394174+00:00", "data": {"market": "0xff89cc3bc445960784b9c0bbc6579228c2f681f2e0b2b0b50e2b75b5606ea790", "price_changes": [{"asset_id": "103725953422413743472672897650509544508477933081822412518213763625105418265307", "price": "0.5", "size": "0", "side": "BUY", "hash": "7a1d8b13b6405280f78b0668004a10af18e1be35", "best_bid": "0.52", "best_ask": "0.99"}, {"asset_id": "27601945905551416063209824859220794432095674834946197347165423907848648510363", "price": "0.5", "size": "0", "side": "SELL", "hash": "35586dc5f9a11688912ee374c6ec306731259993", "best_bid": "0.01", "best_ask": "0.48"}], "timestamp": "1769384618321", "event_type": "price_change"}}
{"_local_timestamp": "2026-01-25T23:43:38.432947+00:00", "data": {"market": "0x97c2d0438f10dd37be32c578e718357a5f1bfd06efa5db29bbf4ade796659292", "price_changes": [{"asset_id": "58631904538639205619407650291048039196920754955312190005249856353373471671190", "price": "0.33", "size": "20", "side": "BUY", "hash": "534dc4b571e377df7a8dc0601057e4a0071b8ccb", "best_bid": "0.88", "best_ask": "0.98"}, {"asset_id": "16378532440061541686560300866488577156506036017719664595359652619304354105304", "price": "0.67", "size": "20", "side": "SELL", "hash": "c2ed6ed3e1a9988f71a9d59a82c9aea59a088e4a", "best_bid": "0.02", "best_ask": "0.12"}], "timestamp": "1769384618365", "event_type": "price_change"}}
{"_local_timestamp": "2026-01-25T23:43:38.433511+00:00", "data": {"market": "0x1b0d72d17beda3f048989a9db1a497b73fa1c9f717d45653688d02e19c24efc0", "price_changes": [{"asset_id": "101960417247168506932344245716018124823228697416789383793827169536991551111490", "price": "0.26", "size": "20", "side": "BUY", "hash": "89400c4225177f3523ed1363671cdab68b3c558b", "best_bid": "0.88", "best_ask": "0.91"}, {"asset_id": "14244928131471316074725627908346305804177897635265802218130614122671801850304", "price": "0.74", "size": "20", "side": "SELL", "hash": "c80224d5223893c093fc63174ddd330626243fd0", "best_bid": "0.09", "best_ask": "0.12"}], "timestamp": "1769384618365", "event_type": "price_change"}}
{"_local_timestamp": "2026-01-25T23:43:38.434003+00:00", "data": {"market": "0x27c024a78c9233f2b79b1e9b881fda33f4c030a1cfe710d8a0f9c21565ef4ecb", "price_changes": [{"asset_id": "38784844843807697914820676740154411523207098334855725351981618943661443186218", "price": "0.11", "size": "20", "side": "BUY", "hash": "b31dd9e7575682854bf94c899b96d6265092ba78", "best_bid": "0.52", "best_ask": "0.99"}, {"asset_id": "56189576475956362635979652544908626165580791359431757389384603395842127962711", "price": "0.89", "size": "20", "side": "SELL", "hash": "f030f4494bb05bdf6be6c6cec1f8b4a70af5965f", "best_bid": "0.01", "best_ask": "0.48"}], "timestamp": "1769384618365", "event_type": "price_change"}}
{"_local_timestamp": "2026-01-25T23:43:38.434483+00:00", "data": {"market": "0xff89cc3bc445960784b9c0bbc6579228c2f681f2e0b2b0b50e2b75b5606ea790", "price_changes": [{"asset_id": "103725953422413743472672897650509544508477933081822412518213763625105418265307", "price": "0.18", "size": "20", "side": "BUY", "hash": "70cb1ae11f08c1708e19686480f8f6c5d91b7cfd", "best_bid": "0.52", "best_ask": "0.99"}, {"asset_id": "27601945905551416063209824859220794432095674834946197347165423907848648510363", "price": "0.82", "size": "20", "side": "SELL", "hash": "be016dd1cda6857e14128d85e004a26efc1635cd", "best_bid": "0.01", "best_ask": "0.48"}], "timestamp": "1769384618365", "event_type": "price_change"}}
{"_local_timestamp": "2026-01-25T23:43:39.725171+00:00", "data": {"market": "0xd8ebca9b4fd45377d5affcbeaf85e88b0ac4b3b363db24f5244e6878e8d2ae7c", "price_changes": [{"asset_id": "18184359940959208591781209962579756240652110266130326694409496420668268707172", "price": "0.44", "size": "0", "side": "BUY", "hash": "28d508b95fc070b98d268fc5ca7ced774f300de5", "best_bid": "0.51", "best_ask": "0.99"}, {"asset_id": "95050029404559112034768961053676083820963597280812405526023629282305898258478", "price": "0.56", "size": "0", "side": "SELL", "hash": "df13fc6b6f2f954c9a2cdf5f4052fa9b4eeb6d66", "best_bid": "0.01", "best_ask": "0.49"}], "timestamp": "1769384619659", "event_type": "price_change"}}
{"_local_timestamp": "2026-01-25T23:43:39.735141+00:00", "data": {"market": "0xdfd05a95079162e60640ab48f4df85e600fca6b5d9d09ae7a99ec697aaff613b", "price_changes": [{"asset_id": "29738061948475170938926854347151381954908605540362797352178640064422740343935", "price": "0.24", "size": "0", "side": "BUY", "hash": "571f2af91a0e65c78e6f1a05a0434a4f72afbbfd", "best_bid": "0.26", "best_ask": "0.95"}, {"asset_id": "12879814326424880335000526731275801517465432713683467634338145208917493258610", "price": "0.76", "size": "0", "side": "SELL", "hash": "57200e8999621272a53f478968440f861bd9eb7e", "best_bid": "0.05", "best_ask": "0.74"}], "timestamp": "1769384619660", "event_type": "price_change"}}
{"_local_timestamp": "2026-01-25T23:43:39.735794+00:00", "data": {"market": "0xf5f4c382a1493962e0b0c572de118e6ddb1db6fec2065fdc349f34aae731d5ad", "price_changes": [{"asset_id": "101010447008040604329278014148935547716274860620658517454942215109560581365693", "price": "0.44", "size": "0", "side": "BUY", "hash": "894bfff93c4717ff0ad7d7a8323a407a859cd790", "best_bid": "0.46", "best_ask": "0.99"}, {"asset_id": "58011376234461959569721418890133652132697140048740505927587770435111368075320", "price": "0.56", "size": "0", "side": "SELL", "hash": "570bc60a94309e9923cfb6708aa57baf0da138d2", "best_bid": "0.01", "best_ask": "0.54"}], "timestamp": "1769384619660", "event_type": "price_change"}}
{"_local_timestamp": "2026-01-25T23:43:41.838829+00:00", "data": {"market": "0x27c024a78c9233f2b79b1e9b881fda33f4c030a1cfe710d8a0f9c21565ef4ecb", "price_changes": [{"asset_id": "56189576475956362635979652544908626165580791359431757389384603395842127962711", "price": "0.49", "size": "0", "side": "SELL", "hash": "aa637ec62e5205029a3417c511e96fcb77dfb60f", "best_bid": "0.01", "best_ask": "0.48"}, {"asset_id": "38784844843807697914820676740154411523207098334855725351981618943661443186218", "price": "0.51", "size": "0", "side": "BUY", "hash": "53da6e6278aeb4802ca1b227f82f854e6846d67c", "best_bid": "0.52", "best_ask": "0.99"}], "timestamp": "1769384621764", "event_type": "price_change"}}
{"_local_timestamp": "2026-01-25T23:43:41.839425+00:00", "data": {"market": "0xf5f4c382a1493962e0b0c572de118e6ddb1db6fec2065fdc349f34aae731d5ad", "price_changes": [{"asset_id": "58011376234461959569721418890133652132697140048740505927587770435111368075320", "price": "0.57", "size": "0", "side": "SELL", "hash": "4f6d77d71612d87bac658a9f698a65b8e55fa376", "best_bid": "0.01", "best_ask": "0.54"}, {"asset_id": "101010447008040604329278014148935547716274860620658517454942215109560581365693", "price": "0.43", "size": "0", "side": "BUY", "hash": "8331ccad0327e85f04d4de240f30c360c727d9f0", "best_bid": "0.46", "best_ask": "0.99"}], "timestamp": "1769384621764", "event_type": "price_change"}}
{"_local_timestamp": "2026-01-25T23:43:41.839975+00:00", "data": {"market": "0xff89cc3bc445960784b9c0bbc6579228c2f681f2e0b2b0b50e2b75b5606ea790", "price_changes": [{"asset_id": "27601945905551416063209824859220794432095674834946197347165423907848648510363", "price": "0.49", "size": "0", "side": "SELL", "hash": "0668f24df3a423ebd48ae36eff1929021d198183", "best_bid": "0.01", "best_ask": "0.48"}, {"asset_id": "103725953422413743472672897650509544508477933081822412518213763625105418265307", "price": "0.51", "size": "0", "side": "BUY", "hash": "f2e9d75efb90506af1901f311dbb427adbbbbfdc", "best_bid": "0.52", "best_ask": "0.99"}], "timestamp": "1769384621764", "event_type": "price_change"}}
{"_local_timestamp": "2026-01-25T23:43:41.844078+00:00", "data": {"market": "0xd8ebca9b4fd45377d5affcbeaf85e88b0ac4b3b363db24f5244e6878e8d2ae7c", "price_changes": [{"asset_id": "95050029404559112034768961053676083820963597280812405526023629282305898258478", "price": "0.5", "size": "20", "side": "SELL", "hash": "47c7081c45130d39b87b784a380f78b6a0976dd8", "best_bid": "0.01", "best_ask": "0.49"}, {"asset_id": "18184359940959208591781209962579756240652110266130326694409496420668268707172", "price": "0.5", "size": "20", "side": "BUY", "hash": "7090944bb4ab5dd6626250b47788e14185ed2138", "best_bid": "0.51", "best_ask": "0.99"}], "timestamp": "1769384621764", "event_type": "price_change"}}
{"_local_timestamp": "2026-01-25T23:43:41.844718+00:00", "data": {"market": "0x69640c4abfea677e8fa053241e95bf5a838fdd214f69e425d2ea87966a4fe95d", "price_changes": [{"asset_id": "22645719723399480296887627383949655119799205233792642547809019705489340018359", "price": "0.803", "size": "0", "side": "SELL", "hash": "22fac2a0741c2dd8ff4281fcd08419f909addc7a", "best_bid": "0.01", "best_ask": "0.8"}, {"asset_id": "5732596693470161425530770544181522071880886700861486601427814402426115846089", "price": "0.197", "size": "0", "side": "BUY", "hash": "2e72ab406b1cd04006ec005af91b1845a234147c", "best_bid": "0.2", "best_ask": "0.99"}], "timestamp": "1769384621764", "event_type": "price_change"}}
{"_local_timestamp": "2026-01-25T23:43:42.445677+00:00", "data": {"market": "0xd8ebca9b4fd45377d5affcbeaf85e88b0ac4b3b363db24f5244e6878e8d2ae7c", "price_changes": [{"asset_id": "18184359940959208591781209962579756240652110266130326694409496420668268707172", "price": "0.5", "size": "0", "side": "BUY", "hash": "32a9f426aa2c86fa4357a779389dc985281e1ace", "best_bid": "0.51", "best_ask": "0.99"}, {"asset_id": "95050029404559112034768961053676083820963597280812405526023629282305898258478", "price": "0.5", "size": "0", "side": "SELL", "hash": "f60b6f644c93e9ca94607023188346a1475a29bd", "best_bid": "0.01", "best_ask": "0.49"}], "timestamp": "1769384622371", "event_type": "price_change"}}
{"_local_timestamp": "2026-01-25T23:43:42.765593+00:00", "data": {"market": "0xd8ebca9b4fd45377d5affcbeaf85e88b0ac4b3b363db24f5244e6878e8d2ae7c", "price_changes": [{"asset_id": "18184359940959208591781209962579756240652110266130326694409496420668268707172", "price": "0.44", "size": "20", "side": "BUY", "hash": "5427bbe7f089724f736107b5a3924404d47ed188", "best_bid": "0.51", "best_ask": "0.99"}, {"asset_id": "95050029404559112034768961053676083820963597280812405526023629282305898258478", "price": "0.56", "size": "20", "side": "SELL", "hash": "e9fd4ae177efe069d7be822e1184792454ee9b11", "best_bid": "0.01", "best_ask": "0.49"}], "timestamp": "1769384622404", "event_type": "price_change"}}
{"_local_timestamp": "2026-01-25T23:43:42.766348+00:00", "data": {"market": "0xff89cc3bc445960784b9c0bbc6579228c2f681f2e0b2b0b50e2b75b5606ea790", "price_changes": [{"asset_id": "27601945905551416063209824859220794432095674834946197347165423907848648510363", "price": "0.51", "size": "17.85", "side": "SELL", "hash": "534fecc12848f0a0241a2d18698056a06d6ee013", "best_bid": "0.01", "best_ask": "0.48"}, {"asset_id": "103725953422413743472672897650509544508477933081822412518213763625105418265307", "price": "0.49", "size": "17.85", "side": "BUY", "hash": "5f09d303b69a274189f9e7b78813fa3e74ba99a9", "best_bid": "0.52", "best_ask": "0.99"}], "timestamp": "1769384622448", "event_type": "price_change"}}
{"_local_timestamp": "2026-01-25T23:43:42.766907+00:00", "data": {"market": "0x69640c4abfea677e8fa053241e95bf5a838fdd214f69e425d2ea87966a4fe95d", "price_changes": [{"asset_id": "22645719723399480296887627383949655119799205233792642547809019705489340018359", "price": "0.801", "size": "104.22", "side": "SELL", "hash": "c6f7b6dcbb235a590dbeeaf315239416f07eacf7", "best_bid": "0.01", "best_ask": "0.8"}, {"asset_id": "5732596693470161425530770544181522071880886700861486601427814402426115846089", "price": "0.199", "size": "104.22", "side": "BUY", "hash": "dd5a6c435b0a9be95d03ddfe92f1529ca6b4d2aa", "best_bid": "0.2", "best_ask": "0.99"}], "timestamp": "1769384622449", "event_type": "price_change"}}
{"_local_timestamp": "2026-01-25T23:43:42.767424+00:00", "data": {"market": "0x27c024a78c9233f2b79b1e9b881fda33f4c030a1cfe710d8a0f9c21565ef4ecb", "price_changes": [{"asset_id": "56189576475956362635979652544908626165580791359431757389384603395842127962711", "price": "0.51", "size": "17.85", "side": "SELL", "hash": "09c3ee8b1338fbc7ee6e288bd2ca0bb11b631b58", "best_bid": "0.01", "best_ask": "0.48"}, {"asset_id": "38784844843807697914820676740154411523207098334855725351981618943661443186218", "price": "0.49", "size": "17.85", "side": "BUY", "hash": "f9ab20187c32fdb349c87cf193f5f472e93cf2a3", "best_bid": "0.52", "best_ask": "0.99"}], "timestamp": "1769384622449", "event_type": "price_change"}}
{"_local_timestamp": "2026-01-25T23:43:42.768014+00:00", "data": {"market": "0xf5f4c382a1493962e0b0c572de118e6ddb1db6fec2065fdc349f34aae731d5ad", "price_changes": [{"asset_id": "58011376234461959569721418890133652132697140048740505927587770435111368075320", "price": "0.55", "size": "104.21", "side": "SELL", "hash": "38c003f9a65650365500bd70396519789f6fd3e3", "best_bid": "0.01", "best_ask": "0.54"}, {"asset_id": "101010447008040604329278014148935547716274860620658517454942215109560581365693", "price": "0.45", "size": "104.21", "side": "BUY", "hash": "f11a7efde717b14ad300fb7feda689e9f9e9d468", "best_bid": "0.46", "best_ask": "0.99"}], "timestamp": "1769384622449", "event_type": "price_change"}}
{"_local_timestamp": "2026-01-25T23:43:42.768655+00:00", "data": {"market": "0xd8ebca9b4fd45377d5affcbeaf85e88b0ac4b3b363db24f5244e6878e8d2ae7c", "price_changes": [{"asset_id": "95050029404559112034768961053676083820963597280812405526023629282305898258478", "price": "0.56", "size": "37.85", "side": "SELL", "hash": "3ad0b83ae5dea5b19328409c23c613f9f740d413", "best_bid": "0.01", "best_ask": "0.49"}, {"asset_id": "18184359940959208591781209962579756240652110266130326694409496420668268707172", "price": "0.44", "size": "37.85", "side": "BUY", "hash": "9a5b7488e190a1b703fa5685c1905bdcdbc9d3bf", "best_bid": "0.51", "best_ask": "0.99"}], "timestamp": "1769384622449", "event_type": "price_change"}}
{"_local_timestamp": "2026-01-25T23:43:43.142785+00:00", "data": {"market": "0xff89cc3bc445960784b9c0bbc6579228c2f681f2e0b2b0b50e2b75b5606ea790", "price_changes": [{"asset_id": "103725953422413743472672897650509544508477933081822412518213763625105418265307", "price": "0.18", "size": "0", "side": "BUY", "hash": "ed8cb38c5165964dd1d2acd1981fb7a8f3d3e885", "best_bid": "0.52", "best_ask": "0.99"}, {"asset_id": "27601945905551416063209824859220794432095674834946197347165423907848648510363", "price": "0.82", "size": "0", "side": "SELL", "hash": "11c19f93244702f178b45fe0b0fca1c4f7864121", "best_bid": "0.01", "best_ask": "0.48"}], "timestamp": "1769384623069", "event_type": "price_change"}}
{"_local_timestamp": "2026-01-25T23:43:43.143593+00:00", "data": {"market": "0xd8ebca9b4fd45377d5affcbeaf85e88b0ac4b3b363db24f5244e6878e8d2ae7c", "price_changes": [{"asset_id": "18184359940959208591781209962579756240652110266130326694409496420668268707172", "price": "0.44", "size": "17.85", "side": "BUY", "hash": "1fcea0e20da88ec286835db7379e229c44b88344", "best_bid": "0.51", "best_ask": "0.99"}, {"asset_id": "95050029404559112034768961053676083820963597280812405526023629282305898258478", "price": "0.56", "size": "17.85", "side": "SELL", "hash": "44ced9b25a9708d54dbd2408c8e28597e5751b8e", "best_bid": "0.01", "best_ask": "0.49"}], "timestamp": "1769384623069", "event_type": "price_change"}}
{"_local_timestamp": "2026-01-25T23:43:43.144229+00:00", "data": {"market": "0x27c024a78c9233f2b79b1e9b881fda33f4c030a1cfe710d8a0f9c21565ef4ecb", "price_changes": [{"asset_id": "38784844843807697914820676740154411523207098334855725351981618943661443186218", "price": "0.11", "size": "0", "side": "BUY", "hash": "d2da8f8048c288a3e9c58ce22854b3f711c65028", "best_bid": "0.52", "best_ask": "0.99"}, {"asset_id": "56189576475956362635979652544908626165580791359431757389384603395842127962711", "price": "0.89", "size": "0", "side": "SELL", "hash": "629083a457ff83c3b091bd2ef20cf8ebba603dbe", "best_bid": "0.01", "best_ask": "0.48"}], "timestamp": "1769384623069", "event_type": "price_change"}}
{"_local_timestamp": "2026-01-25T23:43:43.186516+00:00", "data": {"market": "0xff89cc3bc445960784b9c0bbc6579228c2f681f2e0b2b0b50e2b75b5606ea790", "price_changes": [{"asset_id": "103725953422413743472672897650509544508477933081822412518213763625105418265307", "price": "0.5", "size": "20", "side": "BUY", "hash": "a8fefddf7ba0a5e1fbe758c4d168af54fffead86", "best_bid": "0.52", "best_ask": "0.99"}, {"asset_id": "27601945905551416063209824859220794432095674834946197347165423907848648510363", "price": "0.5", "size": "20", "side": "SELL", "hash": "ebff09e3919c08683ed1eb083277ef06be6e0029", "best_bid": "0.01", "best_ask": "0.48"}], "timestamp": "1769384623103", "event_type": "price_change"}}
{"_local_timestamp": "2026-01-25T23:43:43.187215+00:00", "data": {"market": "0xd8ebca9b4fd45377d5affcbeaf85e88b0ac4b3b363db24f5244e6878e8d2ae7c", "price_changes": [{"asset_id": "18184359940959208591781209962579756240652110266130326694409496420668268707172", "price": "0.45", "size": "20", "side": "BUY", "hash": "4251e925ffccbbce74303a1245fcce896ba6b445", "best_bid": "0.51", "best_ask": "0.99"}, {"asset_id": "95050029404559112034768961053676083820963597280812405526023629282305898258478", "price": "0.55", "size": "20", "side": "SELL", "hash": "99ad46d6ba1164a76c03170cb09dc7f3d2421e7a", "best_bid": "0.01", "best_ask": "0.49"}], "timestamp": "1769384623103", "event_type": "price_change"}}
{"_local_timestamp": "2026-01-25T23:43:43.187782+00:00", "data": {"market": "0x27c024a78c9233f2b79b1e9b881fda33f4c030a1cfe710d8a0f9c21565ef4ecb", "price_changes": [{"asset_id": "38784844843807697914820676740154411523207098334855725351981618943661443186218", "price": "0.5", "size": "20", "side": "BUY", "hash": "6fedfcec734ce4b88e0cccb19d2243216c6672fe", "best_bid": "0.52", "best_ask": "0.99"}, {"asset_id": "56189576475956362635979652544908626165580791359431757389384603395842127962711", "price": "0.5", "size": "20", "side": "SELL", "hash": "8a5ad61d467247399b4c7b88e52540038e2124f3", "best_bid": "0.01", "best_ask": "0.48"}], "timestamp": "1769384623103", "event_type": "price_change"}}
{"_local_timestamp": "2026-01-25T23:45:18.945368+00:00", "data": {"market": "0xff89cc3bc445960784b9c0bbc6579228c2f681f2e0b2b0b50e2b75b5606ea790", "price_changes": [{"asset_id": "27601945905551416063209824859220794432095674834946197347165423907848648510363", "price": "0.51", "size": "0", "side": "SELL", "hash": "78d69baace8f49ee903e3575324e691a363aef43", "best_bid": "0.01", "best_ask": "0.48"}, {"asset_id": "103725953422413743472672897650509544508477933081822412518213763625105418265307", "price": "0.49", "size": "0", "side": "BUY", "hash": "83a77de230514f56154ab45428ec702a7d939ba6", "best_bid": "0.52", "best_ask": "0.99"}], "timestamp": "1769384718847", "event_type": "price_change"}}
{"_local_timestamp": "2026-01-25T23:45:18.946565+00:00", "data": {"market": "0xd8ebca9b4fd45377d5affcbeaf85e88b0ac4b3b363db24f5244e6878e8d2ae7c", "price_changes": [{"asset_id": "95050029404559112034768961053676083820963597280812405526023629282305898258478", "price": "0.56", "size": "0", "side": "SELL", "hash": "d7ca8f5b9694e92f21f1113b64183f3f8618a500", "best_bid": "0.01", "best_ask": "0.49"}, {"asset_id": "18184359940959208591781209962579756240652110266130326694409496420668268707172", "price": "0.44", "size": "0", "side": "BUY", "hash": "d6580af0c4f9d3b79e0e6427ea17a52f285a34f9", "best_bid": "0.51", "best_ask": "0.99"}], "timestamp": "1769384718847", "event_type": "price_change"}}
{"_local_timestamp": "2026-01-25T23:45:18.947248+00:00", "data": {"market": "0x27c024a78c9233f2b79b1e9b881fda33f4c030a1cfe710d8a0f9c21565ef4ecb", "price_changes": [{"asset_id": "56189576475956362635979652544908626165580791359431757389384603395842127962711", "price": "0.51", "size": "0", "side": "SELL", "hash": "fc5ca0ecb14da2597676cb395430757d9e85fb63", "best_bid": "0.01", "best_ask": "0.48"}, {"asset_id": "38784844843807697914820676740154411523207098334855725351981618943661443186218", "price": "0.49", "size": "0", "side": "BUY", "hash": "7a6b4860d1b1e8dc8577aa1b0fe82b4544b35aa5", "best_bid": "0.52", "best_ask": "0.99"}], "timestamp": "1769384718847", "event_type": "price_change"}}
{"_local_timestamp": "2026-01-25T23:45:18.947807+00:00", "data": {"market": "0xf5f4c382a1493962e0b0c572de118e6ddb1db6fec2065fdc349f34aae731d5ad", "price_changes": [{"asset_id": "58011376234461959569721418890133652132697140048740505927587770435111368075320", "price": "0.55", "size": "86.36", "side": "SELL", "hash": "b855d3705c3a3638bd74cfdee117f640a25af274", "best_bid": "0.01", "best_ask": "0.54"}, {"asset_id": "101010447008040604329278014148935547716274860620658517454942215109560581365693", "price": "0.45", "size": "86.36", "side": "BUY", "hash": "ff9a9eb0b159bce9358e6461a86442d73e070cee", "best_bid": "0.46", "best_ask": "0.99"}], "timestamp": "1769384718847", "event_type": "price_change"}}
{"_local_timestamp": "2026-01-25T23:45:18.948353+00:00", "data": {"market": "0x69640c4abfea677e8fa053241e95bf5a838fdd214f69e425d2ea87966a4fe95d", "price_changes": [{"asset_id": "22645719723399480296887627383949655119799205233792642547809019705489340018359", "price": "0.801", "size": "86.36", "side": "SELL", "hash": "bbf5a6d21c13c77a2ebd4bc1b9770e014ccec84d", "best_bid": "0.01", "best_ask": "0.8"}, {"asset_id": "5732596693470161425530770544181522071880886700861486601427814402426115846089", "price": "0.199", "size": "86.36", "side": "BUY", "hash": "4599215b315116163832684bb43c769108625678", "best_bid": "0.2", "best_ask": "0.99"}], "timestamp": "1769384718847", "event_type": "price_change"}}
{"_local_timestamp": "2026-01-25T23:45:19.123537+00:00", "data": {"market": "0xd8ebca9b4fd45377d5affcbeaf85e88b0ac4b3b363db24f5244e6878e8d2ae7c", "price_changes": [{"asset_id": "18184359940959208591781209962579756240652110266130326694409496420668268707172", "price": "0.43", "size": "0", "side": "BUY", "hash": "587597f63e1bb24573d19d939b0996e4dd597336", "best_bid": "0.51", "best_ask": "0.99"}, {"asset_id": "95050029404559112034768961053676083820963597280812405526023629282305898258478", "price": "0.57", "size": "0", "side": "SELL", "hash": "d6c4c29162c9c2d5070b9a6e28a369c1969efd90", "best_bid": "0.01", "best_ask": "0.49"}], "timestamp": "1769384719015", "event_type": "price_change"}}
{"_local_timestamp": "2026-01-25T23:45:19.124214+00:00", "data": {"market": "0x97c2d0438f10dd37be32c578e718357a5f1bfd06efa5db29bbf4ade796659292", "price_changes": [{"asset_id": "58631904538639205619407650291048039196920754955312190005249856353373471671190", "price": "0.32", "size": "0", "side": "BUY", "hash": "6638b6167b312568906f8f94ef78e93c6390add3", "best_bid": "0.88", "best_ask": "0.98"}, {"asset_id": "16378532440061541686560300866488577156506036017719664595359652619304354105304", "price": "0.68", "size": "0", "side": "SELL", "hash": "45a0df34b848b1b98992420738ade783327e2962", "best_bid": "0.02", "best_ask": "0.12"}], "timestamp": "1769384719015", "event_type": "price_change"}}
{"_local_timestamp": "2026-01-25T23:45:19.124778+00:00", "data": {"market": "0xa8ea8529a2a1907c638a6a23fa47e7397817794a53539f219ccd4c8f9a71f2db", "price_changes": [{"asset_id": "92280573078394525707472752139848747754488378415033588212381105215995844984092", "price": "0.12", "size": "0", "side": "BUY", "hash": "21012c6b929900d913c348900f0d9cedcaf132e4", "best_bid": "0.65", "best_ask": "0.81"}, {"asset_id": "105063659813383319088595663067312591010174124442742746950095373750451427622761", "price": "0.88", "size": "0", "side": "SELL", "hash": "c351ce9f2dd0163e9f0b4302dfa6da129c466c5a", "best_bid": "0.19", "best_ask": "0.35"}], "timestamp": "1769384719015", "event_type": "price_change"}}
{"_local_timestamp": "2026-01-25T23:45:19.254755+00:00", "data": {"market": "0xd8ebca9b4fd45377d5affcbeaf85e88b0ac4b3b363db24f5244e6878e8d2ae7c", "price_changes": [{"asset_id": "18184359940959208591781209962579756240652110266130326694409496420668268707172", "price": "0.46", "size": "10", "side": "BUY", "hash": "8ffeafa4ef4890715d918b3e617517acae77d0e8", "best_bid": "0.51", "best_ask": "0.99"}, {"asset_id": "95050029404559112034768961053676083820963597280812405526023629282305898258478", "price": "0.54", "size": "10", "side": "SELL", "hash": "9def934df2098a0861f4ed4cfe6580c3b8279256", "best_bid": "0.01", "best_ask": "0.49"}], "timestamp": "1769384719183", "event_type": "price_change"}}
{"_local_timestamp": "2026-01-25T23:45:19.255372+00:00", "data": {"market": "0xa8ea8529a2a1907c638a6a23fa47e7397817794a53539f219ccd4c8f9a71f2db", "price_changes": [{"asset_id": "92280573078394525707472752139848747754488378415033588212381105215995844984092", "price": "0.14", "size": "73", "side": "BUY", "hash": "99309eba1caf534b28ed5b7b671f3359646c4ed7", "best_bid": "0.65", "best_ask": "0.81"}, {"asset_id": "105063659813383319088595663067312591010174124442742746950095373750451427622761", "price": "0.86", "size": "73", "side": "SELL", "hash": "31685f45da323aed46c91b7fb2d9d9574c492755", "best_bid": "0.19", "best_ask": "0.35"}], "timestamp": "1769384719183", "event_type": "price_change"}}
