{"_local_timestamp": "2026-01-25T23:33:33.022773+00:00", "data": [{"market": "0x55c186d303a88f67eb790a5486e0d5430352ed3c018e9602af313b873ae7c6ae", "asset_id": "99427340178627001596249525275526063930070347555316661969816068920551832004909", "timestamp": "1769383934022", "hash": "b6d0bfdf0202d370e416c1227964073835ac52d9", "bids": [{"price": "0.01", "size": "280.98"}, {"price": "0.02", "size": "30.14"}, {"price": "0.05", "size": "30"}, {"price": "0.06", "size": "33"}, {"price": "0.07", "size": "22.87"}, {"price": "0.1", "size": "66.66"}, {"price": "0.12", "size": "6.44"}, {"price": "0.13", "size": "20"}, {"price": "0.21", "size": "86.66"}], "asks": [{"price": "0.99", "size": "78.19"}, {"price": "0.98", "size": "10.7"}, {"price": "0.97", "size": "16"}, {"price": "0.96", "size": "7.08"}, {"price": "0.94", "size": "66.66"}, {"price": "0.93", "size": "5.53"}, {"price": "0.9", "size": "20"}, {"price": "0.89", "size": "66.66"}], "event_type": "book", "last_trade_price": ""}, {"market": "0x5907a57bb422718865f59393fa0779374d6a62965cce0d50637411762867a8f4", "asset_id": "48234106767694705830521871619587028700143463152512886313457017781051803465561", "timestamp": "1769383895252", "hash": "e4ce9eb201f506bf5e71de94136160817fc580f3", "bids": [{"price": "0.01", "size": "109.76"}, {"price": "0.02", "size": "111.68"}, {"price": "0.03", "size": "900"}, {"price": "0.04", "size": "8.11"}, {"price": "0.05", "size": "20"}, {"price": "0.06", "size": "10"}, {"price": "0.07", "size": "8.98"}, {"price": "0.13", "size": "100"}, {"price": "0.14", "size": "5.11"}, {"price": "0.18", "size": "6"}, {"price": "0.22", "size": "7"}, {"price": "0.24", "size": "5"}], "asks": [{"price": "0.99", "size": "79.16"}, {"price": "0.98", "size": "15.77"}, {"price": "0.95", "size": "10"}, {"price": "0.94", "size": "105"}, {"price": "0.93", "size": "8.85"}, {"price": "0.89", "size": "72.66"}, {"price": "0.79", "size": "10"}, {"price": "0.78", "size": "72.66"}], "event_type": "book", "last_trade_price": ""}, {"market": "0x5907a57bb422718865f59393fa0779374d6a62965cce0d50637411762867a8f4", "asset_id": "89691692433810708662044713280560196245651593280559985593960312638148344324296", "timestamp": "1769383895252", "hash": "a81b6a9208f44bfdad3d6a94e93917ef4481d7f5", "bids": [{"price": "0.01", "size": "79.16"}, {"price": "0.02", "size": "15.77"}, {"price": "0.05", "size": "10"}, {"price": "0.06", "size": "105"}, {"price": "0.07", "size": "8.85"}, {"price": "0.11", "size": "72.66"}, {"price": "0.21", "size": "10"}, {"price": "0.22", "size": "72.66"}], "asks": [{"price": "0.99", "size": "109.76"}, {"price": "0.98", "size": "111.68"}, {"price": "0.97", "size": "900"}, {"price": "0.96", "size": "8.11"}, {"price": "0.95", "size": "20"}, {"price": "0.94", "size": "10"}, {"price": "0.93", "size": "8.98"}, {"price": "0.87", "size": "100"}, {"price": "0.86", "size": "5.11"}, {"price": "0.82", "size": "6"}, {"price": "0.78", "size": "7"}, {"price": "0.76", "size": "5"}], "event_type": "book", "last_trade_price": ""}, {"market": "0x55c186d303a88f67eb790a5486e0d5430352ed3c018e9602af313b873ae7c6ae", "asset_id": "27864379735636967187061174592974985530606192477476602134082994654383977817622", "timestamp": "1769383934022", "hash": "c425f8bd9f69705c94d854ee00272fa9cbf55533", "bids": [{"price": "0.01", "size": "78.19"}, {"price": "0.02", "size": "10.7"}, {"price": "0.03", "size": "16"}, {"price": "0.04", "size": "7.08"}, {"price": "0.06", "size": "66.66"}, {"price": "0.07", "size": "5.53"}, {"price": "0.1", "size": "20"}, {"price": "0.11", "size": "66.66"}], "asks": [{"price": "0.99", "size": "280.98"}, {"price": "0.98", "size": "30.14"}, {"price": "0.95", "size": "30"}, {"price": "0.94", "size": "33"}, {"price": "0.93", "size": "22.87"}, {"price": "0.9", "size": "66.66"}, {"price": "0.88", "size": "6.44"}, {"price": "0.87", "size": "20"}, {"price": "0.79", "size": "86.66"}], "event_type": "book", "last_trade_price": ""}]}
{"_local_timestamp": "2026-01-25T23:34:13.485705+00:00", "data": {"market": "0x5907a57bb422718865f59393fa0779374d6a62965cce0d50637411762867a8f4", "price_changes": [{"asset_id": "48234106767694705830521871619587028700143463152512886313457017781051803465561", "price": "0.04", "size": "108.11", "side": "BUY", "hash": "ae555d7752217be6f75560ce2f06f5047a521caa", "best_bid": "0.24", "best_ask": "0.78"}, {"asset_id": "89691692433810708662044713280560196245651593280559985593960312638148344324296", "price": "0.96", "size": "108.11", "side": "SELL", "hash": "3ca28063010075876c1723cb83e5671b2c83e32c", "best_bid": "0.22", "best_ask": "0.76"}], "timestamp": "1769384053284", "event_type": "price_change"}}
{"_local_timestamp": "2026-01-25T23:34:30.734135+00:00", "data": {"market": "0x55c186d303a88f67eb790a5486e0d5430352ed3c018e9602af313b873ae7c6ae", "price_changes": [{"asset_id": "99427340178627001596249525275526063930070347555316661969816068920551832004909", "price": "0.07", "size": "16", "side": "BUY", "hash": "1b22e5a9e0fece1991d1758ae52c331594e3bdc1", "best_bid": "0.21", "best_ask": "0.89"}, {"asset_id": "27864379735636967187061174592974985530606192477476602134082994654383977817622", "price": "0.93", "size": "16", "side": "SELL", "hash": "dc31902f6977ba66e0ffd106f7e76849ef9f6ef4", "best_bid": "0.11", "best_ask": "0.79"}], "timestamp": "1769384070567", "event_type": "price_change"}}
{"_local_timestamp": "2026-01-25T23:34:30.738959+00:00", "data": {"market": "0x55c186d303a88f67eb790a5486e0d5430352ed3c018e9602af313b873ae7c6ae", "price_changes": [{"asset_id": "99427340178627001596249525275526063930070347555316661969816068920551832004909", "price": "0.12", "size": "0", "side": "BUY", "hash": "1b22e5a9e0fece1991d1758ae52c331594e3bdc1", "best_bid": "0.21", "best_ask": "0.89"}, {"asset_id": "27864379735636967187061174592974985530606192477476602134082994654383977817622", "price": "0.88", "size": "0", "side": "SELL", "hash": "dc31902f6977ba66e0ffd106f7e76849ef9f6ef4", "best_bid": "0.11", "best_ask": "0.79"}], "timestamp": "1769384070567", "event_type": "price_change"}}
{"_local_timestamp": "2026-01-25T23:34:30.914798+00:00", "data": {"market": "0x55c186d303a88f67eb790a5486e0d5430352ed3c018e9602af313b873ae7c6ae", "price_changes": [{"asset_id": "99427340178627001596249525275526063930070347555316661969816068920551832004909", "price": "0.13", "size": "25.76", "side": "BUY", "hash": "87dd21b1f2f67d17a1254a7516b61d5e56777d52", "best_bid": "0.21", "best_ask": "0.89"}, {"asset_id": "27864379735636967187061174592974985530606192477476602134082994654383977817622", "price": "0.87", "size": "25.76", "side": "SELL", "hash": "7b71d0d07116c85734d22003212e5852cf2eef22", "best_bid": "0.11", "best_ask": "0.79"}], "timestamp": "1769384070848", "event_type": "price_change"}}
{"_local_timestamp": "2026-01-25T23:34:30.918518+00:00", "data": {"market": "0x55c186d303a88f67eb790a5486e0d5430352ed3c018e9602af313b873ae7c6ae", "price_changes": [{"asset_id": "99427340178627001596249525275526063930070347555316661969816068920551832004909", "price": "0.08", "size": "6.3", "side": "BUY", "hash": "0fd39fce7dc43db603e4a4e364f0909de1d02cd4", "best_bid": "0.21", "best_ask": "0.89"}, {"asset_id": "27864379735636967187061174592974985530606192477476602134082994654383977817622", "price": "0.92", "size": "6.3", "side": "SELL", "hash": "cc7410f07d906bb495956fe9592c4615e3f6b619", "best_bid": "0.11", "best_ask": "0.79"}], "timestamp": "1769384070850", "event_type": "price_change"}}
{"_local_timestamp": "2026-01-25T23:34:36.290038+00:00", "data": {"market": "0x55c186d303a88f67eb790a5486e0d5430352ed3c018e9602af313b873ae7c6ae", "price_changes": [{"asset_id": "99427340178627001596249525275526063930070347555316661969816068920551832004909", "price": "0.13", "size": "5.76", "side": "BUY", "hash": "91f4788103521019c0a3c17adbab86f7872c1126", "best_bid": "0.21", "best_ask": "0.89"}, {"asset_id": "27864379735636967187061174592974985530606192477476602134082994654383977817622", "price": "0.87", "size": "5.76", "side": "SELL", "hash": "f2c5d880d2bdf1fd67f0647dc22ec161a7176efa", "best_bid": "0.11", "best_ask": "0.79"}], "timestamp": "1769384076225", "event_type": "price_change"}}
{"_local_timestamp": "2026-01-25T23:34:36.321271+00:00", "data": {"market": "0x55c186d303a88f67eb790a5486e0d5430352ed3c018e9602af313b873ae7c6ae", "price_changes": [{"asset_id": "99427340178627001596249525275526063930070347555316661969816068920551832004909", "price": "0.11", "size": "20", "side": "BUY", "hash": "a4f562ede268940a5b3fe0cb2fe4b7180eeebf36", "best_bid": "0.21", "best_ask": "0.89"}, {"asset_id": "27864379735636967187061174592974985530606192477476602134082994654383977817622", "price": "0.89", "size": "20", "side": "SELL", "hash": "5da545b1a1d2b6e26e7df573460660a8f1b49967", "best_bid": "0.11", "best_ask": "0.79"}], "timestamp": "1769384076255", "event_type": "price_change"}}
{"_local_timestamp": "2026-01-25T23:35:30.796462+00:00", "data": {"market": "0x5907a57bb422718865f59393fa0779374d6a62965cce0d50637411762867a8f4", "price_changes": [{"asset_id": "48234106767694705830521871619587028700143463152512886313457017781051803465561", "price": "0.03", "size": "100", "side": "BUY", "hash": "cbce0a430d3bfb964751fc56a781d6781034da9b", "best_bid": "0.24", "best_ask": "0.78"}, {"asset_id": "89691692433810708662044713280560196245651593280559985593960312638148344324296", "price": "0.97", "size": "100", "side": "SELL", "hash": "712d3a300880ea183d55e3001f4fcbbd24b6e18a", "best_bid": "0.22", "best_ask": "0.76"}], "timestamp": "1769384130716", "event_type": "price_change"}}
{"_local_timestamp": "2026-01-25T23:37:32.078012+00:00", "data": {"market": "0x55c186d303a88f67eb790a5486e0d5430352ed3c018e9602af313b873ae7c6ae", "price_changes": [{"asset_id": "99427340178627001596249525275526063930070347555316661969816068920551832004909", "price": "0.21", "size": "66.66", "side": "BUY", "hash": "f71a78a49e6e50ec9c29eefc34b0eb0ad2087d8b", "best_bid": "0.21", "best_ask": "0.89"}, {"asset_id": "27864379735636967187061174592974985530606192477476602134082994654383977817622", "price": "0.79", "size": "66.66", "side": "SELL", "hash": "b0c98a03803cb3ccb00f89008526114b46db36bf", "best_bid": "0.11", "best_ask": "0.79"}], "timestamp": "1769384251914", "event_type": "price_change"}}
{"_local_timestamp": "2026-01-25T23:37:52.659877+00:00", "data": {"market": "0x55c186d303a88f67eb790a5486e0d5430352ed3c018e9602af313b873ae7c6ae", "price_changes": [{"asset_id": "99427340178627001596249525275526063930070347555316661969816068920551832004909", "price": "0.21", "size": "0", "side": "BUY", "hash": "8c7754e08d03b2a1bab4c08c57b446117f795c26", "best_bid": "0.13", "best_ask": "0.89"}, {"asset_id": "27864379735636967187061174592974985530606192477476602134082994654383977817622", "price": "0.79", "size": "0", "side": "SELL", "hash": "43911a5fc6deba55399654ec3d4881b551861d40", "best_bid": "0.11", "best_ask": "0.87"}], "timestamp": "1769384272518", "event_type": "price_change"}}
{"_local_timestamp": "2026-01-25T23:37:53.173007+00:00", "data": {"market": "0x55c186d303a88f67eb790a5486e0d5430352ed3c018e9602af313b873ae7c6ae", "price_changes": [{"asset_id": "99427340178627001596249525275526063930070347555316661969816068920551832004909", "price": "0.14", "size": "66.66", "side": "BUY", "hash": "b9430845daf08ba50d59ad17180dc30e28449176", "best_bid": "0.14", "best_ask": "0.89"}, {"asset_id": "27864379735636967187061174592974985530606192477476602134082994654383977817622", "price": "0.86", "size": "66.66", "side": "SELL", "hash": "ff430c62dee05971779c0c989eaa9aae8c3d4b2c", "best_bid": "0.11", "best_ask": "0.86"}], "timestamp": "1769384273017", "event_type": "price_change"}}
{"_local_timestamp": "2026-01-25T23:37:55.312353+00:00", "data": {"market": "0x55c186d303a88f67eb790a5486e0d5430352ed3c018e9602af313b873ae7c6ae", "price_changes": [{"asset_id": "99427340178627001596249525275526063930070347555316661969816068920551832004909", "price": "0.11", "size": "0", "side": "BUY", "hash": "be14c13ae758c735a9fec732a3f3adc64cdbace1", "best_bid": "0.14", "best_ask": "0.89"}, {"asset_id": "27864379735636967187061174592974985530606192477476602134082994654383977817622", "price": "0.89", "size": "0", "side": "SELL", "hash": "b33e814934ab4a13c21815655b619710d7f243d9", "best_bid": "0.11", "best_ask": "0.86"}], "timestamp": "1769384275186", "event_type": "price_change"}}
{"_local_timestamp": "2026-01-25T23:37:55.341998+00:00", "data": {"market": "0x55c186d303a88f67eb790a5486e0d5430352ed3c018e9602af313b873ae7c6ae", "price_changes": [{"asset_id": "99427340178627001596249525275526063930070347555316661969816068920551832004909", "price": "0.15", "size": "20", "side": "BUY", "hash": "76af366a9cc7ac2324ee5af8b81fd6b7d84c3c5a", "best_bid": "0.15", "best_ask": "0.89"}, {"asset_id": "27864379735636967187061174592974985530606192477476602134082994654383977817622", "price": "0.85", "size": "20", "side": "SELL", "hash": "afa4e5d29ea129a0b8b620e4316c39b85417ddce", "best_bid": "0.11", "best_ask": "0.85"}], "timestamp": "1769384275219", "event_type": "price_change"}}
{"_local_timestamp": "2026-01-25T23:39:51.586890+00:00", "data": {"market": "0x55c186d303a88f67eb790a5486e0d5430352ed3c018e9602af313b873ae7c6ae", "price_changes": [{"asset_id": "99427340178627001596249525275526063930070347555316661969816068920551832004909", "price": "0.15", "size": "120", "side": "BUY", "hash": "b98cc00b59881b9b2142f47e7c3147e7bdf8726f", "best_bid": "0.15", "best_ask": "0.89"}, {"asset_id": "27864379735636967187061174592974985530606192477476602134082994654383977817622", "price": "0.85", "size": "120", "side": "SELL", "hash": "f5a062e155f13b671226b15522007fe6bbe7e4dc", "best_bid": "0.11", "best_ask": "0.85"}], "timestamp": "1769384391521", "event_type": "price_change"}}
{"_local_timestamp": "2026-01-25T23:39:51.594276+00:00", "data": {"market": "0x55c186d303a88f67eb790a5486e0d5430352ed3c018e9602af313b873ae7c6ae", "price_changes": [{"asset_id": "99427340178627001596249525275526063930070347555316661969816068920551832004909", "price": "0.16", "size": "100", "side": "BUY", "hash": "2cc935315e1b45e0f6126cf203fec71e13eba3e6", "best_bid": "0.16", "best_ask": "0.89"}, {"asset_id": "27864379735636967187061174592974985530606192477476602134082994654383977817622", "price": "0.84", "size": "100", "side": "SELL", "hash": "b821a38acbc08efc2d4597e66cfcceb4346980e2", "best_bid": "0.11", "best_ask": "0.84"}], "timestamp": "1769384391522", "event_type": "price_change"}}
{"_local_timestamp": "2026-01-25T23:39:54.282980+00:00", "data": {"market": "0x55c186d303a88f67eb790a5486e0d5430352ed3c018e9602af313b873ae7c6ae", "price_changes": [{"asset_id": "99427340178627001596249525275526063930070347555316661969816068920551832004909", "price": "0.15", "size": "100", "side": "BUY", "hash": "18da381867a20e49843bf8ac01a7a3d015e3a199", "best_bid": "0.16", "best_ask": "0.89"}, {"asset_id": "27864379735636967187061174592974985530606192477476602134082994654383977817622", "price": "0.85", "size": "100", "side": "SELL", "hash": "b59637e9f1be99d6e64c0deb0b5a6b320b6adfcc", "best_bid": "0.11", "best_ask": "0.84"}], "timestamp": "1769384394216", "event_type": "price_change"}}
{"_local_timestamp": "2026-01-25T23:39:54.330592+00:00", "data": {"market": "0x55c186d303a88f67eb790a5486e0d5430352ed3c018e9602af313b873ae7c6ae", "price_changes": [{"asset_id": "99427340178627001596249525275526063930070347555316661969816068920551832004909", "price": "0.17", "size": "20", "side": "BUY", "hash": "50a059f42d22314aacd12063468095b9f4aaf7ea", "best_bid": "0.17", "best_ask": "0.89"}, {"asset_id": "27864379735636967187061174592974985530606192477476602134082994654383977817622", "price": "0.83", "size": "20", "side": "SELL", "hash": "a5fc58f1fb53f6d2ff66cdb26c6324ec2f9a9b3f", "best_bid": "0.11", "best_ask": "0.83"}], "timestamp": "1769384394252", "event_type": "price_change"}}
{"_local_timestamp": "2026-01-25T23:40:09.634041+00:00", "data": {"market": "0x55c186d303a88f67eb790a5486e0d5430352ed3c018e9602af313b873ae7c6ae", "price_changes": [{"asset_id": "99427340178627001596249525275526063930070347555316661969816068920551832004909", "price": "0.15", "size": "0", "side": "BUY", "hash": "c3f085d7144bd0ab5a4c387be0c0511ca82e609d", "best_bid": "0.17", "best_ask": "0.89"}, {"asset_id": "27864379735636967187061174592974985530606192477476602134082994654383977817622", "price": "0.85", "size": "0", "side": "SELL", "hash": "71e1f78ea7210801f5accdf0d55479905efe5542", "best_bid": "0.11", "best_ask": "0.83"}], "timestamp": "1769384409570", "event_type": "price_change"}}
