{"_local_timestamp": "2026-01-25T23:40:44.854529+00:00", "data": [{"market": "0x22b51bb27ae4139c93f4b8afc4155b570c736b7a121311a11c7ccdc0ae7aa1a6", "asset_id": "91179519679745713292755482101081995422261384922118453570576468471169573572760", "timestamp": "1769384335573", "hash": "fd4900a7a1c46c585cce5040910420421fd7c949", "bids": [{"price": "0.01", "size": "3509.75"}, {"price": "0.02", "size": "1816.75"}, {"price": "0.03", "size": "749.36"}, {"price": "0.08", "size": "950"}, {"price": "0.09", "size": "7.35"}, {"price": "0.12", "size": "833.33"}, {"price": "0.16", "size": "200"}, {"price": "0.19", "size": "842"}, {"price": "0.2", "size": "2690"}, {"price": "0.25", "size": "304"}, {"price": "0.29", "size": "132.75"}, {"price": "0.32", "size": "440.81"}, {"price": "0.33", "size": "60.6"}, {"price": "0.34", "size": "125"}, {"price": "0.35", "size": "5"}, {"price": "0.61", "size": "70"}, {"price": "0.64", "size": "281.23"}, {"price": "0.67", "size": "30.28"}, {"price": "0.7", "size": "18.75"}, {"price": "0.71", "size": "218.96"}, {"price": "0.72", "size": "100"}, {"price": "0.73", "size": "122.04"}, {"price": "0.75", "size": "303"}, {"price": "0.77", "size": "102.82"}, {"price": "0.78", "size": "58.6"}], "asks": [{"price": "0.99", "size": "10000"}, {"price": "0.98", "size": "508.02"}, {"price": "0.97", "size": "250"}, {"price": "0.96", "size": "6.91"}, {"price": "0.93", "size": "1000"}, {"price": "0.92", "size": "500"}, {"price": "0.91", "size": "6.25"}, {"price": "0.89", "size": "118.18"}, {"price": "0.88", "size": "391.66"}, {"price": "0.87", "size": "154"}, {"price": "0.85", "size": "1777.7"}, {"price": "0.84", "size": "772.77"}, {"price": "0.83", "size": "130"}, {"price": "0.82", "size": "811.74"}, {"price": "0.81", "size": "1024.19"}], "event_type": "book", "last_trade_price": "0.220"}, {"market": "0x22b51bb27ae4139c93f4b8afc4155b570c736b7a121311a11c7ccdc0ae7aa1a6", "asset_id": "97433742638087983495624665366668637367113405056375351453947850729086421920982", "timestamp": "1769384335573", "hash": "27fb4a1e3f0ec6ff0f4066bde80bb4c969aae18b", "bids": [{"price": "0.01", "size": "10000"}, {"price": "0.02", "size": "508.02"}, {"price": "0.03", "size": "250"}, {"price": "0.04", "size": "6.91"}, {"price": "0.07", "size": "1000"}, {"price": "0.08", "size": "500"}, {"price": "0.09", "size": "6.25"}, {"price": "0.11", "size": "118.18"}, {"price": "0.12", "size": "391.66"}, {"price": "0.13", "size": "154"}, {"price": "0.15", "size": "1777.7"}, {"price": "0.16", "size": "772.77"}, {"price": "0.17", "size": "130"}, {"price": "0.18", "size": "811.74"}, {"price": "0.19", "size": "1024.19"}], "asks": [{"price": "0.99", "size": "3509.75"}, {"price": "0.98", "size": "1816.75"}, {"price": "0.97", "size": "749.36"}, {"price": "0.92", "size": "950"}, {"price": "0.91", "size": "7.35"}, {"price": "0.88", "size": "833.33"}, {"price": "0.84", "size": "200"}, {"price": "0.81", "size": "842"}, {"price": "0.8", "size": "2690"}, {"price": "0.75", "size": "304"}, {"price": "0.71", "size": "132.75"}, {"price": "0.68", "size": "440.81"}, {"price": "0.67", "size": "60.6"}, {"price": "0.66", "size": "125"}, {"price": "0.65", "size": "5"}, {"price": "0.39", "size": "70"}, {"price": "0.36", "size": "281.23"}, {"price": "0.33", "size": "30.28"}, {"price": "0.3", "size": "18.75"}, {"price": "0.29", "size": "218.96"}, {"price": "0.28", "size": "100"}, {"price": "0.27", "size": "122.04"}, {"price": "0.25", "size": "303"}, {"price": "0.23", "size": "102.82"}, {"price": "0.22", "size": "58.6"}], "event_type": "book", "last_trade_price": "0.220"}]}
{"_local_timestamp": "2026-01-25T23:40:52.073785+00:00", "data": {"market": "0x22b51bb27ae4139c93f4b8afc4155b570c736b7a121311a11c7ccdc0ae7aa1a6", "price_changes": [{"asset_id": "97433742638087983495624665366668637367113405056375351453947850729086421920982", "price": "0.15", "size": "1710.7", "side": "BUY", "hash": "790dce7c983bc7830b4b5e50717ffd171a1d07a9", "best_bid": "0.19", "best_ask": "0.22"}, {"asset_id": "91179519679745713292755482101081995422261384922118453570576468471169573572760", "price": "0.85", "size": "1710.7", "side": "SELL", "hash": "439abbdcc9e1fd392bd07c811100c61bede787f2", "best_bid": "0.78", "best_ask": "0.81"}], "timestamp": "1769384452000", "event_type": "price_change"}}
{"_local_timestamp": "2026-01-25T23:40:52.074206+00:00", "data": {"market": "0x22b51bb27ae4139c93f4b8afc4155b570c736b7a121311a11c7ccdc0ae7aa1a6", "price_changes": [{"asset_id": "97433742638087983495624665366668637367113405056375351453947850729086421920982", "price": "0.13", "size": "0", "side": "BUY", "hash": "48bad5e6e2d04b76fbabf4e5cd3e182f924f41c5", "best_bid": "0.19", "best_ask": "0.22"}, {"asset_id": "91179519679745713292755482101081995422261384922118453570576468471169573572760", "price": "0.87", "size": "0", "side": "SELL", "hash": "0843d69bd7e225ae861b8d085f499f0105fad3f4", "best_bid": "0.78", "best_ask": "0.81"}], "timestamp": "1769384452001", "event_type": "price_change"}}
{"_local_timestamp": "2026-01-25T23:40:52.074501+00:00", "data": {"market": "0x22b51bb27ae4139c93f4b8afc4155b570c736b7a121311a11c7ccdc0ae7aa1a6", "price_changes": [{"asset_id": "97433742638087983495624665366668637367113405056375351453947850729086421920982", "price": "0.08", "size": "0", "side": "BUY", "hash": "48bad5e6e2d04b76fbabf4e5cd3e182f924f41c5", "best_bid": "0.19", "best_ask": "0.22"}, {"asset_id": "91179519679745713292755482101081995422261384922118453570576468471169573572760", "price": "0.92", "size": "0", "side": "SELL", "hash": "0843d69bd7e225ae861b8d085f499f0105fad3f4", "best_bid": "0.78", "best_ask": "0.81"}], "timestamp": "1769384452001", "event_type": "price_change"}}
{"_local_timestamp": "2026-01-25T23:40:52.074787+00:00", "data": {"market": "0x22b51bb27ae4139c93f4b8afc4155b570c736b7a121311a11c7ccdc0ae7aa1a6", "price_changes": [{"asset_id": "97433742638087983495624665366668637367113405056375351453947850729086421920982", "price": "0.01", "size": "2000", "side": "BUY", "hash": "14254da9a76c4768c9bf9e9bf749a05fcc62def7", "best_bid": "0.19", "best_ask": "0.22"}, {"asset_id": "91179519679745713292755482101081995422261384922118453570576468471169573572760", "price": "0.99", "size": "2000", "side": "SELL", "hash": "3eac89e5c2a7d150bb56b13e39075f3b9d15dddf", "best_bid": "0.78", "best_ask": "0.81"}], "timestamp": "1769384452002", "event_type": "price_change"}}
{"_local_timestamp": "2026-01-25T23:41:15.666466+00:00", "data": {"market": "0x22b51bb27ae4139c93f4b8afc4155b570c736b7a121311a11c7ccdc0ae7aa1a6", "price_changes": [{"asset_id": "97433742638087983495624665366668637367113405056375351453947850729086421920982", "price": "0.01", "size": "10000", "side": "BUY", "hash": "3cfca369e967e5e1ef66abab7ce57a108718a2d3", "best_bid": "0.19", "best_ask": "0.22"}, {"asset_id": "91179519679745713292755482101081995422261384922118453570576468471169573572760", "price": "0.99", "size": "10000", "side": "SELL", "hash": "0fc5000607c089e76517b61a022f979bd12eb4e8", "best_bid": "0.78", "best_ask": "0.81"}], "timestamp": "1769384475597", "event_type": "price_change"}}
{"_local_timestamp": "2026-01-25T23:41:15.668438+00:00", "data": {"market": "0x22b51bb27ae4139c93f4b8afc4155b570c736b7a121311a11c7ccdc0ae7aa1a6", "price_changes": [{"asset_id": "97433742638087983495624665366668637367113405056375351453947850729086421920982", "price": "0.08", "size": "500", "side": "BUY", "hash": "3436f5039e59f2e9a8fa875089cdeaeaf2ca6e31", "best_bid": "0.19", "best_ask": "0.22"}, {"asset_id": "91179519679745713292755482101081995422261384922118453570576468471169573572760", "price": "0.92", "size": "500", "side": "SELL", "hash": "8f37bbcb3b29000e0db0ad9b26efb96455d3ffd1", "best_bid": "0.78", "best_ask": "0.81"}], "timestamp": "1769384475598", "event_type": "price_change"}}
{"_local_timestamp": "2026-01-25T23:41:15.672964+00:00", "data": {"market": "0x22b51bb27ae4139c93f4b8afc4155b570c736b7a121311a11c7ccdc0ae7aa1a6", "price_changes": [{"asset_id": "97433742638087983495624665366668637367113405056375351453947850729086421920982", "price": "0.15", "size": "1777.7", "side": "BUY", "hash": "3ba07fa7098db1e8e832ea075d2494e9fa727be3", "best_bid": "0.19", "best_ask": "0.22"}, {"asset_id": "91179519679745713292755482101081995422261384922118453570576468471169573572760", "price": "0.85", "size": "1777.7", "side": "SELL", "hash": "0285d9a8f8c884a505c6608a2f2d0e8aedfc8da8", "best_bid": "0.78", "best_ask": "0.81"}], "timestamp": "1769384475599", "event_type": "price_change"}}
{"_local_timestamp": "2026-01-25T23:41:15.674494+00:00", "data": {"market": "0x22b51bb27ae4139c93f4b8afc4155b570c736b7a121311a11c7ccdc0ae7aa1a6", "price_changes": [{"asset_id": "97433742638087983495624665366668637367113405056375351453947850729086421920982", "price": "0.13", "size": "154", "side": "BUY", "hash": "c60a6eca0bb8ea0f6fd1b30f438ccb46f9a9ad6b", "best_bid": "0.19", "best_ask": "0.22"}, {"asset_id": "91179519679745713292755482101081995422261384922118453570576468471169573572760", "price": "0.87", "size": "154", "side": "SELL", "hash": "8d94b5f6b8b65765fd57158a731cd1b5d73b8ec9", "best_bid": "0.78", "best_ask": "0.81"}], "timestamp": "1769384475600", "event_type": "price_change"}}
{"_local_timestamp": "2026-01-25T23:42:52.451931+00:00", "data": {"market": "0x22b51bb27ae4139c93f4b8afc4155b570c736b7a121311a11c7ccdc0ae7aa1a6", "price_changes": [{"asset_id": "97433742638087983495624665366668637367113405056375351453947850729086421920982", "price": "0.09", "size": "0", "side": "BUY", "hash": "78f5c9af9bed52609c082d49ab3af21b0fcc6344", "best_bid": "0.19", "best_ask": "0.22"}, {"asset_id": "91179519679745713292755482101081995422261384922118453570576468471169573572760", "price": "0.91", "size": "0", "side": "SELL", "hash": "fb5b6ce356858c7da8eac49eb803e37818403ef2", "best_bid": "0.78", "best_ask": "0.81"}], "timestamp": "1769384572332", "event_type": "price_change"}}
{"_local_timestamp": "2026-01-25T23:42:52.640820+00:00", "data": {"market": "0x22b51bb27ae4139c93f4b8afc4155b570c736b7a121311a11c7ccdc0ae7aa1a6", "price_changes": [{"asset_id": "97433742638087983495624665366668637367113405056375351453947850729086421920982", "price": "0.09", "size": "6.25", "side": "BUY", "hash": "bfea48b3541287523ef6c07b2fcf5de7c2274797", "best_bid": "0.19", "best_ask": "0.22"}, {"asset_id": "91179519679745713292755482101081995422261384922118453570576468471169573572760", "price": "0.91", "size": "6.25", "side": "SELL", "hash": "06bc768d20fe273ff6ad1450e308761031fb228f", "best_bid": "0.78", "best_ask": "0.81"}], "timestamp": "1769384572535", "event_type": "price_change"}}
