{"_local_timestamp": "2026-01-25T23:40:36.167875+00:00", "data": [{"market": "0xad74ec4c2b537ba1d1c914dee6a9a551136da2bc6706908aa406b028a5ce4849", "asset_id": "13807890118856274250052051142746850832347855077322656523151046362399113308927", "timestamp": "1769384431007", "hash": "72c9be3cb1882defd562fdc8a8358a2a859c54f6", "bids": [{"price": "0.01", "size": "5000"}, {"price": "0.02", "size": "1000"}, {"price": "0.03", "size": "2550"}, {"price": "0.05", "size": "510"}, {"price": "0.08", "size": "750"}, {"price": "0.12", "size": "700"}, {"price": "0.13", "size": "261.53"}, {"price": "0.17", "size": "188.23"}, {"price": "0.19", "size": "1092"}, {"price": "0.2", "size": "50"}, {"price": "0.21", "size": "133.33"}, {"price": "0.22", "size": "100"}, {"price": "0.23", "size": "1826"}, {"price": "0.25", "size": "104"}, {"price": "0.27", "size": "50"}, {"price": "0.29", "size": "82.75"}, {"price": "0.34", "size": "58.82"}, {"price": "0.35", "size": "3360"}, {"price": "0.36", "size": "300"}, {"price": "0.67", "size": "19.4"}, {"price": "0.68", "size": "16.17"}, {"price": "0.79", "size": "2008.19"}, {"price": "0.8", "size": "220.38"}, {"price": "0.81", "size": "200"}], "asks": [{"price": "0.99", "size": "21.24"}, {"price": "0.98", "size": "450"}, {"price": "0.96", "size": "802.9"}, {"price": "0.95", "size": "51"}, {"price": "0.94", "size": "900"}, {"price": "0.93", "size": "185.71"}, {"price": "0.91", "size": "61.11"}, {"price": "0.89", "size": "39.9"}, {"price": "0.87", "size": "500"}, {"price": "0.86", "size": "1631"}, {"price": "0.85", "size": "669.56"}, {"price": "0.84", "size": "135.9"}], "event_type": "book", "last_trade_price": ""}, {"market": "0xad74ec4c2b537ba1d1c914dee6a9a551136da2bc6706908aa406b028a5ce4849", "asset_id": "11919136486006873230016314493356477536899860152738426478109016899949404708107", "timestamp": "1769384431007", "hash": "e2aee8b9d52f883d613b35c35ec49709d977e1c5", "bids": [{"price": "0.01", "size": "21.24"}, {"price": "0.02", "size": "450"}, {"price": "0.04", "size": "802.9"}, {"price": "0.05", "size": "51"}, {"price": "0.06", "size": "900"}, {"price": "0.07", "size": "185.71"}, {"price": "0.09", "size": "61.11"}, {"price": "0.11", "size": "39.9"}, {"price": "0.13", "size": "500"}, {"price": "0.14", "size": "1631"}, {"price": "0.15", "size": "669.56"}, {"price": "0.16", "size": "135.9"}], "asks": [{"price": "0.99", "size": "5000"}, {"price": "0.98", "size": "1000"}, {"price": "0.97", "size": "2550"}, {"price": "0.95", "size": "510"}, {"price": "0.92", "size": "750"}, {"price": "0.88", "size": "700"}, {"price": "0.87", "size": "261.53"}, {"price": "0.83", "size": "188.23"}, {"price": "0.81", "size": "1092"}, {"price": "0.8", "size": "50"}, {"price": "0.79", "size": "133.33"}, {"price": "0.78", "size": "100"}, {"price": "0.77", "size": "1826"}, {"price": "0.75", "size": "104"}, {"price": "0.73", "size": "50"}, {"price": "0.71", "size": "82.75"}, {"price": "0.66", "size": "58.82"}, {"price": "0.65", "size": "3360"}, {"price": "0.64", "size": "300"}, {"price": "0.33", "size": "19.4"}, {"price": "0.32", "size": "16.17"}, {"price": "0.21", "size": "2008.19"}, {"price": "0.2", "size": "220.38"}, {"price": "0.19", "size": "200"}], "event_type": "book", "last_trade_price": ""}]}
{"_local_timestamp": "2026-01-25T23:40:40.495216+00:00", "data": {"market": "0xad74ec4c2b537ba1d1c914dee6a9a551136da2bc6706908aa406b028a5ce4849", "price_changes": [{"asset_id": "13807890118856274250052051142746850832347855077322656523151046362399113308927", "price": "0.19", "size": "992", "side": "BUY", "hash": "1e4f27d959ca68de0e84a5ef084c80cad844fa5b", "best_bid": "0.81", "best_ask": "0.84"}, {"asset_id": "11919136486006873230016314493356477536899860152738426478109016899949404708107", "price": "0.81", "size": "992", "side": "SELL", "hash": "aaea50945b3138cd834e231998a4513136e66339", "best_bid": "0.16", "best_ask": "0.19"}], "timestamp": "1769384440280", "event_type": "price_change"}}
{"_local_timestamp": "2026-01-25T23:40:40.811667+00:00", "data": {"market": "0xad74ec4c2b537ba1d1c914dee6a9a551136da2bc6706908aa406b028a5ce4849", "price_changes": [{"asset_id": "13807890118856274250052051142746850832347855077322656523151046362399113308927", "price": "0.2", "size": "150", "side": "BUY", "hash": "5ee789da47f9ce3eb0178cf9bc038fe1b4fc3754", "best_bid": "0.81", "best_ask": "0.84"}, {"asset_id": "11919136486006873230016314493356477536899860152738426478109016899949404708107", "price": "0.8", "size": "150", "side": "SELL", "hash": "68c4e7e4fb31541f72ddd1048f085dfe3e0a4c09", "best_bid": "0.16", "best_ask": "0.19"}], "timestamp": "1769384440614", "event_type": "price_change"}}
{"_local_timestamp": "2026-01-25T23:41:08.352485+00:00", "data": {"market": "0xad74ec4c2b537ba1d1c914dee6a9a551136da2bc6706908aa406b028a5ce4849", "price_changes": [{"asset_id": "11919136486006873230016314493356477536899860152738426478109016899949404708107", "price": "0.01", "size": "8021.24", "side": "BUY", "hash": "f678face8873359cd0d17ff1ab24d4ad744fbd14", "best_bid": "0.16", "best_ask": "0.19"}, {"asset_id": "13807890118856274250052051142746850832347855077322656523151046362399113308927", "price": "0.99", "size": "8021.24", "side": "SELL", "hash": "fad0d349b572d093f5673595dadde03afef18805", "best_bid": "0.81", "best_ask": "0.84"}], "timestamp": "1769384468284", "event_type": "price_change"}}
{"_local_timestamp": "2026-01-25T23:41:08.353362+00:00", "data": {"market": "0xad74ec4c2b537ba1d1c914dee6a9a551136da2bc6706908aa406b028a5ce4849", "price_changes": [{"asset_id": "11919136486006873230016314493356477536899860152738426478109016899949404708107", "price": "0.07", "size": "471.71", "side": "BUY", "hash": "47771daa4e06760c1cc94bd232d6bbaaa55a67f9", "best_bid": "0.16", "best_ask": "0.19"}, {"asset_id": "13807890118856274250052051142746850832347855077322656523151046362399113308927", "price": "0.93", "size": "471.71", "side": "SELL", "hash": "65cd2d8025388ad3c535122840253c2f79bd7b39", "best_bid": "0.81", "best_ask": "0.84"}], "timestamp": "1769384468285", "event_type": "price_change"}}
{"_local_timestamp": "2026-01-25T23:41:08.353749+00:00", "data": {"market": "0xad74ec4c2b537ba1d1c914dee6a9a551136da2bc6706908aa406b028a5ce4849", "price_changes": [{"asset_id": "11919136486006873230016314493356477536899860152738426478109016899949404708107", "price": "0.05", "size": "851", "side": "BUY", "hash": "b3200d4dc2d5b65ac465a5a615605321c4104c29", "best_bid": "0.16", "best_ask": "0.19"}, {"asset_id": "13807890118856274250052051142746850832347855077322656523151046362399113308927", "price": "0.95", "size": "851", "side": "SELL", "hash": "6bc4d3ff23adb560c33a09b6c813f240fc9659e1", "best_bid": "0.81", "best_ask": "0.84"}], "timestamp": "1769384468286", "event_type": "price_change"}}
{"_local_timestamp": "2026-01-25T23:41:08.356609+00:00", "data": {"market": "0xad74ec4c2b537ba1d1c914dee6a9a551136da2bc6706908aa406b028a5ce4849", "price_changes": [{"asset_id": "11919136486006873230016314493356477536899860152738426478109016899949404708107", "price": "0.08", "size": "125", "side": "BUY", "hash": "db1825805771639df71ee2c4ffb560b4639e68d4", "best_bid": "0.16", "best_ask": "0.19"}, {"asset_id": "13807890118856274250052051142746850832347855077322656523151046362399113308927", "price": "0.92", "size": "125", "side": "SELL", "hash": "cd0b68394e89e07d929c69a87bfb9c57ed33fb14", "best_bid": "0.81", "best_ask": "0.84"}], "timestamp": "1769384468286", "event_type": "price_change"}}
{"_local_timestamp": "2026-01-25T23:41:50.957420+00:00", "data": {"market": "0xad74ec4c2b537ba1d1c914dee6a9a551136da2bc6706908aa406b028a5ce4849", "price_changes": [{"asset_id": "13807890118856274250052051142746850832347855077322656523151046362399113308927", "price": "0.35", "size": "3285", "side": "BUY", "hash": "2666f5c74dbb260bdf426c2b8590ccc7e9381ad4", "best_bid": "0.81", "best_ask": "0.84"}, {"asset_id": "11919136486006873230016314493356477536899860152738426478109016899949404708107", "price": "0.65", "size": "3285", "side": "SELL", "hash": "98b030284c3a5843ac1286f3b592e7b23f0b2570", "best_bid": "0.16", "best_ask": "0.19"}], "timestamp": "1769384510772", "event_type": "price_change"}}
{"_local_timestamp": "2026-01-25T23:41:50.960709+00:00", "data": {"market": "0xad74ec4c2b537ba1d1c914dee6a9a551136da2bc6706908aa406b028a5ce4849", "price_changes": [{"asset_id": "13807890118856274250052051142746850832347855077322656523151046362399113308927", "price": "0.22", "size": "0", "side": "BUY", "hash": "2666f5c74dbb260bdf426c2b8590ccc7e9381ad4", "best_bid": "0.81", "best_ask": "0.84"}, {"asset_id": "11919136486006873230016314493356477536899860152738426478109016899949404708107", "price": "0.78", "size": "0", "side": "SELL", "hash": "98b030284c3a5843ac1286f3b592e7b23f0b2570", "best_bid": "0.16", "best_ask": "0.19"}], "timestamp": "1769384510772", "event_type": "price_change"}}
{"_local_timestamp": "2026-01-25T23:41:52.831852+00:00", "data": {"market": "0xad74ec4c2b537ba1d1c914dee6a9a551136da2bc6706908aa406b028a5ce4849", "price_changes": [{"asset_id": "13807890118856274250052051142746850832347855077322656523151046362399113308927", "price": "0.21", "size": "233.33", "side": "BUY", "hash": "7da96ceb5c303c843e74f97b9a6aa5b920d2aff4", "best_bid": "0.81", "best_ask": "0.84"}, {"asset_id": "11919136486006873230016314493356477536899860152738426478109016899949404708107", "price": "0.79", "size": "233.33", "side": "SELL", "hash": "d23216426604a7d19a75734d7460e868485da36f", "best_bid": "0.16", "best_ask": "0.19"}], "timestamp": "1769384511809", "event_type": "price_change"}}
{"_local_timestamp": "2026-01-25T23:41:53.006472+00:00", "data": {"market": "0xad74ec4c2b537ba1d1c914dee6a9a551136da2bc6706908aa406b028a5ce4849", "price_changes": [{"asset_id": "13807890118856274250052051142746850832347855077322656523151046362399113308927", "price": "0.36", "size": "375", "side": "BUY", "hash": "86ac5c49521e2e4df86d064a7bae0e4c5379c9c2", "best_bid": "0.81", "best_ask": "0.84"}, {"asset_id": "11919136486006873230016314493356477536899860152738426478109016899949404708107", "price": "0.64", "size": "375", "side": "SELL", "hash": "2673845fb2ba39eda7b720d5016e731a01dcd279", "best_bid": "0.16", "best_ask": "0.19"}], "timestamp": "1769384512663", "event_type": "price_change"}}
