{"_local_timestamp": "2026-01-25T23:40:49.731046+00:00", "data": [{"market": "0x1015d806e33eebde7edb0762f1197051575f6286b5f06261d8e4ff4d34c90697", "asset_id": "38811313559753229260784307238331767267556778943568467360862733466604979911236", "timestamp": "1769384443993", "hash": "579ca382dd28a63b5aaf9d86fe406ba07d1f8d20", "bids": [{"price": "0.01", "size": "113464.21"}, {"price": "0.02", "size": "8500"}, {"price": "0.03", "size": "5000"}, {"price": "0.04", "size": "6656.48"}, {"price": "0.05", "size": "3030"}, {"price": "0.06", "size": "283"}, {"price": "0.09", "size": "600"}, {"price": "0.1", "size": "110"}, {"price": "0.11", "size": "5.44"}, {"price": "0.14", "size": "242.85"}, {"price": "0.15", "size": "1050"}, {"price": "0.16", "size": "1400"}, {"price": "0.19", "size": "168.42"}, {"price": "0.2", "size": "250"}, {"price": "0.23", "size": "965.73"}, {"price": "0.25", "size": "500"}, {"price": "0.28", "size": "2234.37"}, {"price": "0.29", "size": "6"}, {"price": "0.3", "size": "1400"}, {"price": "0.33", "size": "72.72"}, {"price": "0.35", "size": "250"}, {"price": "0.38", "size": "52.63"}, {"price": "0.4", "size": "1625"}, {"price": "0.75", "size": "5000"}, {"price": "0.8", "size": "1010"}, {"price": "0.85", "size": "2000"}, {"price": "0.89", "size": "1010"}, {"price": "0.9", "size": "510"}, {"price": "0.91", "size": "1803.99"}, {"price": "0.92", "size": "3150.75"}, {"price": "0.93", "size": "1270.68"}], "asks": [{"price": "0.99", "size": "112360"}, {"price": "0.98", "size": "65822.5"}, {"price": "0.97", "size": "5766.76"}, {"price": "0.96", "size": "14618.91"}, {"price": "0.95", "size": "4725.14"}, {"price": "0.94", "size": "6136.26"}], "event_type": "book", "last_trade_price": "0.070"}, {"market": "0x1015d806e33eebde7edb0762f1197051575f6286b5f06261d8e4ff4d34c90697", "asset_id": "82529802032104008793771497628671348484656806515683378258614300045698716735954", "timestamp": "1769384443993", "hash": "825335cb757712c545571dcf1c4510d22b323daf", "bids": [{"price": "0.01", "size": "112360"}, {"price": "0.02", "size": "65822.5"}, {"price": "0.03", "size": "5766.76"}, {"price": "0.04", "size": "14618.91"}, {"price": "0.05", "size": "4725.14"}, {"price": "0.06", "size": "6136.26"}], "asks": [{"price": "0.99", "size": "113464.21"}, {"price": "0.98", "size": "8500"}, {"price": "0.97", "size": "5000"}, {"price": "0.96", "size": "6656.48"}, {"price": "0.95", "size": "3030"}, {"price": "0.94", "size": "283"}, {"price": "0.91", "size": "600"}, {"price": "0.9", "size": "110"}, {"price": "0.89", "size": "5.44"}, {"price": "0.86", "size": "242.85"}, {"price": "0.85", "size": "1050"}, {"price": "0.84", "size": "1400"}, {"price": "0.81", "size": "168.42"}, {"price": "0.8", "size": "250"}, {"price": "0.77", "size": "965.73"}, {"price": "0.75", "size": "500"}, {"price": "0.72", "size": "2234.37"}, {"price": "0.71", "size": "6"}, {"price": "0.7", "size": "1400"}, {"price": "0.67", "size": "72.72"}, {"price": "0.65", "size": "250"}, {"price": "0.62", "size": "52.63"}, {"price": "0.6", "size": "1625"}, {"price": "0.25", "size": "5000"}, {"price": "0.2", "size": "1010"}, {"price": "0.15", "size": "2000"}, {"price": "0.11", "size": "1010"}, {"price": "0.1", "size": "510"}, {"price": "0.09", "size": "1803.99"}, {"price": "0.08", "size": "3150.75"}, {"price": "0.07", "size": "1270.68"}], "event_type": "book", "last_trade_price": "0.070"}]}
{"_local_timestamp": "2026-01-25T23:40:53.868636+00:00", "data": {"market": "0x1015d806e33eebde7edb0762f1197051575f6286b5f06261d8e4ff4d34c90697", "price_changes": [{"asset_id": "82529802032104008793771497628671348484656806515683378258614300045698716735954", "price": "0.03", "size": "8866.76", "side": "BUY", "hash": "cb7f3dea402b95ff2a3bf4173bb5c7d92f1e6de9", "best_bid": "0.06", "best_ask": "0.07"}, {"asset_id": "38811313559753229260784307238331767267556778943568467360862733466604979911236", "price": "0.97", "size": "8866.76", "side": "SELL", "hash": "5063add104cbd6b869a8416dbc0d6e7d8363be5a", "best_bid": "0.93", "best_ask": "0.94"}], "timestamp": "1769384453802", "event_type": "price_change"}}
{"_local_timestamp": "2026-01-25T23:40:53.877224+00:00", "data": {"market": "0x1015d806e33eebde7edb0762f1197051575f6286b5f06261d8e4ff4d34c90697", "price_changes": [{"asset_id": "82529802032104008793771497628671348484656806515683378258614300045698716735954", "price": "0.02", "size": "65922.5", "side": "BUY", "hash": "a9a1f173437e484bf88b783becac515f2e45ec47", "best_bid": "0.06", "best_ask": "0.07"}, {"asset_id": "38811313559753229260784307238331767267556778943568467360862733466604979911236", "price": "0.98", "size": "65922.5", "side": "SELL", "hash": "18cb53c5761f51bd980f366041b94f31a4c398e7", "best_bid": "0.93", "best_ask": "0.94"}], "timestamp": "1769384453803", "event_type": "price_change"}}
{"_local_timestamp": "2026-01-25T23:41:06.282588+00:00", "data": {"market": "0x1015d806e33eebde7edb0762f1197051575f6286b5f06261d8e4ff4d34c90697", "price_changes": [{"asset_id": "82529802032104008793771497628671348484656806515683378258614300045698716735954", "price": "0.04", "size": "14418.91", "side": "BUY", "hash": "58d8abbf1183d9ed1d1d86acc91109d9602eb1bd", "best_bid": "0.06", "best_ask": "0.07"}, {"asset_id": "38811313559753229260784307238331767267556778943568467360862733466604979911236", "price": "0.96", "size": "14418.91", "side": "SELL", "hash": "018c8032b4042758f96a94f927335eef81114628", "best_bid": "0.93", "best_ask": "0.94"}], "timestamp": "1769384466195", "event_type": "price_change"}}
{"_local_timestamp": "2026-01-25T23:41:06.349989+00:00", "data": {"market": "0x1015d806e33eebde7edb0762f1197051575f6286b5f06261d8e4ff4d34c90697", "price_changes": [{"asset_id": "38811313559753229260784307238331767267556778943568467360862733466604979911236", "price": "0.91", "size": "1603.99", "side": "BUY", "hash": "ef9d3c5a912ffda2b4c46a1cf96d7d24d1408564", "best_bid": "0.93", "best_ask": "0.94"}, {"asset_id": "82529802032104008793771497628671348484656806515683378258614300045698716735954", "price": "0.09", "size": "1603.99", "side": "SELL", "hash": "c59bab5ea96576999189929131db51204000f2d0", "best_bid": "0.06", "best_ask": "0.07"}], "timestamp": "1769384466200", "event_type": "price_change"}}
