{"_local_timestamp": "2026-01-25T23:40:29.627537+00:00", "data": [{"market": "0x22ac5f75af18fdb453497fbf7ac0606a09a6fd55b78b2d08aace6b946ad62038", "asset_id": "59259495934562596318644973716893809974860301509869285036503555129962149752635", "timestamp": "1769384429450", "hash": "5be292a33127c1d792c78b0b0af348202b4b2b4d", "bids": [{"price": "0.001", "size": "3641.69"}, {"price": "0.002", "size": "1250"}, {"price": "0.003", "size": "1406.75"}, {"price": "0.006", "size": "200"}, {"price": "0.007", "size": "15.91"}, {"price": "0.01", "size": "23"}, {"price": "0.011", "size": "21.36"}, {"price": "0.05", "size": "40"}, {"price": "0.09", "size": "400"}, {"price": "0.091", "size": "6.9"}, {"price": "0.14", "size": "242.85"}, {"price": "0.19", "size": "168.42"}, {"price": "0.2", "size": "5"}, {"price": "0.223", "size": "165"}, {"price": "0.23", "size": "121.73"}, {"price": "0.28", "size": "92.85"}, {"price": "0.33", "size": "72.72"}, {"price": "0.37", "size": "54.05"}, {"price": "0.5", "size": "22.72"}, {"price": "0.523", "size": "149"}, {"price": "0.53", "size": "900"}, {"price": "0.531", "size": "5"}, {"price": "0.62", "size": "25.2"}, {"price": "0.65", "size": "107.01"}, {"price": "0.723", "size": "89"}, {"price": "0.785", "size": "5"}, {"price": "0.823", "size": "189"}, {"price": "0.84", "size": "21.21"}, {"price": "0.911", "size": "47.14"}, {"price": "0.924", "size": "16.73"}, {"price": "0.925", "size": "108.9"}, {"price": "0.926", "size": "15.67"}, {"price": "0.93", "size": "254.35"}, {"price": "0.931", "size": "33"}], "asks": [{"price": "0.999", "size": "265.37"}, {"price": "0.998", "size": "72.76"}, {"price": "0.997", "size": "337.42"}, {"price": "0.996", "size": "26.43"}, {"price": "0.992", "size": "20.23"}, {"price": "0.991", "size": "133.06"}, {"price": "0.99", "size": "289.73"}, {"price": "0.986", "size": "11.53"}, {"price": "0.98", "size": "283"}, {"price": "0.977", "size": "6.31"}, {"price": "0.976", "size": "139.3"}, {"price": "0.975", "size": "23.03"}, {"price": "0.935", "size": "70"}], "event_type": "book", "last_trade_price": "0.931"}, {"market": "0x22ac5f75af18fdb453497fbf7ac0606a09a6fd55b78b2d08aace6b946ad62038", "asset_id": "97449340182256366014320155718265676486703217567849039806162053075113517266910", "timestamp": "1769384429450", "hash": "9f30f70ef01167abaf535c97c26f4c1421a55379", "bids": [{"price": "0.001", "size": "265.37"}, {"price": "0.002", "size": "72.76"}, {"price": "0.003", "size": "337.42"}, {"price": "0.004", "size": "26.43"}, {"price": "0.008", "size": "20.23"}, {"price": "0.009", "size": "133.06"}, {"price": "0.01", "size": "289.73"}, {"price": "0.014", "size": "11.53"}, {"price": "0.02", "size": "283"}, {"price": "0.023", "size": "6.31"}, {"price": "0.024", "size": "139.3"}, {"price": "0.025", "size": "23.03"}, {"price": "0.065", "size": "70"}], "asks": [{"price": "0.999", "size": "3641.69"}, {"price": "0.998", "size": "1250"}, {"price": "0.997", "size": "1406.75"}, {"price": "0.994", "size": "200"}, {"price": "0.993", "size": "15.91"}, {"price": "0.99", "size": "23"}, {"price": "0.989", "size": "21.36"}, {"price": "0.95", "size": "40"}, {"price": "0.91", "size": "400"}, {"price": "0.909", "size": "6.9"}, {"price": "0.86", "size": "242.85"}, {"price": "0.81", "size": "168.42"}, {"price": "0.8", "size": "5"}, {"price": "0.777", "size": "165"}, {"price": "0.77", "size": "121.73"}, {"price": "0.72", "size": "92.85"}, {"price": "0.67", "size": "72.72"}, {"price": "0.63", "size": "54.05"}, {"price": "0.5", "size": "22.72"}, {"price": "0.477", "size": "149"}, {"price": "0.47", "size": "900"}, {"price": "0.469", "size": "5"}, {"price": "0.38", "size": "25.2"}, {"price": "0.35", "size": "107.01"}, {"price": "0.277", "size": "89"}, {"price": "0.215", "size": "5"}, {"price": "0.177", "size": "189"}, {"price": "0.16", "size": "21.21"}, {"price": "0.089", "size": "47.14"}, {"price": "0.076", "size": "16.73"}, {"price": "0.075", "size": "108.9"}, {"price": "0.074", "size": "15.67"}, {"price": "0.07", "size": "254.35"}, {"price": "0.069", "size": "33"}], "event_type": "book", "last_trade_price": "0.931"}]}
{"_local_timestamp": "2026-01-25T23:40:29.698614+00:00", "data": {"market": "0x22ac5f75af18fdb453497fbf7ac0606a09a6fd55b78b2d08aace6b946ad62038", "price_changes": [{"asset_id": "59259495934562596318644973716893809974860301509869285036503555129962149752635", "price": "0.989", "size": "198.88", "side": "SELL", "hash": "86b329072a9ab5b9264c448d8314ca107343fe7d", "best_bid": "0.931", "best_ask": "0.935"}, {"asset_id": "97449340182256366014320155718265676486703217567849039806162053075113517266910", "price": "0.011", "size": "198.88", "side": "BUY", "hash": "fac56878408c4cf82731e5599daad61d7ceabd40", "best_bid": "0.065", "best_ask": "0.069"}], "timestamp": "1769384429630", "event_type": "price_change"}}
{"_local_timestamp": "2026-01-25T23:40:30.675223+00:00", "data": {"market": "0x22ac5f75af18fdb453497fbf7ac0606a09a6fd55b78b2d08aace6b946ad62038", "price_changes": [{"asset_id": "97449340182256366014320155718265676486703217567849039806162053075113517266910", "price": "0.004", "size": "20.66", "side": "BUY", "hash": "785c72043521a58b05106b13a9ebd0c1fc4eca92", "best_bid": "0.065", "best_ask": "0.069"}, {"asset_id": "59259495934562596318644973716893809974860301509869285036503555129962149752635", "price": "0.996", "size": "20.66", "side": "SELL", "hash": "61fd71f5b08186f601c15ab743678a9ff0c3b922", "best_bid": "0.931", "best_ask": "0.935"}], "timestamp": "1769384430602", "event_type": "price_change"}}
{"_local_timestamp": "2026-01-25T23:40:30.679591+00:00", "data": {"market": "0x22ac5f75af18fdb453497fbf7ac0606a09a6fd55b78b2d08aace6b946ad62038", "price_changes": [{"asset_id": "97449340182256366014320155718265676486703217567849039806162053075113517266910", "price": "0.01", "size": "284.45", "side": "BUY", "hash": "785c72043521a58b05106b13a9ebd0c1fc4eca92", "best_bid": "0.065", "best_ask": "0.069"}, {"asset_id": "59259495934562596318644973716893809974860301509869285036503555129962149752635", "price": "0.99", "size": "284.45", "side": "SELL", "hash": "61fd71f5b08186f601c15ab743678a9ff0c3b922", "best_bid": "0.931", "best_ask": "0.935"}], "timestamp": "1769384430602", "event_type": "price_change"}}
{"_local_timestamp": "2026-01-25T23:40:30.681694+00:00", "data": {"market": "0x22ac5f75af18fdb453497fbf7ac0606a09a6fd55b78b2d08aace6b946ad62038", "price_changes": [{"asset_id": "97449340182256366014320155718265676486703217567849039806162053075113517266910", "price": "0.014", "size": "5.76", "side": "BUY", "hash": "785c72043521a58b05106b13a9ebd0c1fc4eca92", "best_bid": "0.065", "best_ask": "0.069"}, {"asset_id": "59259495934562596318644973716893809974860301509869285036503555129962149752635", "price": "0.986", "size": "5.76", "side": "SELL", "hash": "61fd71f5b08186f601c15ab743678a9ff0c3b922", "best_bid": "0.931", "best_ask": "0.935"}], "timestamp": "1769384430602", "event_type": "price_change"}}
{"_local_timestamp": "2026-01-25T23:40:31.042758+00:00", "data": {"market": "0x22ac5f75af18fdb453497fbf7ac0606a09a6fd55b78b2d08aace6b946ad62038", "price_changes": [{"asset_id": "97449340182256366014320155718265676486703217567849039806162053075113517266910", "price": "0.012", "size": "6.52", "side": "BUY", "hash": "c8419c3ac8497bb53bb8f2596e2138b5229ad759", "best_bid": "0.065", "best_ask": "0.069"}, {"asset_id": "59259495934562596318644973716893809974860301509869285036503555129962149752635", "price": "0.988", "size": "6.52", "side": "SELL", "hash": "d5229cc22d950a85353932d686c1c48b21200411", "best_bid": "0.931", "best_ask": "0.935"}], "timestamp": "1769384430973", "event_type": "price_change"}}
{"_local_timestamp": "2026-01-25T23:40:31.046887+00:00", "data": {"market": "0x22ac5f75af18fdb453497fbf7ac0606a09a6fd55b78b2d08aace6b946ad62038", "price_changes": [{"asset_id": "97449340182256366014320155718265676486703217567849039806162053075113517266910", "price": "0.012", "size": "13.04", "side": "BUY", "hash": "27d30104d07b65215905b55ce4449ec423720104", "best_bid": "0.065", "best_ask": "0.069"}, {"asset_id": "59259495934562596318644973716893809974860301509869285036503555129962149752635", "price": "0.988", "size": "13.04", "side": "SELL", "hash": "892b3fad2b93ddc836ae1a9507a4aef935ec08d2", "best_bid": "0.931", "best_ask": "0.935"}], "timestamp": "1769384430974", "event_type": "price_change"}}
{"_local_timestamp": "2026-01-25T23:40:31.528246+00:00", "data": {"market": "0x22ac5f75af18fdb453497fbf7ac0606a09a6fd55b78b2d08aace6b946ad62038", "price_changes": [{"asset_id": "97449340182256366014320155718265676486703217567849039806162053075113517266910", "price": "0.014", "size": "0", "side": "BUY", "hash": "1504aef13eae0e041061cffa64ee0c5eba16b92a", "best_bid": "0.065", "best_ask": "0.069"}, {"asset_id": "59259495934562596318644973716893809974860301509869285036503555129962149752635", "price": "0.986", "size": "0", "side": "SELL", "hash": "a307c78f15319045027df374db2cb5d84d86e96f", "best_bid": "0.931", "best_ask": "0.935"}], "timestamp": "1769384431459", "event_type": "price_change"}}
{"_local_timestamp": "2026-01-25T23:40:31.546679+00:00", "data": {"market": "0x22ac5f75af18fdb453497fbf7ac0606a09a6fd55b78b2d08aace6b946ad62038", "price_changes": [{"asset_id": "59259495934562596318644973716893809974860301509869285036503555129962149752635", "price": "0.989", "size": "0", "side": "SELL", "hash": "465f9b898bd22c52e8bbc5e33e38b196976c7ff9", "best_bid": "0.931", "best_ask": "0.935"}, {"asset_id": "97449340182256366014320155718265676486703217567849039806162053075113517266910", "price": "0.011", "size": "0", "side": "BUY", "hash": "d1d9000979df3bb1ad84c9f602bfe81c53d8f093", "best_bid": "0.065", "best_ask": "0.069"}], "timestamp": "1769384431481", "event_type": "price_change"}}
{"_local_timestamp": "2026-01-25T23:40:31.791166+00:00", "data": {"market": "0x22ac5f75af18fdb453497fbf7ac0606a09a6fd55b78b2d08aace6b946ad62038", "price_changes": [{"asset_id": "59259495934562596318644973716893809974860301509869285036503555129962149752635", "price": "0.987", "size": "198.88", "side": "SELL", "hash": "b6f8eea4c2efc5856ca5580dc4d2ce7a03339cb6", "best_bid": "0.931", "best_ask": "0.935"}, {"asset_id": "97449340182256366014320155718265676486703217567849039806162053075113517266910", "price": "0.013", "size": "198.88", "side": "BUY", "hash": "a5c003fc09d328c3c1bdb1b03095f710af6668e7", "best_bid": "0.065", "best_ask": "0.069"}], "timestamp": "1769384431699", "event_type": "price_change"}}
{"_local_timestamp": "2026-01-25T23:40:31.820527+00:00", "data": {"market": "0x22ac5f75af18fdb453497fbf7ac0606a09a6fd55b78b2d08aace6b946ad62038", "price_changes": [{"asset_id": "97449340182256366014320155718265676486703217567849039806162053075113517266910", "price": "0.009", "size": "142.04", "side": "BUY", "hash": "99c31ae0cec28c9632ae04f80d9cb04c5441d1a7", "best_bid": "0.065", "best_ask": "0.069"}, {"asset_id": "59259495934562596318644973716893809974860301509869285036503555129962149752635", "price": "0.991", "size": "142.04", "side": "SELL", "hash": "917889bacecf3cc834292d633edb443c9d1309a9", "best_bid": "0.931", "best_ask": "0.935"}], "timestamp": "1769384431741", "event_type": "price_change"}}
{"_local_timestamp": "2026-01-25T23:40:32.934671+00:00", "data": {"market": "0x22ac5f75af18fdb453497fbf7ac0606a09a6fd55b78b2d08aace6b946ad62038", "price_changes": [{"asset_id": "97449340182256366014320155718265676486703217567849039806162053075113517266910", "price": "0.009", "size": "133.06", "side": "BUY", "hash": "dcbcd68f397a15abf4f6857c2b443b70bd4a4e82", "best_bid": "0.065", "best_ask": "0.069"}, {"asset_id": "59259495934562596318644973716893809974860301509869285036503555129962149752635", "price": "0.991", "size": "133.06", "side": "SELL", "hash": "8524ccd64d1d6051c6afd324d0907d7fe8c8b92f", "best_bid": "0.931", "best_ask": "0.935"}], "timestamp": "1769384432865", "event_type": "price_change"}}
{"_local_timestamp": "2026-01-25T23:40:32.937098+00:00", "data": {"market": "0x22ac5f75af18fdb453497fbf7ac0606a09a6fd55b78b2d08aace6b946ad62038", "price_changes": [{"asset_id": "97449340182256366014320155718265676486703217567849039806162053075113517266910", "price": "0.012", "size": "6.52", "side": "BUY", "hash": "dcbcd68f397a15abf4f6857c2b443b70bd4a4e82", "best_bid": "0.065", "best_ask": "0.069"}, {"asset_id": "59259495934562596318644973716893809974860301509869285036503555129962149752635", "price": "0.988", "size": "6.52", "side": "SELL", "hash": "8524ccd64d1d6051c6afd324d0907d7fe8c8b92f", "best_bid": "0.931", "best_ask": "0.935"}], "timestamp": "1769384432865", "event_type": "price_change"}}
{"_local_timestamp": "2026-01-25T23:40:33.224456+00:00", "data": {"market": "0x22ac5f75af18fdb453497fbf7ac0606a09a6fd55b78b2d08aace6b946ad62038", "price_changes": [{"asset_id": "97449340182256366014320155718265676486703217567849039806162053075113517266910", "price": "0.014", "size": "5.68", "side": "BUY", "hash": "bbcac124698279d0fd2f171297397b8f401670aa", "best_bid": "0.065", "best_ask": "0.069"}, {"asset_id": "59259495934562596318644973716893809974860301509869285036503555129962149752635", "price": "0.986", "size": "5.68", "side": "SELL", "hash": "cac51b533709d89087eea91a2688b3550cc48a52", "best_bid": "0.931", "best_ask": "0.935"}], "timestamp": "1769384433145", "event_type": "price_change"}}
{"_local_timestamp": "2026-01-25T23:40:33.226823+00:00", "data": {"market": "0x22ac5f75af18fdb453497fbf7ac0606a09a6fd55b78b2d08aace6b946ad62038", "price_changes": [{"asset_id": "97449340182256366014320155718265676486703217567849039806162053075113517266910", "price": "0.014", "size": "11.36", "side": "BUY", "hash": "e0c11349aab5a10497c58e8c1a9778e8d027fc14", "best_bid": "0.065", "best_ask": "0.069"}, {"asset_id": "59259495934562596318644973716893809974860301509869285036503555129962149752635", "price": "0.986", "size": "11.36", "side": "SELL", "hash": "ae5862b017aead033434cdadcf420a697128fdad", "best_bid": "0.931", "best_ask": "0.935"}], "timestamp": "1769384433146", "event_type": "price_change"}}
{"_local_timestamp": "2026-01-25T23:40:33.838590+00:00", "data": {"market": "0x22ac5f75af18fdb453497fbf7ac0606a09a6fd55b78b2d08aace6b946ad62038", "price_changes": [{"asset_id": "97449340182256366014320155718265676486703217567849039806162053075113517266910", "price": "0.012", "size": "0", "side": "BUY", "hash": "a00073140ef23c5f5f64b1992f80093867e3022f", "best_bid": "0.065", "best_ask": "0.069"}, {"asset_id": "59259495934562596318644973716893809974860301509869285036503555129962149752635", "price": "0.988", "size": "0", "side": "SELL", "hash": "0e2652887d0a2c69c03e6512a436d54294f96580", "best_bid": "0.931", "best_ask": "0.935"}], "timestamp": "1769384433771", "event_type": "price_change"}}
{"_local_timestamp": "2026-01-25T23:40:34.174063+00:00", "data": {"market": "0x22ac5f75af18fdb453497fbf7ac0606a09a6fd55b78b2d08aace6b946ad62038", "price_changes": [{"asset_id": "97449340182256366014320155718265676486703217567849039806162053075113517266910", "price": "0.01", "size": "292.28", "side": "BUY", "hash": "bea66e2e737444a95c348140326bdb8e8a55fca1", "best_bid": "0.065", "best_ask": "0.069"}, {"asset_id": "59259495934562596318644973716893809974860301509869285036503555129962149752635", "price": "0.99", "size": "292.28", "side": "SELL", "hash": "ed7339a2ad9b979d936001d5977bf5f505c5e9fd", "best_bid": "0.931", "best_ask": "0.935"}], "timestamp": "1769384434103", "event_type": "price_change"}}
{"_local_timestamp": "2026-01-25T23:40:34.350537+00:00", "data": {"market": "0x22ac5f75af18fdb453497fbf7ac0606a09a6fd55b78b2d08aace6b946ad62038", "price_changes": [{"asset_id": "59259495934562596318644973716893809974860301509869285036503555129962149752635", "price": "0.987", "size": "0", "side": "SELL", "hash": "3efdf66d0c7e55aedffd4d85f6948fc9b440bb96", "best_bid": "0.931", "best_ask": "0.935"}, {"asset_id": "97449340182256366014320155718265676486703217567849039806162053075113517266910", "price": "0.013", "size": "0", "side": "BUY", "hash": "c4d533c95430afb7118fbc9828b8f6294a01d371", "best_bid": "0.065", "best_ask": "0.069"}], "timestamp": "1769384434278", "event_type": "price_change"}}
{"_local_timestamp": "2026-01-25T23:40:34.549862+00:00", "data": {"market": "0x22ac5f75af18fdb453497fbf7ac0606a09a6fd55b78b2d08aace6b946ad62038", "price_changes": [{"asset_id": "59259495934562596318644973716893809974860301509869285036503555129962149752635", "price": "0.989", "size": "198.88", "side": "SELL", "hash": "7a5d1bca47e826be898f47bf9bc98bfe0816654e", "best_bid": "0.931", "best_ask": "0.935"}, {"asset_id": "97449340182256366014320155718265676486703217567849039806162053075113517266910", "price": "0.011", "size": "198.88", "side": "BUY", "hash": "1373197d85200bf8d92cd8887260518c993aa730", "best_bid": "0.065", "best_ask": "0.069"}], "timestamp": "1769384434477", "event_type": "price_change"}}
{"_local_timestamp": "2026-01-25T23:40:35.180077+00:00", "data": {"market": "0x22ac5f75af18fdb453497fbf7ac0606a09a6fd55b78b2d08aace6b946ad62038", "price_changes": [{"asset_id": "59259495934562596318644973716893809974860301509869285036503555129962149752635", "price": "0.785", "size": "0", "side": "BUY", "hash": "f9639ed9bf3820ffa908d8176ed4e2537b95736c", "best_bid": "0.931", "best_ask": "0.935"}, {"asset_id": "97449340182256366014320155718265676486703217567849039806162053075113517266910", "price": "0.215", "size": "0", "side": "SELL", "hash": "eca3491bb7fd69548f29ccec39cf4a78a224d734", "best_bid": "0.065", "best_ask": "0.069"}], "timestamp": "1769384435106", "event_type": "price_change"}}
{"_local_timestamp": "2026-01-25T23:40:35.460067+00:00", "data": {"market": "0x22ac5f75af18fdb453497fbf7ac0606a09a6fd55b78b2d08aace6b946ad62038", "price_changes": [{"asset_id": "59259495934562596318644973716893809974860301509869285036503555129962149752635", "price": "0.785", "size": "5", "side": "BUY", "hash": "85de2758e6dcbb491703a8dedcc8579b4cb31969", "best_bid": "0.931", "best_ask": "0.935"}, {"asset_id": "97449340182256366014320155718265676486703217567849039806162053075113517266910", "price": "0.215", "size": "5", "side": "SELL", "hash": "bc011f1a39a2475918d664b266acd4146c198c04", "best_bid": "0.065", "best_ask": "0.069"}], "timestamp": "1769384435391", "event_type": "price_change"}}
{"_local_timestamp": "2026-01-25T23:40:35.685218+00:00", "data": {"market": "0x22ac5f75af18fdb453497fbf7ac0606a09a6fd55b78b2d08aace6b946ad62038", "price_changes": [{"asset_id": "97449340182256366014320155718265676486703217567849039806162053075113517266910", "price": "0.01", "size": "284.45", "side": "BUY", "hash": "c87f433cb7059ee08011eb674e6b365cc9902e22", "best_bid": "0.065", "best_ask": "0.069"}, {"asset_id": "59259495934562596318644973716893809974860301509869285036503555129962149752635", "price": "0.99", "size": "284.45", "side": "SELL", "hash": "93448e3cd99a0a46afc72255d9efd4d166649359", "best_bid": "0.931", "best_ask": "0.935"}], "timestamp": "1769384435551", "event_type": "price_change"}}
{"_local_timestamp": "2026-01-25T23:40:35.687557+00:00", "data": {"market": "0x22ac5f75af18fdb453497fbf7ac0606a09a6fd55b78b2d08aace6b946ad62038", "price_changes": [{"asset_id": "97449340182256366014320155718265676486703217567849039806162053075113517266910", "price": "0.014", "size": "5.68", "side": "BUY", "hash": "c87f433cb7059ee08011eb674e6b365cc9902e22", "best_bid": "0.065", "best_ask": "0.069"}, {"asset_id": "59259495934562596318644973716893809974860301509869285036503555129962149752635", "price": "0.986", "size": "5.68", "side": "SELL", "hash": "93448e3cd99a0a46afc72255d9efd4d166649359", "best_bid": "0.931", "best_ask": "0.935"}], "timestamp": "1769384435551", "event_type": "price_change"}}
{"_local_timestamp": "2026-01-25T23:40:35.999221+00:00", "data": {"market": "0x22ac5f75af18fdb453497fbf7ac0606a09a6fd55b78b2d08aace6b946ad62038", "price_changes": [{"asset_id": "97449340182256366014320155718265676486703217567849039806162053075113517266910", "price": "0.012", "size": "6.57", "side": "BUY", "hash": "4134307c913ce356778ebabc4f2d98e783f616d4", "best_bid": "0.065", "best_ask": "0.069"}, {"asset_id": "59259495934562596318644973716893809974860301509869285036503555129962149752635", "price": "0.988", "size": "6.57", "side": "SELL", "hash": "84ffb1a42146f76424286539f026e310042e4588", "best_bid": "0.931", "best_ask": "0.935"}], "timestamp": "1769384435923", "event_type": "price_change"}}
{"_local_timestamp": "2026-01-25T23:40:36.004627+00:00", "data": {"market": "0x22ac5f75af18fdb453497fbf7ac0606a09a6fd55b78b2d08aace6b946ad62038", "price_changes": [{"asset_id": "97449340182256366014320155718265676486703217567849039806162053075113517266910", "price": "0.012", "size": "13.14", "side": "BUY", "hash": "cc375d378b43e694dd8d19100ac7d117451349c0", "best_bid": "0.065", "best_ask": "0.069"}, {"asset_id": "59259495934562596318644973716893809974860301509869285036503555129962149752635", "price": "0.988", "size": "13.14", "side": "SELL", "hash": "af0424088fc07c0de91ad4bbaab5516fddd7dd6f", "best_bid": "0.931", "best_ask": "0.935"}], "timestamp": "1769384435924", "event_type": "price_change"}}
{"_local_timestamp": "2026-01-25T23:40:36.358906+00:00", "data": {"market": "0x22ac5f75af18fdb453497fbf7ac0606a09a6fd55b78b2d08aace6b946ad62038", "price_changes": [{"asset_id": "59259495934562596318644973716893809974860301509869285036503555129962149752635", "price": "0.989", "size": "0", "side": "SELL", "hash": "2d5dbe55e03789a93aff28e412ef9e576dd261df", "best_bid": "0.931", "best_ask": "0.935"}, {"asset_id": "97449340182256366014320155718265676486703217567849039806162053075113517266910", "price": "0.011", "size": "0", "side": "BUY", "hash": "fab6d9e6692414a4b60391b9d6bd7b3bd961db20", "best_bid": "0.065", "best_ask": "0.069"}], "timestamp": "1769384436282", "event_type": "price_change"}}
{"_local_timestamp": "2026-01-25T23:40:36.522124+00:00", "data": {"market": "0x22ac5f75af18fdb453497fbf7ac0606a09a6fd55b78b2d08aace6b946ad62038", "price_changes": [{"asset_id": "97449340182256366014320155718265676486703217567849039806162053075113517266910", "price": "0.014", "size": "0", "side": "BUY", "hash": "25eb47d7cb76f55ba75c021eb59ee0d7dc653a18", "best_bid": "0.065", "best_ask": "0.069"}, {"asset_id": "59259495934562596318644973716893809974860301509869285036503555129962149752635", "price": "0.986", "size": "0", "side": "SELL", "hash": "f8286f1ffdf78687fab07c70440e7327b49d2a1b", "best_bid": "0.931", "best_ask": "0.935"}], "timestamp": "1769384436446", "event_type": "price_change"}}
{"_local_timestamp": "2026-01-25T23:40:36.609873+00:00", "data": {"market": "0x22ac5f75af18fdb453497fbf7ac0606a09a6fd55b78b2d08aace6b946ad62038", "price_changes": [{"asset_id": "59259495934562596318644973716893809974860301509869285036503555129962149752635", "price": "0.987", "size": "198.88", "side": "SELL", "hash": "bebb25aeaf1119c43bffa39fc12a2603e40813f6", "best_bid": "0.931", "best_ask": "0.935"}, {"asset_id": "97449340182256366014320155718265676486703217567849039806162053075113517266910", "price": "0.013", "size": "198.88", "side": "BUY", "hash": "4934a5c4014e3ef9d3347eb52a6562d0da3900cb", "best_bid": "0.065", "best_ask": "0.069"}], "timestamp": "1769384436538", "event_type": "price_change"}}
{"_local_timestamp": "2026-01-25T23:40:36.915884+00:00", "data": {"market": "0x22ac5f75af18fdb453497fbf7ac0606a09a6fd55b78b2d08aace6b946ad62038", "price_changes": [{"asset_id": "97449340182256366014320155718265676486703217567849039806162053075113517266910", "price": "0.011", "size": "7.24", "side": "BUY", "hash": "70c8a9df1910144f4ff6b2b9431453a44b8708de", "best_bid": "0.065", "best_ask": "0.069"}, {"asset_id": "59259495934562596318644973716893809974860301509869285036503555129962149752635", "price": "0.989", "size": "7.24", "side": "SELL", "hash": "476b3ec65d04a8b3514768204622813a4406baff", "best_bid": "0.931", "best_ask": "0.935"}], "timestamp": "1769384436844", "event_type": "price_change"}}
{"_local_timestamp": "2026-01-25T23:40:38.595487+00:00", "data": {"market": "0x22ac5f75af18fdb453497fbf7ac0606a09a6fd55b78b2d08aace6b946ad62038", "price_changes": [{"asset_id": "97449340182256366014320155718265676486703217567849039806162053075113517266910", "price": "0.011", "size": "0", "side": "BUY", "hash": "54eb4bdc5b9c73c09ef0de221b7b544228fc6b87", "best_bid": "0.065", "best_ask": "0.069"}, {"asset_id": "59259495934562596318644973716893809974860301509869285036503555129962149752635", "price": "0.989", "size": "0", "side": "SELL", "hash": "8988b2d3f6624b498b411855aa4069ae14a65795", "best_bid": "0.931", "best_ask": "0.935"}], "timestamp": "1769384438468", "event_type": "price_change"}}
{"_local_timestamp": "2026-01-25T23:40:38.597845+00:00", "data": {"market": "0x22ac5f75af18fdb453497fbf7ac0606a09a6fd55b78b2d08aace6b946ad62038", "price_changes": [{"asset_id": "97449340182256366014320155718265676486703217567849039806162053075113517266910", "price": "0.012", "size": "6.57", "side": "BUY", "hash": "54eb4bdc5b9c73c09ef0de221b7b544228fc6b87", "best_bid": "0.065", "best_ask": "0.069"}, {"asset_id": "59259495934562596318644973716893809974860301509869285036503555129962149752635", "price": "0.988", "size": "6.57", "side": "SELL", "hash": "8988b2d3f6624b498b411855aa4069ae14a65795", "best_bid": "0.931", "best_ask": "0.935"}], "timestamp": "1769384438468", "event_type": "price_change"}}
{"_local_timestamp": "2026-01-25T23:40:38.912324+00:00", "data": {"market": "0x22ac5f75af18fdb453497fbf7ac0606a09a6fd55b78b2d08aace6b946ad62038", "price_changes": [{"asset_id": "97449340182256366014320155718265676486703217567849039806162053075113517266910", "price": "0.014", "size": "5.66", "side": "BUY", "hash": "068d1a4a03c5992b4451186bf37bb21e7af531ce", "best_bid": "0.065", "best_ask": "0.069"}, {"asset_id": "59259495934562596318644973716893809974860301509869285036503555129962149752635", "price": "0.986", "size": "5.66", "side": "SELL", "hash": "0ca1ab5a869febaaaa1660c0bbc025fff9fefbb0", "best_bid": "0.931", "best_ask": "0.935"}], "timestamp": "1769384438832", "event_type": "price_change"}}
{"_local_timestamp": "2026-01-25T23:40:38.921486+00:00", "data": {"market": "0x22ac5f75af18fdb453497fbf7ac0606a09a6fd55b78b2d08aace6b946ad62038", "price_changes": [{"asset_id": "97449340182256366014320155718265676486703217567849039806162053075113517266910", "price": "0.014", "size": "11.32", "side": "BUY", "hash": "c9c89177d317b119b0ddf190650f4431a99fd17f", "best_bid": "0.065", "best_ask": "0.069"}, {"asset_id": "59259495934562596318644973716893809974860301509869285036503555129962149752635", "price": "0.986", "size": "11.32", "side": "SELL", "hash": "dff6121f3262fa477f1ac4fb379bc3e3dc07a543", "best_bid": "0.931", "best_ask": "0.935"}], "timestamp": "1769384438835", "event_type": "price_change"}}
{"_local_timestamp": "2026-01-25T23:40:39.454783+00:00", "data": {"market": "0x22ac5f75af18fdb453497fbf7ac0606a09a6fd55b78b2d08aace6b946ad62038", "price_changes": [{"asset_id": "97449340182256366014320155718265676486703217567849039806162053075113517266910", "price": "0.012", "size": "0", "side": "BUY", "hash": "1d23b7eccf2cac0a73ee66d0408b0dea9cec28e9", "best_bid": "0.065", "best_ask": "0.069"}, {"asset_id": "59259495934562596318644973716893809974860301509869285036503555129962149752635", "price": "0.988", "size": "0", "side": "SELL", "hash": "1768d3e35b8e32bd8c9ed375aa2b93332f4f32ee", "best_bid": "0.931", "best_ask": "0.935"}], "timestamp": "1769384439382", "event_type": "price_change"}}
{"_local_timestamp": "2026-01-25T23:40:39.738048+00:00", "data": {"market": "0x22ac5f75af18fdb453497fbf7ac0606a09a6fd55b78b2d08aace6b946ad62038", "price_changes": [{"asset_id": "97449340182256366014320155718265676486703217567849039806162053075113517266910", "price": "0.01", "size": "292.33", "side": "BUY", "hash": "9a433b7291a53929226c898cfc00d644727cdef3", "best_bid": "0.065", "best_ask": "0.069"}, {"asset_id": "59259495934562596318644973716893809974860301509869285036503555129962149752635", "price": "0.99", "size": "292.33", "side": "SELL", "hash": "21133888b815d580c07c3086594b51b199acc224", "best_bid": "0.931", "best_ask": "0.935"}], "timestamp": "1769384439664", "event_type": "price_change"}}
{"_local_timestamp": "2026-01-25T23:40:40.050221+00:00", "data": {"market": "0x22ac5f75af18fdb453497fbf7ac0606a09a6fd55b78b2d08aace6b946ad62038", "price_changes": [{"asset_id": "59259495934562596318644973716893809974860301509869285036503555129962149752635", "price": "0.987", "size": "0", "side": "SELL", "hash": "38ff46f547837598dfab019ec70eb9c9f02f026f", "best_bid": "0.931", "best_ask": "0.935"}, {"asset_id": "97449340182256366014320155718265676486703217567849039806162053075113517266910", "price": "0.013", "size": "0", "side": "BUY", "hash": "9c28d84c228e6efff042278b4e042a044c076878", "best_bid": "0.065", "best_ask": "0.069"}], "timestamp": "1769384439968", "event_type": "price_change"}}
{"_local_timestamp": "2026-01-25T23:40:40.330798+00:00", "data": {"market": "0x22ac5f75af18fdb453497fbf7ac0606a09a6fd55b78b2d08aace6b946ad62038", "price_changes": [{"asset_id": "59259495934562596318644973716893809974860301509869285036503555129962149752635", "price": "0.989", "size": "198.88", "side": "SELL", "hash": "868fdbabed86277ba7802c63c3eb2641df0fe4ca", "best_bid": "0.931", "best_ask": "0.935"}, {"asset_id": "97449340182256366014320155718265676486703217567849039806162053075113517266910", "price": "0.011", "size": "198.88", "side": "BUY", "hash": "dbe0a3eeba8d7be9b287ffa9a6e15693898a1892", "best_bid": "0.065", "best_ask": "0.069"}], "timestamp": "1769384440230", "event_type": "price_change"}}
{"_local_timestamp": "2026-01-25T23:40:40.854963+00:00", "data": {"market": "0x22ac5f75af18fdb453497fbf7ac0606a09a6fd55b78b2d08aace6b946ad62038", "price_changes": [{"asset_id": "97449340182256366014320155718265676486703217567849039806162053075113517266910", "price": "0.01", "size": "284.45", "side": "BUY", "hash": "47816f5f11817d49ea35f55fc74da1e8c501016b", "best_bid": "0.065", "best_ask": "0.069"}, {"asset_id": "59259495934562596318644973716893809974860301509869285036503555129962149752635", "price": "0.99", "size": "284.45", "side": "SELL", "hash": "e2e876f2290c435c6e05b5e60b92e80a616a47de", "best_bid": "0.931", "best_ask": "0.935"}], "timestamp": "1769384440670", "event_type": "price_change"}}
{"_local_timestamp": "2026-01-25T23:40:40.859271+00:00", "data": {"market": "0x22ac5f75af18fdb453497fbf7ac0606a09a6fd55b78b2d08aace6b946ad62038", "price_changes": [{"asset_id": "97449340182256366014320155718265676486703217567849039806162053075113517266910", "price": "0.014", "size": "5.66", "side": "BUY", "hash": "47816f5f11817d49ea35f55fc74da1e8c501016b", "best_bid": "0.065", "best_ask": "0.069"}, {"asset_id": "59259495934562596318644973716893809974860301509869285036503555129962149752635", "price": "0.986", "size": "5.66", "side": "SELL", "hash": "e2e876f2290c435c6e05b5e60b92e80a616a47de", "best_bid": "0.931", "best_ask": "0.935"}], "timestamp": "1769384440670", "event_type": "price_change"}}
{"_local_timestamp": "2026-01-25T23:40:41.211929+00:00", "data": {"market": "0x22ac5f75af18fdb453497fbf7ac0606a09a6fd55b78b2d08aace6b946ad62038", "price_changes": [{"asset_id": "97449340182256366014320155718265676486703217567849039806162053075113517266910", "price": "0.009", "size": "138.09", "side": "BUY", "hash": "1ce3c77078a0a2e79d6a8c657e4a115911bde9c8", "best_bid": "0.065", "best_ask": "0.069"}, {"asset_id": "59259495934562596318644973716893809974860301509869285036503555129962149752635", "price": "0.991", "size": "138.09", "side": "SELL", "hash": "628808527419dfed90d2831a15b1380afa799ff0", "best_bid": "0.931", "best_ask": "0.935"}], "timestamp": "1769384441121", "event_type": "price_change"}}
{"_local_timestamp": "2026-01-25T23:40:41.215612+00:00", "data": {"market": "0x22ac5f75af18fdb453497fbf7ac0606a09a6fd55b78b2d08aace6b946ad62038", "price_changes": [{"asset_id": "97449340182256366014320155718265676486703217567849039806162053075113517266910", "price": "0.012", "size": "9.39", "side": "BUY", "hash": "0ff74ba6c829b84cb6780168a145f86bd862e31d", "best_bid": "0.065", "best_ask": "0.069"}, {"asset_id": "59259495934562596318644973716893809974860301509869285036503555129962149752635", "price": "0.988", "size": "9.39", "side": "SELL", "hash": "59c40eafa25c9ec9b7f594bce7def63cf00487b7", "best_bid": "0.931", "best_ask": "0.935"}], "timestamp": "1769384441122", "event_type": "price_change"}}
{"_local_timestamp": "2026-01-25T23:40:42.041098+00:00", "data": {"market": "0x22ac5f75af18fdb453497fbf7ac0606a09a6fd55b78b2d08aace6b946ad62038", "price_changes": [{"asset_id": "97449340182256366014320155718265676486703217567849039806162053075113517266910", "price": "0.014", "size": "0", "side": "BUY", "hash": "1eff276ec41d230896f2079179c4b0ae5183e7cd", "best_bid": "0.065", "best_ask": "0.069"}, {"asset_id": "59259495934562596318644973716893809974860301509869285036503555129962149752635", "price": "0.986", "size": "0", "side": "SELL", "hash": "4f0ba052afbf5949c3e1d03d5ff93d617a14cfbc", "best_bid": "0.931", "best_ask": "0.935"}], "timestamp": "1769384441954", "event_type": "price_change"}}
{"_local_timestamp": "2026-01-25T23:40:42.237701+00:00", "data": {"market": "0x22ac5f75af18fdb453497fbf7ac0606a09a6fd55b78b2d08aace6b946ad62038", "price_changes": [{"asset_id": "97449340182256366014320155718265676486703217567849039806162053075113517266910", "price": "0.012", "size": "16", "side": "BUY", "hash": "8b7308904d462ebb0c17c428ad3a2e1232727f6a", "best_bid": "0.065", "best_ask": "0.069"}, {"asset_id": "59259495934562596318644973716893809974860301509869285036503555129962149752635", "price": "0.988", "size": "16", "side": "SELL", "hash": "cd1b201bceb9d3f557d78f9452374e4a56bab466", "best_bid": "0.931", "best_ask": "0.935"}], "timestamp": "1769384442169", "event_type": "price_change"}}
{"_local_timestamp": "2026-01-25T23:40:42.373964+00:00", "data": {"market": "0x22ac5f75af18fdb453497fbf7ac0606a09a6fd55b78b2d08aace6b946ad62038", "price_changes": [{"asset_id": "59259495934562596318644973716893809974860301509869285036503555129962149752635", "price": "0.989", "size": "0", "side": "SELL", "hash": "2c8b5e613661ba74c4afa700755622415c6d0b9b", "best_bid": "0.931", "best_ask": "0.935"}, {"asset_id": "97449340182256366014320155718265676486703217567849039806162053075113517266910", "price": "0.011", "size": "0", "side": "BUY", "hash": "db63ffa86afbab01291e788549bf8255c8c12049", "best_bid": "0.065", "best_ask": "0.069"}], "timestamp": "1769384442294", "event_type": "price_change"}}
{"_local_timestamp": "2026-01-25T23:40:43.165703+00:00", "data": {"market": "0x22ac5f75af18fdb453497fbf7ac0606a09a6fd55b78b2d08aace6b946ad62038", "price_changes": [{"asset_id": "59259495934562596318644973716893809974860301509869285036503555129962149752635", "price": "0.987", "size": "198.88", "side": "SELL", "hash": "070b26f7ccaa65351d3ad8e2326fbc4af66bbd63", "best_bid": "0.931", "best_ask": "0.935"}, {"asset_id": "97449340182256366014320155718265676486703217567849039806162053075113517266910", "price": "0.013", "size": "198.88", "side": "BUY", "hash": "d5ca1ca8bf7f5e3bce6d27e09e5fd235fb76b7f0", "best_bid": "0.065", "best_ask": "0.069"}], "timestamp": "1769384443091", "event_type": "price_change"}}
{"_local_timestamp": "2026-01-25T23:40:43.478317+00:00", "data": {"market": "0x22ac5f75af18fdb453497fbf7ac0606a09a6fd55b78b2d08aace6b946ad62038", "price_changes": [{"asset_id": "97449340182256366014320155718265676486703217567849039806162053075113517266910", "price": "0.009", "size": "133.06", "side": "BUY", "hash": "0e5903d74256cc64c0432971049f2fb5afbb6a3e", "best_bid": "0.065", "best_ask": "0.069"}, {"asset_id": "59259495934562596318644973716893809974860301509869285036503555129962149752635", "price": "0.991", "size": "133.06", "side": "SELL", "hash": "c1cf4089ce60b89fb864b26f728fbf2f2182bbcb", "best_bid": "0.931", "best_ask": "0.935"}], "timestamp": "1769384443400", "event_type": "price_change"}}
{"_local_timestamp": "2026-01-25T23:40:43.480578+00:00", "data": {"market": "0x22ac5f75af18fdb453497fbf7ac0606a09a6fd55b78b2d08aace6b946ad62038", "price_changes": [{"asset_id": "97449340182256366014320155718265676486703217567849039806162053075113517266910", "price": "0.012", "size": "6.61", "side": "BUY", "hash": "0e5903d74256cc64c0432971049f2fb5afbb6a3e", "best_bid": "0.065", "best_ask": "0.069"}, {"asset_id": "59259495934562596318644973716893809974860301509869285036503555129962149752635", "price": "0.988", "size": "6.61", "side": "SELL", "hash": "c1cf4089ce60b89fb864b26f728fbf2f2182bbcb", "best_bid": "0.931", "best_ask": "0.935"}], "timestamp": "1769384443400", "event_type": "price_change"}}
{"_local_timestamp": "2026-01-25T23:40:43.771216+00:00", "data": {"market": "0x22ac5f75af18fdb453497fbf7ac0606a09a6fd55b78b2d08aace6b946ad62038", "price_changes": [{"asset_id": "97449340182256366014320155718265676486703217567849039806162053075113517266910", "price": "0.014", "size": "5.64", "side": "BUY", "hash": "74217f9407a0e4cda1d8f0da56f096c08d13deac", "best_bid": "0.065", "best_ask": "0.069"}, {"asset_id": "59259495934562596318644973716893809974860301509869285036503555129962149752635", "price": "0.986", "size": "5.64", "side": "SELL", "hash": "1fb0efe1ad320eff51739f7f6819c8d17a11b01a", "best_bid": "0.931", "best_ask": "0.935"}], "timestamp": "1769384443701", "event_type": "price_change"}}
{"_local_timestamp": "2026-01-25T23:40:43.774075+00:00", "data": {"market": "0x22ac5f75af18fdb453497fbf7ac0606a09a6fd55b78b2d08aace6b946ad62038", "price_changes": [{"asset_id": "97449340182256366014320155718265676486703217567849039806162053075113517266910", "price": "0.014", "size": "11.28", "side": "BUY", "hash": "10a7b9316b93b00dbf4b34013aa86d8bb873f325", "best_bid": "0.065", "best_ask": "0.069"}, {"asset_id": "59259495934562596318644973716893809974860301509869285036503555129962149752635", "price": "0.986", "size": "11.28", "side": "SELL", "hash": "82d023402b227c4374fce2a9c1f267dd56241a81", "best_bid": "0.931", "best_ask": "0.935"}], "timestamp": "1769384443702", "event_type": "price_change"}}
{"_local_timestamp": "2026-01-25T23:40:44.838499+00:00", "data": {"market": "0x22ac5f75af18fdb453497fbf7ac0606a09a6fd55b78b2d08aace6b946ad62038", "price_changes": [{"asset_id": "97449340182256366014320155718265676486703217567849039806162053075113517266910", "price": "0.012", "size": "0", "side": "BUY", "hash": "0e84d82b863c34dfeffda2316cf5a223224fdf60", "best_bid": "0.065", "best_ask": "0.069"}, {"asset_id": "59259495934562596318644973716893809974860301509869285036503555129962149752635", "price": "0.988", "size": "0", "side": "SELL", "hash": "90bcfcef729b1f3be92490dae4dcc306c5098605", "best_bid": "0.931", "best_ask": "0.935"}], "timestamp": "1769384444767", "event_type": "price_change"}}
{"_local_timestamp": "2026-01-25T23:40:45.217516+00:00", "data": {"market": "0x22ac5f75af18fdb453497fbf7ac0606a09a6fd55b78b2d08aace6b946ad62038", "price_changes": [{"asset_id": "97449340182256366014320155718265676486703217567849039806162053075113517266910", "price": "0.01", "size": "292.39", "side": "BUY", "hash": "72e87fd8165f4fac7eb05c78861a2d24ff4f8bf0", "best_bid": "0.065", "best_ask": "0.069"}, {"asset_id": "59259495934562596318644973716893809974860301509869285036503555129962149752635", "price": "0.99", "size": "292.39", "side": "SELL", "hash": "dcd19ffd38efba3a949d6493f502340fc30c5cce", "best_bid": "0.931", "best_ask": "0.935"}], "timestamp": "1769384445148", "event_type": "price_change"}}
{"_local_timestamp": "2026-01-25T23:40:45.720843+00:00", "data": {"market": "0x22ac5f75af18fdb453497fbf7ac0606a09a6fd55b78b2d08aace6b946ad62038", "price_changes": [{"asset_id": "59259495934562596318644973716893809974860301509869285036503555129962149752635", "price": "0.785", "size": "0", "side": "BUY", "hash": "1803a1a54c53be840d9508c592c181a7ccbc7ede", "best_bid": "0.931", "best_ask": "0.935"}, {"asset_id": "97449340182256366014320155718265676486703217567849039806162053075113517266910", "price": "0.215", "size": "0", "side": "SELL", "hash": "b3775003a6285a0e75079cd138c486c96fdf0f82", "best_bid": "0.065", "best_ask": "0.069"}], "timestamp": "1769384445655", "event_type": "price_change"}}
{"_local_timestamp": "2026-01-25T23:40:45.993433+00:00", "data": {"market": "0x22ac5f75af18fdb453497fbf7ac0606a09a6fd55b78b2d08aace6b946ad62038", "price_changes": [{"asset_id": "59259495934562596318644973716893809974860301509869285036503555129962149752635", "price": "0.785", "size": "5", "side": "BUY", "hash": "517714f555763338c28d8149512c8acff7b14631", "best_bid": "0.931", "best_ask": "0.935"}, {"asset_id": "97449340182256366014320155718265676486703217567849039806162053075113517266910", "price": "0.215", "size": "5", "side": "SELL", "hash": "361728193b5b3a1a713f499ab1b94ad3b750561a", "best_bid": "0.065", "best_ask": "0.069"}], "timestamp": "1769384445913", "event_type": "price_change"}}
{"_local_timestamp": "2026-01-25T23:40:46.381580+00:00", "data": {"market": "0x22ac5f75af18fdb453497fbf7ac0606a09a6fd55b78b2d08aace6b946ad62038", "price_changes": [{"asset_id": "59259495934562596318644973716893809974860301509869285036503555129962149752635", "price": "0.987", "size": "0", "side": "SELL", "hash": "a31a558c1e3dea70ce7f2334fc0c72851a89a9e6", "best_bid": "0.931", "best_ask": "0.935"}, {"asset_id": "97449340182256366014320155718265676486703217567849039806162053075113517266910", "price": "0.013", "size": "0", "side": "BUY", "hash": "970ca6950484fe950e598639273c4003aaf26927", "best_bid": "0.065", "best_ask": "0.069"}], "timestamp": "1769384446314", "event_type": "price_change"}}
{"_local_timestamp": "2026-01-25T23:40:47.211898+00:00", "data": {"market": "0x22ac5f75af18fdb453497fbf7ac0606a09a6fd55b78b2d08aace6b946ad62038", "price_changes": [{"asset_id": "59259495934562596318644973716893809974860301509869285036503555129962149752635", "price": "0.989", "size": "198.88", "side": "SELL", "hash": "9590a23ef40e5a85df7c4666935706823604fe85", "best_bid": "0.931", "best_ask": "0.935"}, {"asset_id": "97449340182256366014320155718265676486703217567849039806162053075113517266910", "price": "0.011", "size": "198.88", "side": "BUY", "hash": "edc369a9b0297aebc1bc0093b2c9f6f8ae6da886", "best_bid": "0.065", "best_ask": "0.069"}], "timestamp": "1769384447144", "event_type": "price_change"}}
{"_local_timestamp": "2026-01-25T23:40:47.903039+00:00", "data": {"market": "0x22ac5f75af18fdb453497fbf7ac0606a09a6fd55b78b2d08aace6b946ad62038", "price_changes": [{"asset_id": "97449340182256366014320155718265676486703217567849039806162053075113517266910", "price": "0.01", "size": "284.45", "side": "BUY", "hash": "727cca6e7e52ccf26b901dcb6ac6f42776ca81f5", "best_bid": "0.065", "best_ask": "0.069"}, {"asset_id": "59259495934562596318644973716893809974860301509869285036503555129962149752635", "price": "0.99", "size": "284.45", "side": "SELL", "hash": "10e8444f7a0b88c886b1388d31c08594be65ffed", "best_bid": "0.931", "best_ask": "0.935"}], "timestamp": "1769384447827", "event_type": "price_change"}}
{"_local_timestamp": "2026-01-25T23:40:47.908362+00:00", "data": {"market": "0x22ac5f75af18fdb453497fbf7ac0606a09a6fd55b78b2d08aace6b946ad62038", "price_changes": [{"asset_id": "97449340182256366014320155718265676486703217567849039806162053075113517266910", "price": "0.014", "size": "5.64", "side": "BUY", "hash": "727cca6e7e52ccf26b901dcb6ac6f42776ca81f5", "best_bid": "0.065", "best_ask": "0.069"}, {"asset_id": "59259495934562596318644973716893809974860301509869285036503555129962149752635", "price": "0.986", "size": "5.64", "side": "SELL", "hash": "10e8444f7a0b88c886b1388d31c08594be65ffed", "best_bid": "0.931", "best_ask": "0.935"}], "timestamp": "1769384447827", "event_type": "price_change"}}
{"_local_timestamp": "2026-01-25T23:40:48.378658+00:00", "data": {"market": "0x22ac5f75af18fdb453497fbf7ac0606a09a6fd55b78b2d08aace6b946ad62038", "price_changes": [{"asset_id": "97449340182256366014320155718265676486703217567849039806162053075113517266910", "price": "0.009", "size": "138.09", "side": "BUY", "hash": "86e9e4c9e4f301635b25cbd80be84dcd92b60fce", "best_bid": "0.065", "best_ask": "0.069"}, {"asset_id": "59259495934562596318644973716893809974860301509869285036503555129962149752635", "price": "0.991", "size": "138.09", "side": "SELL", "hash": "50d8e617cf9ee2df5c006d3b45d039cd34094962", "best_bid": "0.931", "best_ask": "0.935"}], "timestamp": "1769384448299", "event_type": "price_change"}}
{"_local_timestamp": "2026-01-25T23:40:48.384914+00:00", "data": {"market": "0x22ac5f75af18fdb453497fbf7ac0606a09a6fd55b78b2d08aace6b946ad62038", "price_changes": [{"asset_id": "97449340182256366014320155718265676486703217567849039806162053075113517266910", "price": "0.012", "size": "9.42", "side": "BUY", "hash": "c37c8d6f49ee00b40a503079dbf11f72abbe61cc", "best_bid": "0.065", "best_ask": "0.069"}, {"asset_id": "59259495934562596318644973716893809974860301509869285036503555129962149752635", "price": "0.988", "size": "9.42", "side": "SELL", "hash": "78c4d1c2e7becea7df24411bf2367a92ad1e64e3", "best_bid": "0.931", "best_ask": "0.935"}], "timestamp": "1769384448301", "event_type": "price_change"}}
{"_local_timestamp": "2026-01-25T23:40:49.132505+00:00", "data": {"market": "0x22ac5f75af18fdb453497fbf7ac0606a09a6fd55b78b2d08aace6b946ad62038", "price_changes": [{"asset_id": "59259495934562596318644973716893809974860301509869285036503555129962149752635", "price": "0.989", "size": "0", "side": "SELL", "hash": "4550891f506ec148fcd34e07fe28dcf937c97f94", "best_bid": "0.931", "best_ask": "0.935"}, {"asset_id": "97449340182256366014320155718265676486703217567849039806162053075113517266910", "price": "0.011", "size": "0", "side": "BUY", "hash": "21e9c0d0a60bc4e70b9bece1a8950dd7af696605", "best_bid": "0.065", "best_ask": "0.069"}], "timestamp": "1769384449061", "event_type": "price_change"}}
{"_local_timestamp": "2026-01-25T23:40:50.153178+00:00", "data": {"market": "0x22ac5f75af18fdb453497fbf7ac0606a09a6fd55b78b2d08aace6b946ad62038", "price_changes": [{"asset_id": "59259495934562596318644973716893809974860301509869285036503555129962149752635", "price": "0.987", "size": "198.88", "side": "SELL", "hash": "2d1f7c1cb9a674372ba1cbf53bc6c3297d39a25c", "best_bid": "0.931", "best_ask": "0.935"}, {"asset_id": "97449340182256366014320155718265676486703217567849039806162053075113517266910", "price": "0.013", "size": "198.88", "side": "BUY", "hash": "c10c27dfb95858e6515424b42367c07381607262", "best_bid": "0.065", "best_ask": "0.069"}], "timestamp": "1769384450017", "event_type": "price_change"}}
{"_local_timestamp": "2026-01-25T23:40:50.516975+00:00", "data": {"market": "0x22ac5f75af18fdb453497fbf7ac0606a09a6fd55b78b2d08aace6b946ad62038", "price_changes": [{"asset_id": "97449340182256366014320155718265676486703217567849039806162053075113517266910", "price": "0.009", "size": "133.06", "side": "BUY", "hash": "7ccdea3aeca6c4fa3906b918dbfd7f8359c3c23b", "best_bid": "0.065", "best_ask": "0.069"}, {"asset_id": "59259495934562596318644973716893809974860301509869285036503555129962149752635", "price": "0.991", "size": "133.06", "side": "SELL", "hash": "7272ad4ff6101f524d87c486321073e77b9cd58c", "best_bid": "0.931", "best_ask": "0.935"}], "timestamp": "1769384450436", "event_type": "price_change"}}
{"_local_timestamp": "2026-01-25T23:40:50.519740+00:00", "data": {"market": "0x22ac5f75af18fdb453497fbf7ac0606a09a6fd55b78b2d08aace6b946ad62038", "price_changes": [{"asset_id": "97449340182256366014320155718265676486703217567849039806162053075113517266910", "price": "0.012", "size": "0", "side": "BUY", "hash": "7ccdea3aeca6c4fa3906b918dbfd7f8359c3c23b", "best_bid": "0.065", "best_ask": "0.069"}, {"asset_id": "59259495934562596318644973716893809974860301509869285036503555129962149752635", "price": "0.988", "size": "0", "side": "SELL", "hash": "7272ad4ff6101f524d87c486321073e77b9cd58c", "best_bid": "0.931", "best_ask": "0.935"}], "timestamp": "1769384450436", "event_type": "price_change"}}
{"_local_timestamp": "2026-01-25T23:40:50.524825+00:00", "data": {"market": "0x22ac5f75af18fdb453497fbf7ac0606a09a6fd55b78b2d08aace6b946ad62038", "price_changes": [{"asset_id": "97449340182256366014320155718265676486703217567849039806162053075113517266910", "price": "0.014", "size": "0", "side": "BUY", "hash": "7ccdea3aeca6c4fa3906b918dbfd7f8359c3c23b", "best_bid": "0.065", "best_ask": "0.069"}, {"asset_id": "59259495934562596318644973716893809974860301509869285036503555129962149752635", "price": "0.986", "size": "0", "side": "SELL", "hash": "7272ad4ff6101f524d87c486321073e77b9cd58c", "best_bid": "0.931", "best_ask": "0.935"}], "timestamp": "1769384450436", "event_type": "price_change"}}
{"_local_timestamp": "2026-01-25T23:40:51.048926+00:00", "data": {"market": "0x22ac5f75af18fdb453497fbf7ac0606a09a6fd55b78b2d08aace6b946ad62038", "price_changes": [{"asset_id": "97449340182256366014320155718265676486703217567849039806162053075113517266910", "price": "0.014", "size": "6.15", "side": "BUY", "hash": "e688d006b40f98662da78cefb998fbf3226e00f2", "best_bid": "0.065", "best_ask": "0.069"}, {"asset_id": "59259495934562596318644973716893809974860301509869285036503555129962149752635", "price": "0.986", "size": "6.15", "side": "SELL", "hash": "53c10b7946ae579d7a84845d83f65a5e630b1050", "best_bid": "0.931", "best_ask": "0.935"}], "timestamp": "1769384450976", "event_type": "price_change"}}
{"_local_timestamp": "2026-01-25T23:40:51.051522+00:00", "data": {"market": "0x22ac5f75af18fdb453497fbf7ac0606a09a6fd55b78b2d08aace6b946ad62038", "price_changes": [{"asset_id": "97449340182256366014320155718265676486703217567849039806162053075113517266910", "price": "0.014", "size": "12.3", "side": "BUY", "hash": "c4bde8cd64fad9f74b6edd280018f16a834b1b8f", "best_bid": "0.065", "best_ask": "0.069"}, {"asset_id": "59259495934562596318644973716893809974860301509869285036503555129962149752635", "price": "0.986", "size": "12.3", "side": "SELL", "hash": "13e02830154e20b8e2da746c8b074da8affffae4", "best_bid": "0.931", "best_ask": "0.935"}], "timestamp": "1769384450980", "event_type": "price_change"}}
{"_local_timestamp": "2026-01-25T23:40:51.059729+00:00", "data": {"market": "0x22ac5f75af18fdb453497fbf7ac0606a09a6fd55b78b2d08aace6b946ad62038", "price_changes": [{"asset_id": "97449340182256366014320155718265676486703217567849039806162053075113517266910", "price": "0.01", "size": "290.95", "side": "BUY", "hash": "e542549569440ae65e34e525f598efdf7b1b582f", "best_bid": "0.065", "best_ask": "0.069"}, {"asset_id": "59259495934562596318644973716893809974860301509869285036503555129962149752635", "price": "0.99", "size": "290.95", "side": "SELL", "hash": "b2fc056f506793d35b075901a7267ea750c17cc1", "best_bid": "0.931", "best_ask": "0.935"}], "timestamp": "1769384450984", "event_type": "price_change"}}
{"_local_timestamp": "2026-01-25T23:40:51.801615+00:00", "data": {"market": "0x22ac5f75af18fdb453497fbf7ac0606a09a6fd55b78b2d08aace6b946ad62038", "price_changes": [{"asset_id": "59259495934562596318644973716893809974860301509869285036503555129962149752635", "price": "0.987", "size": "0", "side": "SELL", "hash": "9bba1614dcd233c88284a2d86e807df1e58a2352", "best_bid": "0.931", "best_ask": "0.935"}, {"asset_id": "97449340182256366014320155718265676486703217567849039806162053075113517266910", "price": "0.013", "size": "0", "side": "BUY", "hash": "e96690c2d41e2262b44ea750587f8ca638622401", "best_bid": "0.065", "best_ask": "0.069"}], "timestamp": "1769384451733", "event_type": "price_change"}}
{"_local_timestamp": "2026-01-25T23:40:52.060289+00:00", "data": {"market": "0x22ac5f75af18fdb453497fbf7ac0606a09a6fd55b78b2d08aace6b946ad62038", "price_changes": [{"asset_id": "97449340182256366014320155718265676486703217567849039806162053075113517266910", "price": "0.01", "size": "284.45", "side": "BUY", "hash": "32e0f03b17415937ebec7469ecc03a9102b51ac9", "best_bid": "0.065", "best_ask": "0.069"}, {"asset_id": "59259495934562596318644973716893809974860301509869285036503555129962149752635", "price": "0.99", "size": "284.45", "side": "SELL", "hash": "6703bdd816ae060e004ebb8b5a3f46d508ad99f9", "best_bid": "0.931", "best_ask": "0.935"}], "timestamp": "1769384451987", "event_type": "price_change"}}
{"_local_timestamp": "2026-01-25T23:40:52.062581+00:00", "data": {"market": "0x22ac5f75af18fdb453497fbf7ac0606a09a6fd55b78b2d08aace6b946ad62038", "price_changes": [{"asset_id": "97449340182256366014320155718265676486703217567849039806162053075113517266910", "price": "0.014", "size": "6.15", "side": "BUY", "hash": "32e0f03b17415937ebec7469ecc03a9102b51ac9", "best_bid": "0.065", "best_ask": "0.069"}, {"asset_id": "59259495934562596318644973716893809974860301509869285036503555129962149752635", "price": "0.986", "size": "6.15", "side": "SELL", "hash": "6703bdd816ae060e004ebb8b5a3f46d508ad99f9", "best_bid": "0.931", "best_ask": "0.935"}], "timestamp": "1769384451987", "event_type": "price_change"}}
{"_local_timestamp": "2026-01-25T23:40:52.520320+00:00", "data": {"market": "0x22ac5f75af18fdb453497fbf7ac0606a09a6fd55b78b2d08aace6b946ad62038", "price_changes": [{"asset_id": "97449340182256366014320155718265676486703217567849039806162053075113517266910", "price": "0.011", "size": "6.87", "side": "BUY", "hash": "41c69f7fa230322a2b72fa4f97573c7920aa592c", "best_bid": "0.065", "best_ask": "0.069"}, {"asset_id": "59259495934562596318644973716893809974860301509869285036503555129962149752635", "price": "0.989", "size": "6.87", "side": "SELL", "hash": "6e086bfffb6fa6e0c7ddc529e72173ca0b807794", "best_bid": "0.931", "best_ask": "0.935"}], "timestamp": "1769384452445", "event_type": "price_change"}}
{"_local_timestamp": "2026-01-25T23:40:52.524593+00:00", "data": {"market": "0x22ac5f75af18fdb453497fbf7ac0606a09a6fd55b78b2d08aace6b946ad62038", "price_changes": [{"asset_id": "97449340182256366014320155718265676486703217567849039806162053075113517266910", "price": "0.011", "size": "13.74", "side": "BUY", "hash": "571253bd4568a99e99c0c24b73d288e2949dc9c2", "best_bid": "0.065", "best_ask": "0.069"}, {"asset_id": "59259495934562596318644973716893809974860301509869285036503555129962149752635", "price": "0.989", "size": "13.74", "side": "SELL", "hash": "ffe6f8030a4030b22534a2fee7a69ab8aae9f781", "best_bid": "0.931", "best_ask": "0.935"}], "timestamp": "1769384452446", "event_type": "price_change"}}
{"_local_timestamp": "2026-01-25T23:40:53.163606+00:00", "data": {"market": "0x22ac5f75af18fdb453497fbf7ac0606a09a6fd55b78b2d08aace6b946ad62038", "price_changes": [{"asset_id": "59259495934562596318644973716893809974860301509869285036503555129962149752635", "price": "0.989", "size": "212.62", "side": "SELL", "hash": "4adf36b035f92e05ac67a418a6add1910e563006", "best_bid": "0.931", "best_ask": "0.935"}, {"asset_id": "97449340182256366014320155718265676486703217567849039806162053075113517266910", "price": "0.011", "size": "212.62", "side": "BUY", "hash": "35cec04c6e94b9307cba22eec999fe750efa5751", "best_bid": "0.065", "best_ask": "0.069"}], "timestamp": "1769384453082", "event_type": "price_change"}}
{"_local_timestamp": "2026-01-25T23:40:53.377862+00:00", "data": {"market": "0x22ac5f75af18fdb453497fbf7ac0606a09a6fd55b78b2d08aace6b946ad62038", "price_changes": [{"asset_id": "97449340182256366014320155718265676486703217567849039806162053075113517266910", "price": "0.014", "size": "0", "side": "BUY", "hash": "8d58f22bae84e0b390f88e5e9ffd1aa28e890797", "best_bid": "0.065", "best_ask": "0.069"}, {"asset_id": "59259495934562596318644973716893809974860301509869285036503555129962149752635", "price": "0.986", "size": "0", "side": "SELL", "hash": "4c4af3ead34b50d4b8f2960888b980d3175e8821", "best_bid": "0.931", "best_ask": "0.935"}], "timestamp": "1769384453304", "event_type": "price_change"}}
{"_local_timestamp": "2026-01-25T23:40:53.770929+00:00", "data": {"market": "0x22ac5f75af18fdb453497fbf7ac0606a09a6fd55b78b2d08aace6b946ad62038", "price_changes": [{"asset_id": "97449340182256366014320155718265676486703217567849039806162053075113517266910", "price": "0.012", "size": "7.18", "side": "BUY", "hash": "7c0f15e86ee33025dc8f4e472ec3188024ecdc81", "best_bid": "0.065", "best_ask": "0.069"}, {"asset_id": "59259495934562596318644973716893809974860301509869285036503555129962149752635", "price": "0.988", "size": "7.18", "side": "SELL", "hash": "20fa33a407d8c4fe7878eaf2f592f503da26e943", "best_bid": "0.931", "best_ask": "0.935"}], "timestamp": "1769384453696", "event_type": "price_change"}}
{"_local_timestamp": "2026-01-25T23:40:54.381356+00:00", "data": {"market": "0x22ac5f75af18fdb453497fbf7ac0606a09a6fd55b78b2d08aace6b946ad62038", "price_changes": [{"asset_id": "59259495934562596318644973716893809974860301509869285036503555129962149752635", "price": "0.989", "size": "13.74", "side": "SELL", "hash": "ba51f1913ede3cf61de617413911344869b0e2b3", "best_bid": "0.931", "best_ask": "0.935"}, {"asset_id": "97449340182256366014320155718265676486703217567849039806162053075113517266910", "price": "0.011", "size": "13.74", "side": "BUY", "hash": "e332e9416051e188c23ec221ce26947c5f9eb8d5", "best_bid": "0.065", "best_ask": "0.069"}], "timestamp": "1769384454299", "event_type": "price_change"}}
{"_local_timestamp": "2026-01-25T23:40:54.895341+00:00", "data": {"market": "0x22ac5f75af18fdb453497fbf7ac0606a09a6fd55b78b2d08aace6b946ad62038", "price_changes": [{"asset_id": "97449340182256366014320155718265676486703217567849039806162053075113517266910", "price": "0.012", "size": "0", "side": "BUY", "hash": "0e22b4023bfdae50eb37fadf962d80095e163d72", "best_bid": "0.065", "best_ask": "0.069"}, {"asset_id": "59259495934562596318644973716893809974860301509869285036503555129962149752635", "price": "0.988", "size": "0", "side": "SELL", "hash": "f8bd7950574507cce5ab7fc80c6cda125a8452aa", "best_bid": "0.931", "best_ask": "0.935"}], "timestamp": "1769384454804", "event_type": "price_change"}}
{"_local_timestamp": "2026-01-25T23:40:54.897832+00:00", "data": {"market": "0x22ac5f75af18fdb453497fbf7ac0606a09a6fd55b78b2d08aace6b946ad62038", "price_changes": [{"asset_id": "59259495934562596318644973716893809974860301509869285036503555129962149752635", "price": "0.785", "size": "0", "side": "BUY", "hash": "a65cb85604a6c88ab39f8de6b515756ae069a27d", "best_bid": "0.931", "best_ask": "0.935"}, {"asset_id": "97449340182256366014320155718265676486703217567849039806162053075113517266910", "price": "0.215", "size": "0", "side": "SELL", "hash": "73f8e80cb3c7aedb7250f216c873f45fe3bfd727", "best_bid": "0.065", "best_ask": "0.069"}], "timestamp": "1769384454804", "event_type": "price_change"}}
{"_local_timestamp": "2026-01-25T23:40:55.179685+00:00", "data": {"market": "0x22ac5f75af18fdb453497fbf7ac0606a09a6fd55b78b2d08aace6b946ad62038", "price_changes": [{"asset_id": "97449340182256366014320155718265676486703217567849039806162053075113517266910", "price": "0.004", "size": "27.63", "side": "BUY", "hash": "c1e486edd2cb12ab58f80b151601b53efc523715", "best_bid": "0.065", "best_ask": "0.069"}, {"asset_id": "59259495934562596318644973716893809974860301509869285036503555129962149752635", "price": "0.996", "size": "27.63", "side": "SELL", "hash": "6a10e0c0a51cdf6c81becc6fe892983f9448d297", "best_bid": "0.931", "best_ask": "0.935"}], "timestamp": "1769384455115", "event_type": "price_change"}}
{"_local_timestamp": "2026-01-25T23:40:55.190680+00:00", "data": {"market": "0x22ac5f75af18fdb453497fbf7ac0606a09a6fd55b78b2d08aace6b946ad62038", "price_changes": [{"asset_id": "97449340182256366014320155718265676486703217567849039806162053075113517266910", "price": "0.011", "size": "19.03", "side": "BUY", "hash": "2c0bf2923f77f969020bbffdbd573873fb69ccba", "best_bid": "0.065", "best_ask": "0.069"}, {"asset_id": "59259495934562596318644973716893809974860301509869285036503555129962149752635", "price": "0.989", "size": "19.03", "side": "SELL", "hash": "04af94d3e877be6a2cb77575b06202107ab8422d", "best_bid": "0.931", "best_ask": "0.935"}], "timestamp": "1769384455116", "event_type": "price_change"}}
{"_local_timestamp": "2026-01-25T23:40:55.373490+00:00", "data": {"market": "0x22ac5f75af18fdb453497fbf7ac0606a09a6fd55b78b2d08aace6b946ad62038", "price_changes": [{"asset_id": "59259495934562596318644973716893809974860301509869285036503555129962149752635", "price": "0.785", "size": "5", "side": "BUY", "hash": "a1a34f1c8ce023251aee81b687338d9c74639bcd", "best_bid": "0.931", "best_ask": "0.935"}, {"asset_id": "97449340182256366014320155718265676486703217567849039806162053075113517266910", "price": "0.215", "size": "5", "side": "SELL", "hash": "c733d51804c95a49695850f1652b4978b2c4f78c", "best_bid": "0.065", "best_ask": "0.069"}], "timestamp": "1769384455297", "event_type": "price_change"}}
{"_local_timestamp": "2026-01-25T23:40:55.701802+00:00", "data": {"market": "0x22ac5f75af18fdb453497fbf7ac0606a09a6fd55b78b2d08aace6b946ad62038", "price_changes": [{"asset_id": "59259495934562596318644973716893809974860301509869285036503555129962149752635", "price": "0.988", "size": "198.88", "side": "SELL", "hash": "4d0984d293a9d4f78d5189896e840123ef8e3e26", "best_bid": "0.931", "best_ask": "0.935"}, {"asset_id": "97449340182256366014320155718265676486703217567849039806162053075113517266910", "price": "0.012", "size": "198.88", "side": "BUY", "hash": "c5e92301d0ea1c7547d41261b1b6fa451bd9194e", "best_bid": "0.065", "best_ask": "0.069"}], "timestamp": "1769384455628", "event_type": "price_change"}}
{"_local_timestamp": "2026-01-25T23:40:56.651324+00:00", "data": {"market": "0x22ac5f75af18fdb453497fbf7ac0606a09a6fd55b78b2d08aace6b946ad62038", "price_changes": [{"asset_id": "97449340182256366014320155718265676486703217567849039806162053075113517266910", "price": "0.004", "size": "20.66", "side": "BUY", "hash": "e71605d22e160610eef4111e99cb614332199a5a", "best_bid": "0.065", "best_ask": "0.069"}, {"asset_id": "59259495934562596318644973716893809974860301509869285036503555129962149752635", "price": "0.996", "size": "20.66", "side": "SELL", "hash": "0bd4c111460bf7f3ed30e5447f263f31c9dd7853", "best_bid": "0.931", "best_ask": "0.935"}], "timestamp": "1769384456578", "event_type": "price_change"}}
{"_local_timestamp": "2026-01-25T23:40:56.657426+00:00", "data": {"market": "0x22ac5f75af18fdb453497fbf7ac0606a09a6fd55b78b2d08aace6b946ad62038", "price_changes": [{"asset_id": "97449340182256366014320155718265676486703217567849039806162053075113517266910", "price": "0.011", "size": "5.29", "side": "BUY", "hash": "e71605d22e160610eef4111e99cb614332199a5a", "best_bid": "0.065", "best_ask": "0.069"}, {"asset_id": "59259495934562596318644973716893809974860301509869285036503555129962149752635", "price": "0.989", "size": "5.29", "side": "SELL", "hash": "0bd4c111460bf7f3ed30e5447f263f31c9dd7853", "best_bid": "0.931", "best_ask": "0.935"}], "timestamp": "1769384456578", "event_type": "price_change"}}
{"_local_timestamp": "2026-01-25T23:40:57.147684+00:00", "data": {"market": "0x22ac5f75af18fdb453497fbf7ac0606a09a6fd55b78b2d08aace6b946ad62038", "price_changes": [{"asset_id": "97449340182256366014320155718265676486703217567849039806162053075113517266910", "price": "0.013", "size": "6.89", "side": "BUY", "hash": "56b02d02b7102a28b753a8ae99e24a21e4268264", "best_bid": "0.065", "best_ask": "0.069"}, {"asset_id": "59259495934562596318644973716893809974860301509869285036503555129962149752635", "price": "0.987", "size": "6.89", "side": "SELL", "hash": "5d33d4e081a123915a08ab32a7fd2c8c14205fb4", "best_bid": "0.931", "best_ask": "0.935"}], "timestamp": "1769384457040", "event_type": "price_change"}}
{"_local_timestamp": "2026-01-25T23:40:57.157458+00:00", "data": {"market": "0x22ac5f75af18fdb453497fbf7ac0606a09a6fd55b78b2d08aace6b946ad62038", "price_changes": [{"asset_id": "97449340182256366014320155718265676486703217567849039806162053075113517266910", "price": "0.013", "size": "13.78", "side": "BUY", "hash": "e31d7d3625cf6ff9ab7a038affbf7f5d47d74b22", "best_bid": "0.065", "best_ask": "0.069"}, {"asset_id": "59259495934562596318644973716893809974860301509869285036503555129962149752635", "price": "0.987", "size": "13.78", "side": "SELL", "hash": "af99d6645d3178a290d4835969dafbf127efa556", "best_bid": "0.931", "best_ask": "0.935"}], "timestamp": "1769384457041", "event_type": "price_change"}}
{"_local_timestamp": "2026-01-25T23:40:58.971849+00:00", "data": {"market": "0x22ac5f75af18fdb453497fbf7ac0606a09a6fd55b78b2d08aace6b946ad62038", "price_changes": [{"asset_id": "97449340182256366014320155718265676486703217567849039806162053075113517266910", "price": "0.011", "size": "0", "side": "BUY", "hash": "c24e0d6101b6b686a0d3b34f65b175580b9ab545", "best_bid": "0.065", "best_ask": "0.069"}, {"asset_id": "59259495934562596318644973716893809974860301509869285036503555129962149752635", "price": "0.989", "size": "0", "side": "SELL", "hash": "f608b5615324c1176807f35f18d0d383916b1904", "best_bid": "0.931", "best_ask": "0.935"}], "timestamp": "1769384458285", "event_type": "price_change"}}
{"_local_timestamp": "2026-01-25T23:40:58.974724+00:00", "data": {"market": "0x22ac5f75af18fdb453497fbf7ac0606a09a6fd55b78b2d08aace6b946ad62038", "price_changes": [{"asset_id": "97449340182256366014320155718265676486703217567849039806162053075113517266910", "price": "0.009", "size": "139.52", "side": "BUY", "hash": "15db261c39bfbd1fb18d652b7f426fccd52982fa", "best_bid": "0.065", "best_ask": "0.069"}, {"asset_id": "59259495934562596318644973716893809974860301509869285036503555129962149752635", "price": "0.991", "size": "139.52", "side": "SELL", "hash": "683e8bfba2e303d2500953adaa777db631baf749", "best_bid": "0.931", "best_ask": "0.935"}], "timestamp": "1769384458614", "event_type": "price_change"}}
{"_local_timestamp": "2026-01-25T23:40:58.987384+00:00", "data": {"market": "0x22ac5f75af18fdb453497fbf7ac0606a09a6fd55b78b2d08aace6b946ad62038", "price_changes": [{"asset_id": "59259495934562596318644973716893809974860301509869285036503555129962149752635", "price": "0.988", "size": "0", "side": "SELL", "hash": "eb42ff53334266441aeba8ac020f0816e0b36c0a", "best_bid": "0.931", "best_ask": "0.935"}, {"asset_id": "97449340182256366014320155718265676486703217567849039806162053075113517266910", "price": "0.012", "size": "0", "side": "BUY", "hash": "6a8af70d6764edec071f472c11c2e8a3b8a31c29", "best_bid": "0.065", "best_ask": "0.069"}], "timestamp": "1769384458921", "event_type": "price_change"}}
{"_local_timestamp": "2026-01-25T23:40:59.856540+00:00", "data": {"market": "0x22ac5f75af18fdb453497fbf7ac0606a09a6fd55b78b2d08aace6b946ad62038", "price_changes": [{"asset_id": "59259495934562596318644973716893809974860301509869285036503555129962149752635", "price": "0.989", "size": "198.88", "side": "SELL", "hash": "c188c48025b936c6716d6c4ee8f96688d2142ef7", "best_bid": "0.931", "best_ask": "0.935"}, {"asset_id": "97449340182256366014320155718265676486703217567849039806162053075113517266910", "price": "0.011", "size": "198.88", "side": "BUY", "hash": "db75df59346279c3c25c2cf0ef0c71c5805955b0", "best_bid": "0.065", "best_ask": "0.069"}], "timestamp": "1769384459788", "event_type": "price_change"}}
{"_local_timestamp": "2026-01-25T23:41:01.136248+00:00", "data": {"market": "0x22ac5f75af18fdb453497fbf7ac0606a09a6fd55b78b2d08aace6b946ad62038", "price_changes": [{"asset_id": "97449340182256366014320155718265676486703217567849039806162053075113517266910", "price": "0.013", "size": "6.89", "side": "BUY", "hash": "266169cb76fd1c3b5599c2e727b2d92d4ae3b363", "best_bid": "0.065", "best_ask": "0.069"}, {"asset_id": "59259495934562596318644973716893809974860301509869285036503555129962149752635", "price": "0.987", "size": "6.89", "side": "SELL", "hash": "e98da895ac0636e4eff15b09a81e8931a8ad186d", "best_bid": "0.931", "best_ask": "0.935"}], "timestamp": "1769384461065", "event_type": "price_change"}}
{"_local_timestamp": "2026-01-25T23:41:01.608505+00:00", "data": {"market": "0x22ac5f75af18fdb453497fbf7ac0606a09a6fd55b78b2d08aace6b946ad62038", "price_changes": [{"asset_id": "97449340182256366014320155718265676486703217567849039806162053075113517266910", "price": "0.012", "size": "7.46", "side": "BUY", "hash": "e69e49e4986c188ee788e3a098490254a7b8be06", "best_bid": "0.065", "best_ask": "0.069"}, {"asset_id": "59259495934562596318644973716893809974860301509869285036503555129962149752635", "price": "0.988", "size": "7.46", "side": "SELL", "hash": "48457ee0adf811a5635573c42671e0ed9d73f31f", "best_bid": "0.931", "best_ask": "0.935"}], "timestamp": "1769384461529", "event_type": "price_change"}}
{"_local_timestamp": "2026-01-25T23:41:02.479258+00:00", "data": {"market": "0x22ac5f75af18fdb453497fbf7ac0606a09a6fd55b78b2d08aace6b946ad62038", "price_changes": [{"asset_id": "97449340182256366014320155718265676486703217567849039806162053075113517266910", "price": "0.013", "size": "0", "side": "BUY", "hash": "7d2783f401edec5eb19ff23e4a6ffbb5d2cf0984", "best_bid": "0.065", "best_ask": "0.069"}, {"asset_id": "59259495934562596318644973716893809974860301509869285036503555129962149752635", "price": "0.987", "size": "0", "side": "SELL", "hash": "5116ed6c212ad83a0f07cf11c09c6ff57726f1d7", "best_bid": "0.931", "best_ask": "0.935"}], "timestamp": "1769384462407", "event_type": "price_change"}}
{"_local_timestamp": "2026-01-25T23:41:02.866832+00:00", "data": {"market": "0x22ac5f75af18fdb453497fbf7ac0606a09a6fd55b78b2d08aace6b946ad62038", "price_changes": [{"asset_id": "97449340182256366014320155718265676486703217567849039806162053075113517266910", "price": "0.012", "size": "14.93", "side": "BUY", "hash": "86a31dcf19f2002dff54e7f8cb4cc20cf7d078bc", "best_bid": "0.065", "best_ask": "0.069"}, {"asset_id": "59259495934562596318644973716893809974860301509869285036503555129962149752635", "price": "0.988", "size": "14.93", "side": "SELL", "hash": "218a335be2cd66e05d33f09c0a94da08e825ddfe", "best_bid": "0.931", "best_ask": "0.935"}], "timestamp": "1769384462787", "event_type": "price_change"}}
{"_local_timestamp": "2026-01-25T23:41:03.332325+00:00", "data": {"market": "0x22ac5f75af18fdb453497fbf7ac0606a09a6fd55b78b2d08aace6b946ad62038", "price_changes": [{"asset_id": "59259495934562596318644973716893809974860301509869285036503555129962149752635", "price": "0.785", "size": "0", "side": "BUY", "hash": "c6142332271aa33e8500ac46af3fb89563d8961b", "best_bid": "0.931", "best_ask": "0.935"}, {"asset_id": "97449340182256366014320155718265676486703217567849039806162053075113517266910", "price": "0.215", "size": "0", "side": "SELL", "hash": "8f43ac67054729ef00182f155da0fe6c173a6a01", "best_bid": "0.065", "best_ask": "0.069"}], "timestamp": "1769384463260", "event_type": "price_change"}}
{"_local_timestamp": "2026-01-25T23:41:03.392445+00:00", "data": {"market": "0x22ac5f75af18fdb453497fbf7ac0606a09a6fd55b78b2d08aace6b946ad62038", "price_changes": [{"asset_id": "59259495934562596318644973716893809974860301509869285036503555129962149752635", "price": "0.989", "size": "0", "side": "SELL", "hash": "8987460d3bc62849376f29575ca9de4040d17038", "best_bid": "0.931", "best_ask": "0.935"}, {"asset_id": "97449340182256366014320155718265676486703217567849039806162053075113517266910", "price": "0.011", "size": "0", "side": "BUY", "hash": "34c0a736f386ae56a94712cb997ededc9b9704d2", "best_bid": "0.065", "best_ask": "0.069"}], "timestamp": "1769384463316", "event_type": "price_change"}}
{"_local_timestamp": "2026-01-25T23:41:03.642651+00:00", "data": {"market": "0x22ac5f75af18fdb453497fbf7ac0606a09a6fd55b78b2d08aace6b946ad62038", "price_changes": [{"asset_id": "59259495934562596318644973716893809974860301509869285036503555129962149752635", "price": "0.785", "size": "5", "side": "BUY", "hash": "2ff5d89d7911f1ab3e8b318c54d1153826be76ac", "best_bid": "0.931", "best_ask": "0.935"}, {"asset_id": "97449340182256366014320155718265676486703217567849039806162053075113517266910", "price": "0.215", "size": "5", "side": "SELL", "hash": "35abbd19583f5660cf49315eb77fbb82abe0e608", "best_bid": "0.065", "best_ask": "0.069"}], "timestamp": "1769384463563", "event_type": "price_change"}}
{"_local_timestamp": "2026-01-25T23:41:04.188709+00:00", "data": {"market": "0x22ac5f75af18fdb453497fbf7ac0606a09a6fd55b78b2d08aace6b946ad62038", "price_changes": [{"asset_id": "97449340182256366014320155718265676486703217567849039806162053075113517266910", "price": "0.009", "size": "133.06", "side": "BUY", "hash": "4126686fbcd48b706bc821e4428a9353926c1928", "best_bid": "0.065", "best_ask": "0.069"}, {"asset_id": "59259495934562596318644973716893809974860301509869285036503555129962149752635", "price": "0.991", "size": "133.06", "side": "SELL", "hash": "7e0f2887d4369002ad6b651cf0bcd92baeb2f29a", "best_bid": "0.931", "best_ask": "0.935"}], "timestamp": "1769384464110", "event_type": "price_change"}}
{"_local_timestamp": "2026-01-25T23:41:04.191410+00:00", "data": {"market": "0x22ac5f75af18fdb453497fbf7ac0606a09a6fd55b78b2d08aace6b946ad62038", "price_changes": [{"asset_id": "97449340182256366014320155718265676486703217567849039806162053075113517266910", "price": "0.012", "size": "7.46", "side": "BUY", "hash": "4126686fbcd48b706bc821e4428a9353926c1928", "best_bid": "0.065", "best_ask": "0.069"}, {"asset_id": "59259495934562596318644973716893809974860301509869285036503555129962149752635", "price": "0.988", "size": "7.46", "side": "SELL", "hash": "7e0f2887d4369002ad6b651cf0bcd92baeb2f29a", "best_bid": "0.931", "best_ask": "0.935"}], "timestamp": "1769384464110", "event_type": "price_change"}}
{"_local_timestamp": "2026-01-25T23:41:04.587700+00:00", "data": {"market": "0x22ac5f75af18fdb453497fbf7ac0606a09a6fd55b78b2d08aace6b946ad62038", "price_changes": [{"asset_id": "97449340182256366014320155718265676486703217567849039806162053075113517266910", "price": "0.011", "size": "6.71", "side": "BUY", "hash": "0e5bcaa5b84ac7147e2e9d0d5bf0aaf0f7b4f998", "best_bid": "0.065", "best_ask": "0.069"}, {"asset_id": "59259495934562596318644973716893809974860301509869285036503555129962149752635", "price": "0.989", "size": "6.71", "side": "SELL", "hash": "4c4e2466769ad13a33d9b04304166c3fc89bb7a7", "best_bid": "0.931", "best_ask": "0.935"}], "timestamp": "1769384464519", "event_type": "price_change"}}
{"_local_timestamp": "2026-01-25T23:41:04.590170+00:00", "data": {"market": "0x22ac5f75af18fdb453497fbf7ac0606a09a6fd55b78b2d08aace6b946ad62038", "price_changes": [{"asset_id": "97449340182256366014320155718265676486703217567849039806162053075113517266910", "price": "0.011", "size": "13.42", "side": "BUY", "hash": "86a186b0e398e6645a3a6c021aa014548c3340bf", "best_bid": "0.065", "best_ask": "0.069"}, {"asset_id": "59259495934562596318644973716893809974860301509869285036503555129962149752635", "price": "0.989", "size": "13.42", "side": "SELL", "hash": "5ce2d595d3b69e46c92ed972c08c5a8c9e0a1ab1", "best_bid": "0.931", "best_ask": "0.935"}], "timestamp": "1769384464520", "event_type": "price_change"}}
{"_local_timestamp": "2026-01-25T23:41:05.511440+00:00", "data": {"market": "0x22ac5f75af18fdb453497fbf7ac0606a09a6fd55b78b2d08aace6b946ad62038", "price_changes": [{"asset_id": "97449340182256366014320155718265676486703217567849039806162053075113517266910", "price": "0.012", "size": "0", "side": "BUY", "hash": "a4bf766a506ce9175e1321d3bf7f6fc2881e7d0d", "best_bid": "0.065", "best_ask": "0.069"}, {"asset_id": "59259495934562596318644973716893809974860301509869285036503555129962149752635", "price": "0.988", "size": "0", "side": "SELL", "hash": "1f8f2bc517a04240df5447cf8932f2a4e72e87b2", "best_bid": "0.931", "best_ask": "0.935"}], "timestamp": "1769384465445", "event_type": "price_change"}}
{"_local_timestamp": "2026-01-25T23:41:05.560319+00:00", "data": {"market": "0x22ac5f75af18fdb453497fbf7ac0606a09a6fd55b78b2d08aace6b946ad62038", "price_changes": [{"asset_id": "59259495934562596318644973716893809974860301509869285036503555129962149752635", "price": "0.987", "size": "198.88", "side": "SELL", "hash": "1d8168df3a91147c5c99852c6d34c9f509e716d9", "best_bid": "0.931", "best_ask": "0.935"}, {"asset_id": "97449340182256366014320155718265676486703217567849039806162053075113517266910", "price": "0.013", "size": "198.88", "side": "BUY", "hash": "bca54b616bacb50825a4e6ca6733fdf7922b3ede", "best_bid": "0.065", "best_ask": "0.069"}], "timestamp": "1769384465492", "event_type": "price_change"}}
{"_local_timestamp": "2026-01-25T23:41:05.895391+00:00", "data": {"market": "0x22ac5f75af18fdb453497fbf7ac0606a09a6fd55b78b2d08aace6b946ad62038", "price_changes": [{"asset_id": "97449340182256366014320155718265676486703217567849039806162053075113517266910", "price": "0.01", "size": "293.42", "side": "BUY", "hash": "eaeab2540d80b3cd4e9e1a792f5ba1beabd2e8d8", "best_bid": "0.065", "best_ask": "0.069"}, {"asset_id": "59259495934562596318644973716893809974860301509869285036503555129962149752635", "price": "0.99", "size": "293.42", "side": "SELL", "hash": "ff02815c9c7995ee7fe03fc252cf659764bbabbf", "best_bid": "0.931", "best_ask": "0.935"}], "timestamp": "1769384465819", "event_type": "price_change"}}
{"_local_timestamp": "2026-01-25T23:41:06.972427+00:00", "data": {"market": "0x22ac5f75af18fdb453497fbf7ac0606a09a6fd55b78b2d08aace6b946ad62038", "price_changes": [{"asset_id": "97449340182256366014320155718265676486703217567849039806162053075113517266910", "price": "0.01", "size": "284.45", "side": "BUY", "hash": "e23d9f8abeafe95953943d5cda189903fdf64a9e", "best_bid": "0.065", "best_ask": "0.069"}, {"asset_id": "59259495934562596318644973716893809974860301509869285036503555129962149752635", "price": "0.99", "size": "284.45", "side": "SELL", "hash": "d8c7eede2c6b51077b9bf3f3ce8a382cae8f7ccc", "best_bid": "0.931", "best_ask": "0.935"}], "timestamp": "1769384466882", "event_type": "price_change"}}
{"_local_timestamp": "2026-01-25T23:41:07.012748+00:00", "data": {"market": "0x22ac5f75af18fdb453497fbf7ac0606a09a6fd55b78b2d08aace6b946ad62038", "price_changes": [{"asset_id": "97449340182256366014320155718265676486703217567849039806162053075113517266910", "price": "0.011", "size": "6.71", "side": "BUY", "hash": "e23d9f8abeafe95953943d5cda189903fdf64a9e", "best_bid": "0.065", "best_ask": "0.069"}, {"asset_id": "59259495934562596318644973716893809974860301509869285036503555129962149752635", "price": "0.989", "size": "6.71", "side": "SELL", "hash": "d8c7eede2c6b51077b9bf3f3ce8a382cae8f7ccc", "best_bid": "0.931", "best_ask": "0.935"}], "timestamp": "1769384466882", "event_type": "price_change"}}
{"_local_timestamp": "2026-01-25T23:41:07.343548+00:00", "data": {"market": "0x22ac5f75af18fdb453497fbf7ac0606a09a6fd55b78b2d08aace6b946ad62038", "price_changes": [{"asset_id": "97449340182256366014320155718265676486703217567849039806162053075113517266910", "price": "0.014", "size": "5.84", "side": "BUY", "hash": "8fe139d908177aa53314a4d891c2e47c0a6ec3bb", "best_bid": "0.065", "best_ask": "0.069"}, {"asset_id": "59259495934562596318644973716893809974860301509869285036503555129962149752635", "price": "0.986", "size": "5.84", "side": "SELL", "hash": "f295d18adbec15099d4cc1761e3d976931e48822", "best_bid": "0.931", "best_ask": "0.935"}], "timestamp": "1769384467271", "event_type": "price_change"}}
{"_local_timestamp": "2026-01-25T23:41:07.346008+00:00", "data": {"market": "0x22ac5f75af18fdb453497fbf7ac0606a09a6fd55b78b2d08aace6b946ad62038", "price_changes": [{"asset_id": "97449340182256366014320155718265676486703217567849039806162053075113517266910", "price": "0.014", "size": "11.68", "side": "BUY", "hash": "ef35e8c42e41fa542a5b47c872d989dfa0f432be", "best_bid": "0.065", "best_ask": "0.069"}, {"asset_id": "59259495934562596318644973716893809974860301509869285036503555129962149752635", "price": "0.986", "size": "11.68", "side": "SELL", "hash": "eab2707ac5392978385fb4f8c93ad9c23de89513", "best_bid": "0.931", "best_ask": "0.935"}], "timestamp": "1769384467272", "event_type": "price_change"}}
{"_local_timestamp": "2026-01-25T23:41:07.806422+00:00", "data": {"market": "0x22ac5f75af18fdb453497fbf7ac0606a09a6fd55b78b2d08aace6b946ad62038", "price_changes": [{"asset_id": "59259495934562596318644973716893809974860301509869285036503555129962149752635", "price": "0.987", "size": "0", "side": "SELL", "hash": "de27e18b9d924a4d176c8a72af1162796f42e99f", "best_bid": "0.931", "best_ask": "0.935"}, {"asset_id": "97449340182256366014320155718265676486703217567849039806162053075113517266910", "price": "0.013", "size": "0", "side": "BUY", "hash": "21ceb0a3e28926613e0a6fdbe9e2f337121121d8", "best_bid": "0.065", "best_ask": "0.069"}], "timestamp": "1769384467739", "event_type": "price_change"}}
{"_local_timestamp": "2026-01-25T23:41:07.838072+00:00", "data": {"market": "0x22ac5f75af18fdb453497fbf7ac0606a09a6fd55b78b2d08aace6b946ad62038", "price_changes": [{"asset_id": "97449340182256366014320155718265676486703217567849039806162053075113517266910", "price": "0.011", "size": "0", "side": "BUY", "hash": "1b9d1c4a78889c0eb23cd458ae2a5f6353d85319", "best_bid": "0.065", "best_ask": "0.069"}, {"asset_id": "59259495934562596318644973716893809974860301509869285036503555129962149752635", "price": "0.989", "size": "0", "side": "SELL", "hash": "f59d23051e95cdb05660962addac6df93bd9c1b9", "best_bid": "0.931", "best_ask": "0.935"}], "timestamp": "1769384467755", "event_type": "price_change"}}
{"_local_timestamp": "2026-01-25T23:41:08.196030+00:00", "data": {"market": "0x22ac5f75af18fdb453497fbf7ac0606a09a6fd55b78b2d08aace6b946ad62038", "price_changes": [{"asset_id": "97449340182256366014320155718265676486703217567849039806162053075113517266910", "price": "0.011", "size": "6.71", "side": "BUY", "hash": "06f6d0fda046428c4e92ed009ff514e381449c9f", "best_bid": "0.065", "best_ask": "0.069"}, {"asset_id": "59259495934562596318644973716893809974860301509869285036503555129962149752635", "price": "0.989", "size": "6.71", "side": "SELL", "hash": "fbf78af3383711dbf61c8a15f4af972611d9c91f", "best_bid": "0.931", "best_ask": "0.935"}], "timestamp": "1769384468128", "event_type": "price_change"}}
{"_local_timestamp": "2026-01-25T23:41:08.685140+00:00", "data": {"market": "0x22ac5f75af18fdb453497fbf7ac0606a09a6fd55b78b2d08aace6b946ad62038", "price_changes": [{"asset_id": "97449340182256366014320155718265676486703217567849039806162053075113517266910", "price": "0.014", "size": "5.84", "side": "BUY", "hash": "4ffb248fafa5fe9baa7ce5833c34056af648f3cf", "best_bid": "0.065", "best_ask": "0.069"}, {"asset_id": "59259495934562596318644973716893809974860301509869285036503555129962149752635", "price": "0.986", "size": "5.84", "side": "SELL", "hash": "c6d611a7e2b0bd4476f053012cfdf1a72fdd9521", "best_bid": "0.931", "best_ask": "0.935"}], "timestamp": "1769384468616", "event_type": "price_change"}}
{"_local_timestamp": "2026-01-25T23:41:09.140314+00:00", "data": {"market": "0x22ac5f75af18fdb453497fbf7ac0606a09a6fd55b78b2d08aace6b946ad62038", "price_changes": [{"asset_id": "97449340182256366014320155718265676486703217567849039806162053075113517266910", "price": "0.011", "size": "14.14", "side": "BUY", "hash": "8b51689567a53b464172dbdfb95efd8e52717c2f", "best_bid": "0.065", "best_ask": "0.069"}, {"asset_id": "59259495934562596318644973716893809974860301509869285036503555129962149752635", "price": "0.989", "size": "14.14", "side": "SELL", "hash": "31a54306d44c34199badff9c99378dede90695bf", "best_bid": "0.931", "best_ask": "0.935"}], "timestamp": "1769384469064", "event_type": "price_change"}}
{"_local_timestamp": "2026-01-25T23:41:10.191003+00:00", "data": {"market": "0x22ac5f75af18fdb453497fbf7ac0606a09a6fd55b78b2d08aace6b946ad62038", "price_changes": [{"asset_id": "59259495934562596318644973716893809974860301509869285036503555129962149752635", "price": "0.988", "size": "198.88", "side": "SELL", "hash": "01315a051b3659264c9770b348a9eb79bc912b74", "best_bid": "0.931", "best_ask": "0.935"}, {"asset_id": "97449340182256366014320155718265676486703217567849039806162053075113517266910", "price": "0.012", "size": "198.88", "side": "BUY", "hash": "eee88080feb52c2a206dbfd4811071347d77f06e", "best_bid": "0.065", "best_ask": "0.069"}], "timestamp": "1769384470110", "event_type": "price_change"}}
{"_local_timestamp": "2026-01-25T23:41:10.311019+00:00", "data": {"market": "0x22ac5f75af18fdb453497fbf7ac0606a09a6fd55b78b2d08aace6b946ad62038", "price_changes": [{"asset_id": "97449340182256366014320155718265676486703217567849039806162053075113517266910", "price": "0.014", "size": "0", "side": "BUY", "hash": "e369c899b0305a2d0de104e7a170743967f1a3fb", "best_bid": "0.065", "best_ask": "0.069"}, {"asset_id": "59259495934562596318644973716893809974860301509869285036503555129962149752635", "price": "0.986", "size": "0", "side": "SELL", "hash": "93948aa0d15decb4224fe07963be55e5d8b0c622", "best_bid": "0.931", "best_ask": "0.935"}], "timestamp": "1769384470242", "event_type": "price_change"}}
{"_local_timestamp": "2026-01-25T23:41:10.595152+00:00", "data": {"market": "0x22ac5f75af18fdb453497fbf7ac0606a09a6fd55b78b2d08aace6b946ad62038", "price_changes": [{"asset_id": "97449340182256366014320155718265676486703217567849039806162053075113517266910", "price": "0.009", "size": "142.14", "side": "BUY", "hash": "fd45c271df6b5dff6140a0f0ac41f80c8de8946b", "best_bid": "0.065", "best_ask": "0.069"}, {"asset_id": "59259495934562596318644973716893809974860301509869285036503555129962149752635", "price": "0.991", "size": "142.14", "side": "SELL", "hash": "2dc9487649d0e0d2f63601868b4638e0ffef4e9f", "best_bid": "0.931", "best_ask": "0.935"}], "timestamp": "1769384470516", "event_type": "price_change"}}
{"_local_timestamp": "2026-01-25T23:41:11.960648+00:00", "data": {"market": "0x22ac5f75af18fdb453497fbf7ac0606a09a6fd55b78b2d08aace6b946ad62038", "price_changes": [{"asset_id": "97449340182256366014320155718265676486703217567849039806162053075113517266910", "price": "0.011", "size": "6.71", "side": "BUY", "hash": "1346705c4965df532d777b4f4abb703d1b2488e0", "best_bid": "0.065", "best_ask": "0.069"}, {"asset_id": "59259495934562596318644973716893809974860301509869285036503555129962149752635", "price": "0.989", "size": "6.71", "side": "SELL", "hash": "eb2265edd6551b54f0a6fe38e6c6630572949ab1", "best_bid": "0.931", "best_ask": "0.935"}], "timestamp": "1769384471891", "event_type": "price_change"}}
{"_local_timestamp": "2026-01-25T23:41:12.383920+00:00", "data": {"market": "0x22ac5f75af18fdb453497fbf7ac0606a09a6fd55b78b2d08aace6b946ad62038", "price_changes": [{"asset_id": "97449340182256366014320155718265676486703217567849039806162053075113517266910", "price": "0.013", "size": "6.29", "side": "BUY", "hash": "c37a85434746f2144be7eaacc626c8c8b3ba1817", "best_bid": "0.065", "best_ask": "0.069"}, {"asset_id": "59259495934562596318644973716893809974860301509869285036503555129962149752635", "price": "0.987", "size": "6.29", "side": "SELL", "hash": "d9a428c2018f5317f690ecc30644494371060770", "best_bid": "0.931", "best_ask": "0.935"}], "timestamp": "1769384472315", "event_type": "price_change"}}
{"_local_timestamp": "2026-01-25T23:41:12.698453+00:00", "data": {"market": "0x22ac5f75af18fdb453497fbf7ac0606a09a6fd55b78b2d08aace6b946ad62038", "price_changes": [{"asset_id": "59259495934562596318644973716893809974860301509869285036503555129962149752635", "price": "0.785", "size": "0", "side": "BUY", "hash": "9c8e7c53cae42e34182566348e66b030d7fc5d43", "best_bid": "0.931", "best_ask": "0.935"}, {"asset_id": "97449340182256366014320155718265676486703217567849039806162053075113517266910", "price": "0.215", "size": "0", "side": "SELL", "hash": "96fb18bf05aba892c9ed1ddea56c585969eb2ac3", "best_bid": "0.065", "best_ask": "0.069"}], "timestamp": "1769384472625", "event_type": "price_change"}}
{"_local_timestamp": "2026-01-25T23:41:13.176340+00:00", "data": {"market": "0x22ac5f75af18fdb453497fbf7ac0606a09a6fd55b78b2d08aace6b946ad62038", "price_changes": [{"asset_id": "59259495934562596318644973716893809974860301509869285036503555129962149752635", "price": "0.785", "size": "5", "side": "BUY", "hash": "bbff06cc279d7a00bcab97b1d206dea80b8990d7", "best_bid": "0.931", "best_ask": "0.935"}, {"asset_id": "97449340182256366014320155718265676486703217567849039806162053075113517266910", "price": "0.215", "size": "5", "side": "SELL", "hash": "7bd7dfe1643b12858c5f9fbdbf5c24f4e20cef80", "best_bid": "0.065", "best_ask": "0.069"}], "timestamp": "1769384473101", "event_type": "price_change"}}
{"_local_timestamp": "2026-01-25T23:41:13.298021+00:00", "data": {"market": "0x22ac5f75af18fdb453497fbf7ac0606a09a6fd55b78b2d08aace6b946ad62038", "price_changes": [{"asset_id": "97449340182256366014320155718265676486703217567849039806162053075113517266910", "price": "0.011", "size": "0", "side": "BUY", "hash": "2a743ebca619c3b770fdbd05b6cacbfeab6d09f9", "best_bid": "0.065", "best_ask": "0.069"}, {"asset_id": "59259495934562596318644973716893809974860301509869285036503555129962149752635", "price": "0.989", "size": "0", "side": "SELL", "hash": "d2aec7c4b1e3f11ece1560e4460575bf02523856", "best_bid": "0.931", "best_ask": "0.935"}], "timestamp": "1769384473227", "event_type": "price_change"}}
{"_local_timestamp": "2026-01-25T23:41:13.812957+00:00", "data": {"market": "0x22ac5f75af18fdb453497fbf7ac0606a09a6fd55b78b2d08aace6b946ad62038", "price_changes": [{"asset_id": "97449340182256366014320155718265676486703217567849039806162053075113517266910", "price": "0.013", "size": "11.97", "side": "BUY", "hash": "4ada0a24cb37b6689c109ef41893524e206b2f24", "best_bid": "0.065", "best_ask": "0.069"}, {"asset_id": "59259495934562596318644973716893809974860301509869285036503555129962149752635", "price": "0.987", "size": "11.97", "side": "SELL", "hash": "716b1f03f5181c6935a96aca2af29d5387f8db35", "best_bid": "0.931", "best_ask": "0.935"}], "timestamp": "1769384473738", "event_type": "price_change"}}
{"_local_timestamp": "2026-01-25T23:41:14.550444+00:00", "data": {"market": "0x22ac5f75af18fdb453497fbf7ac0606a09a6fd55b78b2d08aace6b946ad62038", "price_changes": [{"asset_id": "59259495934562596318644973716893809974860301509869285036503555129962149752635", "price": "0.988", "size": "0", "side": "SELL", "hash": "5efe4ad117dd8fa057ec0af60c04da7b320315c0", "best_bid": "0.931", "best_ask": "0.935"}, {"asset_id": "97449340182256366014320155718265676486703217567849039806162053075113517266910", "price": "0.012", "size": "0", "side": "BUY", "hash": "3b6118d6b1da6ed09833b9119ff6af1972d3f743", "best_bid": "0.065", "best_ask": "0.069"}], "timestamp": "1769384474478", "event_type": "price_change"}}
{"_local_timestamp": "2026-01-25T23:41:15.291674+00:00", "data": {"market": "0x22ac5f75af18fdb453497fbf7ac0606a09a6fd55b78b2d08aace6b946ad62038", "price_changes": [{"asset_id": "97449340182256366014320155718265676486703217567849039806162053075113517266910", "price": "0.009", "size": "133.06", "side": "BUY", "hash": "a492f5d90daf7cd5b0074d977f5573a9292d575e", "best_bid": "0.065", "best_ask": "0.069"}, {"asset_id": "59259495934562596318644973716893809974860301509869285036503555129962149752635", "price": "0.991", "size": "133.06", "side": "SELL", "hash": "bc2820556df8ea0b1e55cf9f6d7f50905c63b336", "best_bid": "0.931", "best_ask": "0.935"}], "timestamp": "1769384475219", "event_type": "price_change"}}
{"_local_timestamp": "2026-01-25T23:41:15.294242+00:00", "data": {"market": "0x22ac5f75af18fdb453497fbf7ac0606a09a6fd55b78b2d08aace6b946ad62038", "price_changes": [{"asset_id": "97449340182256366014320155718265676486703217567849039806162053075113517266910", "price": "0.013", "size": "5.68", "side": "BUY", "hash": "a492f5d90daf7cd5b0074d977f5573a9292d575e", "best_bid": "0.065", "best_ask": "0.069"}, {"asset_id": "59259495934562596318644973716893809974860301509869285036503555129962149752635", "price": "0.987", "size": "5.68", "side": "SELL", "hash": "bc2820556df8ea0b1e55cf9f6d7f50905c63b336", "best_bid": "0.931", "best_ask": "0.935"}], "timestamp": "1769384475219", "event_type": "price_change"}}
{"_local_timestamp": "2026-01-25T23:41:15.739129+00:00", "data": {"market": "0x22ac5f75af18fdb453497fbf7ac0606a09a6fd55b78b2d08aace6b946ad62038", "price_changes": [{"asset_id": "97449340182256366014320155718265676486703217567849039806162053075113517266910", "price": "0.011", "size": "7.43", "side": "BUY", "hash": "3343a2610d1ef371f1753f3fd16919f10e246e25", "best_bid": "0.065", "best_ask": "0.069"}, {"asset_id": "59259495934562596318644973716893809974860301509869285036503555129962149752635", "price": "0.989", "size": "7.43", "side": "SELL", "hash": "f461539be67fbbe45573a91ad511074e73e2cd69", "best_bid": "0.931", "best_ask": "0.935"}], "timestamp": "1769384475661", "event_type": "price_change"}}
{"_local_timestamp": "2026-01-25T23:41:15.743627+00:00", "data": {"market": "0x22ac5f75af18fdb453497fbf7ac0606a09a6fd55b78b2d08aace6b946ad62038", "price_changes": [{"asset_id": "97449340182256366014320155718265676486703217567849039806162053075113517266910", "price": "0.011", "size": "14.86", "side": "BUY", "hash": "17726569d80a6ae922e229e75a3328eae5abcacc", "best_bid": "0.065", "best_ask": "0.069"}, {"asset_id": "59259495934562596318644973716893809974860301509869285036503555129962149752635", "price": "0.989", "size": "14.86", "side": "SELL", "hash": "dac3043435e9b9b35e983b10439e096c9e248307", "best_bid": "0.931", "best_ask": "0.935"}], "timestamp": "1769384475662", "event_type": "price_change"}}
{"_local_timestamp": "2026-01-25T23:41:16.024366+00:00", "data": {"market": "0x22ac5f75af18fdb453497fbf7ac0606a09a6fd55b78b2d08aace6b946ad62038", "price_changes": [{"asset_id": "59259495934562596318644973716893809974860301509869285036503555129962149752635", "price": "0.989", "size": "213.74", "side": "SELL", "hash": "de23dd63d1d8585c0666476d67718425b10ce1b7", "best_bid": "0.931", "best_ask": "0.935"}, {"asset_id": "97449340182256366014320155718265676486703217567849039806162053075113517266910", "price": "0.011", "size": "213.74", "side": "BUY", "hash": "fafdc0499b18c74368779518571c2aa5f5b4398b", "best_bid": "0.065", "best_ask": "0.069"}], "timestamp": "1769384475947", "event_type": "price_change"}}
{"_local_timestamp": "2026-01-25T23:41:17.431801+00:00", "data": {"market": "0x22ac5f75af18fdb453497fbf7ac0606a09a6fd55b78b2d08aace6b946ad62038", "price_changes": [{"asset_id": "97449340182256366014320155718265676486703217567849039806162053075113517266910", "price": "0.011", "size": "206.31", "side": "BUY", "hash": "2f3f25a83cef1394d0af6f30983fd9b152544edc", "best_bid": "0.065", "best_ask": "0.069"}, {"asset_id": "59259495934562596318644973716893809974860301509869285036503555129962149752635", "price": "0.989", "size": "206.31", "side": "SELL", "hash": "f31f128986ee9d80fedb039d0988a77a56748250", "best_bid": "0.931", "best_ask": "0.935"}], "timestamp": "1769384477363", "event_type": "price_change"}}
{"_local_timestamp": "2026-01-25T23:41:17.434950+00:00", "data": {"market": "0x22ac5f75af18fdb453497fbf7ac0606a09a6fd55b78b2d08aace6b946ad62038", "price_changes": [{"asset_id": "97449340182256366014320155718265676486703217567849039806162053075113517266910", "price": "0.013", "size": "0", "side": "BUY", "hash": "2f3f25a83cef1394d0af6f30983fd9b152544edc", "best_bid": "0.065", "best_ask": "0.069"}, {"asset_id": "59259495934562596318644973716893809974860301509869285036503555129962149752635", "price": "0.987", "size": "0", "side": "SELL", "hash": "f31f128986ee9d80fedb039d0988a77a56748250", "best_bid": "0.931", "best_ask": "0.935"}], "timestamp": "1769384477363", "event_type": "price_change"}}
{"_local_timestamp": "2026-01-25T23:41:17.852880+00:00", "data": {"market": "0x22ac5f75af18fdb453497fbf7ac0606a09a6fd55b78b2d08aace6b946ad62038", "price_changes": [{"asset_id": "59259495934562596318644973716893809974860301509869285036503555129962149752635", "price": "0.989", "size": "7.43", "side": "SELL", "hash": "2892b5b34a2fe1d2358b26a852d6759dd2f1e24c", "best_bid": "0.931", "best_ask": "0.935"}, {"asset_id": "97449340182256366014320155718265676486703217567849039806162053075113517266910", "price": "0.011", "size": "7.43", "side": "BUY", "hash": "9d30219656b6309e7057176c0396f2c2ee1a8ffa", "best_bid": "0.065", "best_ask": "0.069"}], "timestamp": "1769384477738", "event_type": "price_change"}}
{"_local_timestamp": "2026-01-25T23:41:17.920418+00:00", "data": {"market": "0x22ac5f75af18fdb453497fbf7ac0606a09a6fd55b78b2d08aace6b946ad62038", "price_changes": [{"asset_id": "97449340182256366014320155718265676486703217567849039806162053075113517266910", "price": "0.012", "size": "6.48", "side": "BUY", "hash": "f461d5de808ef1a9b24396b988e9955ffc644013", "best_bid": "0.065", "best_ask": "0.069"}, {"asset_id": "59259495934562596318644973716893809974860301509869285036503555129962149752635", "price": "0.988", "size": "6.48", "side": "SELL", "hash": "96a4f67722a89fb377d5b5740242642bb5a3fe0a", "best_bid": "0.931", "best_ask": "0.935"}], "timestamp": "1769384477786", "event_type": "price_change"}}
{"_local_timestamp": "2026-01-25T23:41:17.923270+00:00", "data": {"market": "0x22ac5f75af18fdb453497fbf7ac0606a09a6fd55b78b2d08aace6b946ad62038", "price_changes": [{"asset_id": "97449340182256366014320155718265676486703217567849039806162053075113517266910", "price": "0.012", "size": "12.96", "side": "BUY", "hash": "7d781e40e5d370a87d3a3167fbae90548c2d81e8", "best_bid": "0.065", "best_ask": "0.069"}, {"asset_id": "59259495934562596318644973716893809974860301509869285036503555129962149752635", "price": "0.988", "size": "12.96", "side": "SELL", "hash": "d16372ed06cccf6758c15ba1f4ca6b145950194c", "best_bid": "0.931", "best_ask": "0.935"}], "timestamp": "1769384477787", "event_type": "price_change"}}
{"_local_timestamp": "2026-01-25T23:41:19.065509+00:00", "data": {"market": "0x22ac5f75af18fdb453497fbf7ac0606a09a6fd55b78b2d08aace6b946ad62038", "price_changes": [{"asset_id": "97449340182256366014320155718265676486703217567849039806162053075113517266910", "price": "0.012", "size": "6.48", "side": "BUY", "hash": "7f43378260ef51f487903c828e07f22d030d8079", "best_bid": "0.065", "best_ask": "0.069"}, {"asset_id": "59259495934562596318644973716893809974860301509869285036503555129962149752635", "price": "0.988", "size": "6.48", "side": "SELL", "hash": "cb70318252daa62e1c6830c81fd1ff91913917b0", "best_bid": "0.931", "best_ask": "0.935"}], "timestamp": "1769384478992", "event_type": "price_change"}}
{"_local_timestamp": "2026-01-25T23:41:19.521589+00:00", "data": {"market": "0x22ac5f75af18fdb453497fbf7ac0606a09a6fd55b78b2d08aace6b946ad62038", "price_changes": [{"asset_id": "59259495934562596318644973716893809974860301509869285036503555129962149752635", "price": "0.988", "size": "205.36", "side": "SELL", "hash": "03e9e0a1a522a45af9e7198efe4bf7820477249b", "best_bid": "0.931", "best_ask": "0.935"}, {"asset_id": "97449340182256366014320155718265676486703217567849039806162053075113517266910", "price": "0.012", "size": "205.36", "side": "BUY", "hash": "c8082b74f186e8077ba540531366a81c690bb58d", "best_bid": "0.065", "best_ask": "0.069"}], "timestamp": "1769384479447", "event_type": "price_change"}}
{"_local_timestamp": "2026-01-25T23:41:19.557182+00:00", "data": {"market": "0x22ac5f75af18fdb453497fbf7ac0606a09a6fd55b78b2d08aace6b946ad62038", "price_changes": [{"asset_id": "97449340182256366014320155718265676486703217567849039806162053075113517266910", "price": "0.011", "size": "14.5", "side": "BUY", "hash": "0df462946a0693e4f71a83ae7ee2cd4d149ce080", "best_bid": "0.065", "best_ask": "0.069"}, {"asset_id": "59259495934562596318644973716893809974860301509869285036503555129962149752635", "price": "0.989", "size": "14.5", "side": "SELL", "hash": "cabea6c4151779852573f941bd15fca703a3d6c6", "best_bid": "0.931", "best_ask": "0.935"}], "timestamp": "1769384479481", "event_type": "price_change"}}
{"_local_timestamp": "2026-01-25T23:41:20.601694+00:00", "data": {"market": "0x22ac5f75af18fdb453497fbf7ac0606a09a6fd55b78b2d08aace6b946ad62038", "price_changes": [{"asset_id": "59259495934562596318644973716893809974860301509869285036503555129962149752635", "price": "0.988", "size": "6.48", "side": "SELL", "hash": "95c9f4837fc2afd97c57c2a7cfb91798b729e532", "best_bid": "0.931", "best_ask": "0.935"}, {"asset_id": "97449340182256366014320155718265676486703217567849039806162053075113517266910", "price": "0.012", "size": "6.48", "side": "BUY", "hash": "05ed7471364593a100fb0b7b8f46b5c656d91a78", "best_bid": "0.065", "best_ask": "0.069"}], "timestamp": "1769384480531", "event_type": "price_change"}}
