{"_local_timestamp": "2026-01-25T23:33:25.837948+00:00", "data": [{"market": "0x47dae10c137aed5c59e42319fabd1501733b45208b724129620b614222cb3c9e", "asset_id": "87726306233867174895916877369821121775472954680372928690435002065237468144594", "timestamp": "1769384004280", "hash": "c57d847c2b9cd34c39923ab95734de7471cb07d5", "bids": [{"price": "0.01", "size": "9261.83"}, {"price": "0.02", "size": "3521"}, {"price": "0.03", "size": "11.05"}, {"price": "0.1", "size": "205.5"}, {"price": "0.11", "size": "364"}, {"price": "0.12", "size": "374.02"}, {"price": "0.15", "size": "200"}, {"price": "0.17", "size": "76.44"}, {"price": "0.18", "size": "112"}, {"price": "0.24", "size": "54.16"}, {"price": "0.25", "size": "58.44"}, {"price": "0.26", "size": "39"}, {"price": "0.29", "size": "71"}, {"price": "0.3", "size": "47"}, {"price": "0.31", "size": "17"}, {"price": "0.32", "size": "14.44"}], "asks": [{"price": "0.99", "size": "6760.83"}, {"price": "0.98", "size": "250"}, {"price": "0.97", "size": "4332.66"}, {"price": "0.96", "size": "9.82"}, {"price": "0.95", "size": "10"}, {"price": "0.94", "size": "8.31"}, {"price": "0.86", "size": "291.16"}, {"price": "0.84", "size": "150"}, {"price": "0.78", "size": "116.66"}, {"price": "0.74", "size": "10"}, {"price": "0.72", "size": "7"}, {"price": "0.65", "size": "28.29"}, {"price": "0.63", "size": "20"}, {"price": "0.62", "size": "34.21"}, {"price": "0.6", "size": "27.5"}, {"price": "0.58", "size": "96.66"}, {"price": "0.57", "size": "23"}], "event_type": "book", "last_trade_price": "0.360"}, {"market": "0x47dae10c137aed5c59e42319fabd1501733b45208b724129620b614222cb3c9e", "asset_id": "108259029989756390071753019240339637279033020549311423369246569675248825915713", "timestamp": "1769384004280", "hash": "f35149b8138b3c59e3f89a5ea1128290207a1d18", "bids": [{"price": "0.01", "size": "6760.83"}, {"price": "0.02", "size": "250"}, {"price": "0.03", "size": "4332.66"}, {"price": "0.04", "size": "9.82"}, {"price": "0.05", "size": "10"}, {"price": "0.06", "size": "8.31"}, {"price": "0.14", "size": "291.16"}, {"price": "0.16", "size": "150"}, {"price": "0.22", "size": "116.66"}, {"price": "0.26", "size": "10"}, {"price": "0.28", "size": "7"}, {"price": "0.35", "size": "28.29"}, {"price": "0.37", "size": "20"}, {"price": "0.38", "size": "34.21"}, {"price": "0.4", "size": "27.5"}, {"price": "0.42", "size": "96.66"}, {"price": "0.43", "size": "23"}], "asks": [{"price": "0.99", "size": "9261.83"}, {"price": "0.98", "size": "3521"}, {"price": "0.97", "size": "11.05"}, {"price": "0.9", "size": "205.5"}, {"price": "0.89", "size": "364"}, {"price": "0.88", "size": "374.02"}, {"price": "0.85", "size": "200"}, {"price": "0.83", "size": "76.44"}, {"price": "0.82", "size": "112"}, {"price": "0.76", "size": "54.16"}, {"price": "0.75", "size": "58.44"}, {"price": "0.74", "size": "39"}, {"price": "0.71", "size": "71"}, {"price": "0.7", "size": "47"}, {"price": "0.69", "size": "17"}, {"price": "0.68", "size": "14.44"}], "event_type": "book", "last_trade_price": "0.360"}]}
{"_local_timestamp": "2026-01-25T23:33:37.922994+00:00", "data": {"market": "0x47dae10c137aed5c59e42319fabd1501733b45208b724129620b614222cb3c9e", "price_changes": [{"asset_id": "108259029989756390071753019240339637279033020549311423369246569675248825915713", "price": "0.01", "size": "6750", "side": "BUY", "hash": "c7ba5287b680dd636fb0651116dcd96dbfb098d2", "best_bid": "0.43", "best_ask": "0.68"}, {"asset_id": "87726306233867174895916877369821121775472954680372928690435002065237468144594", "price": "0.99", "size": "6750", "side": "SELL", "hash": "67dc7835b39678c1a5b6dec0651a94acc11c82ba", "best_bid": "0.32", "best_ask": "0.57"}], "timestamp": "1769384017845", "event_type": "price_change"}}
{"_local_timestamp": "2026-01-25T23:33:38.272766+00:00", "data": {"market": "0x47dae10c137aed5c59e42319fabd1501733b45208b724129620b614222cb3c9e", "price_changes": [{"asset_id": "108259029989756390071753019240339637279033020549311423369246569675248825915713", "price": "0.01", "size": "6760.86", "side": "BUY", "hash": "f165cf2233b8b78cbaf58b9813e903e8f7aff393", "best_bid": "0.43", "best_ask": "0.68"}, {"asset_id": "87726306233867174895916877369821121775472954680372928690435002065237468144594", "price": "0.99", "size": "6760.86", "side": "SELL", "hash": "e16aa93a3383ad6be13f6f775c0bbcbdc1f4955d", "best_bid": "0.32", "best_ask": "0.57"}], "timestamp": "1769384018200", "event_type": "price_change"}}
{"_local_timestamp": "2026-01-25T23:33:38.351429+00:00", "data": {"market": "0x47dae10c137aed5c59e42319fabd1501733b45208b724129620b614222cb3c9e", "price_changes": [{"asset_id": "87726306233867174895916877369821121775472954680372928690435002065237468144594", "price": "0.1", "size": "200", "side": "BUY", "hash": "d09c2b05921da6d45e62cba8f8ff61e42c8c0d53", "best_bid": "0.32", "best_ask": "0.57"}, {"asset_id": "108259029989756390071753019240339637279033020549311423369246569675248825915713", "price": "0.9", "size": "200", "side": "SELL", "hash": "9b18bebd3b7f5eb18961c50f669b94169c8f3b01", "best_bid": "0.43", "best_ask": "0.68"}], "timestamp": "1769384018271", "event_type": "price_change"}}
{"_local_timestamp": "2026-01-25T23:33:38.709206+00:00", "data": {"market": "0x47dae10c137aed5c59e42319fabd1501733b45208b724129620b614222cb3c9e", "price_changes": [{"asset_id": "87726306233867174895916877369821121775472954680372928690435002065237468144594", "price": "0.03", "size": "29.39", "side": "BUY", "hash": "30ef6bda7e0016f1936076e55e2a7570ab32ab32", "best_bid": "0.32", "best_ask": "0.57"}, {"asset_id": "108259029989756390071753019240339637279033020549311423369246569675248825915713", "price": "0.97", "size": "29.39", "side": "SELL", "hash": "67acefede08915a70cc2761b43451692c05509dd", "best_bid": "0.43", "best_ask": "0.68"}], "timestamp": "1769384018635", "event_type": "price_change"}}
