{"_local_timestamp": "2026-01-25T23:40:49.731046+00:00", "data": [{"market": "0x1015d806e33eebde7edb0762f1197051575f6286b5f06261d8e4ff4d34c90697", "asset_id": "38811313559753229260784307238331767267556778943568467360862733466604979911236", "timestamp": "1769384443993", "hash": "579ca382dd28a63b5aaf9d86fe406ba07d1f8d20", "bids": [{"price": "0.01", "size": "113464.21"}, {"price": "0.02", "size": "8500"}, {"price": "0.03", "size": "5000"}, {"price": "0.04", "size": "6656.48"}, {"price": "0.05", "size": "3030"}, {"price": "0.06", "size": "283"}, {"price": "0.09", "size": "600"}, {"price": "0.1", "size": "110"}, {"price": "0.11", "size": "5.44"}, {"price": "0.14", "size": "242.85"}, {"price": "0.15", "size": "1050"}, {"price": "0.16", "size": "1400"}, {"price": "0.19", "size": "168.42"}, {"price": "0.2", "size": "250"}, {"price": "0.23", "size": "965.73"}, {"price": "0.25", "size": "500"}, {"price": "0.28", "size": "2234.37"}, {"price": "0.29", "size": "6"}, {"price": "0.3", "size": "1400"}, {"price": "0.33", "size": "72.72"}, {"price": "0.35", "size": "250"}, {"price": "0.38", "size": "52.63"}, {"price": "0.4", "size": "1625"}, {"price": "0.75", "size": "5000"}, {"price": "0.8", "size": "1010"}, {"price": "0.85", "size": "2000"}, {"price": "0.89", "size": "1010"}, {"price": "0.9", "size": "510"}, {"price": "0.91", "size": "1803.99"}, {"price": "0.92", "size": "3150.75"}, {"price": "0.93", "size": "1270.68"}], "asks": [{"price": "0.99", "size": "112360"}, {"price": "0.98", "size": "65822.5"}, {"price": "0.97", "size": "5766.76"}, {"price": "0.96", "size": "14618.91"}, {"price": "0.95", "size": "4725.14"}, {"price": "0.94", "size": "6136.26"}], "event_type": "book", "last_trade_price": "0.070"}, {"market": "0x1015d806e33eebde7edb0762f1197051575f6286b5f06261d8e4ff4d34c90697", "asset_id": "82529802032104008793771497628671348484656806515683378258614300045698716735954", "timestamp": "1769384443993", "hash": "825335cb757712c545571dcf1c4510d22b323daf", "bids": [{"price": "0.01", "size": "112360"}, {"price": "0.02", "size": "65822.5"}, {"price": "0.03", "size": "5766.76"}, {"price": "0.04", "size": "14618.91"}, {"price": "0.05", "size": "4725.14"}, {"price": "0.06", "size": "6136.26"}], "asks": [{"price": "0.99", "size": "113464.21"}, {"price": "0.98", "size": "8500"}, {"price": "0.97", "size": "5000"}, {"price": "0.96", "size": "6656.48"}, {"price": "0.95", "size": "3030"}, {"price": "0.94", "size": "283"}, {"price": "0.91", "size": "600"}, {"price": "0.9", "size": "110"}, {"price": "0.89", "size": "5.44"}, {"price": "0.86", "size": "242.85"}, {"price": "0.85", "size": "1050"}, {"price": "0.84", "size": "1400"}, {"price": "0.81", "size": "168.42"}, {"price": "0.8", "size": "250"}, {"price": "0.77", "size": "965.73"}, {"price": "0.75", "size": "500"}, {"price": "0.72", "size": "2234.37"}, {"price": "0.71", "size": "6"}, {"price": "0.7", "size": "1400"}, {"price": "0.67", "size": "72.72"}, {"price": "0.65", "size": "250"}, {"price": "0.62", "size": "52.63"}, {"price": "0.6", "size": "1625"}, {"price": "0.25", "size": "5000"}, {"price": "0.2", "size": "1010"}, {"price": "0.15", "size": "2000"}, {"price": "0.11", "size": "1010"}, {"price": "0.1", "size": "510"}, {"price": "0.09", "size": "1803.99"}, {"price": "0.08", "size": "3150.75"}, {"price": "0.07", "size": "1270.68"}], "event_type": "book", "last_trade_price": "0.070"}]}
{"_local_timestamp": "2026-01-25T23:40:53.868636+00:00", "data": {"market": "0x1015d806e33eebde7edb0762f1197051575f6286b5f06261d8e4ff4d34c90697", "price_changes": [{"asset_id": "82529802032104008793771497628671348484656806515683378258614300045698716735954", "price": "0.03", "size": "8866.76", "side": "BUY", "hash": "cb7f3dea402b95ff2a3bf4173bb5c7d92f1e6de9", "best_bid": "0.06", "best_ask": "0.07"}, {"asset_id": "38811313559753229260784307238331767267556778943568467360862733466604979911236", "price": "0.97", "size": "8866.76", "side": "SELL", "hash": "5063add104cbd6b869a8416dbc0d6e7d8363be5a", "best_bid": "0.93", "best_ask": "0.94"}], "timestamp": "1769384453802", "event_type": "price_change"}}
{"_local_timestamp": "2026-01-25T23:40:53.877224+00:00", "data": {"market": "0x1015d806e33eebde7edb0762f1197051575f6286b5f06261d8e4ff4d34c90697", "price_changes": [{"asset_id": "82529802032104008793771497628671348484656806515683378258614300045698716735954", "price": "0.02", "size": "65922.5", "side": "BUY", "hash": "a9a1f173437e484bf88b783becac515f2e45ec47", "best_bid": "0.06", "best_ask": "0.07"}, {"asset_id": "38811313559753229260784307238331767267556778943568467360862733466604979911236", "price": "0.98", "size": "65922.5", "side": "SELL", "hash": "18cb53c5761f51bd980f366041b94f31a4c398e7", "best_bid": "0.93", "best_ask": "0.94"}], "timestamp": "1769384453803", "event_type": "price_change"}}
{"_local_timestamp": "2026-01-25T23:41:06.282588+00:00", "data": {"market": "0x1015d806e33eebde7edb0762f1197051575f6286b5f06261d8e4ff4d34c90697", "price_changes": [{"asset_id": "82529802032104008793771497628671348484656806515683378258614300045698716735954", "price": "0.04", "size": "14418.91", "side": "BUY", "hash": "58d8abbf1183d9ed1d1d86acc91109d9602eb1bd", "best_bid": "0.06", "best_ask": "0.07"}, {"asset_id": "38811313559753229260784307238331767267556778943568467360862733466604979911236", "price": "0.96", "size": "14418.91", "side": "SELL", "hash": "018c8032b4042758f96a94f927335eef81114628", "best_bid": "0.93", "best_ask": "0.94"}], "timestamp": "1769384466195", "event_type": "price_change"}}
{"_local_timestamp": "2026-01-25T23:41:06.349989+00:00", "data": {"market": "0x1015d806e33eebde7edb0762f1197051575f6286b5f06261d8e4ff4d34c90697", "price_changes": [{"asset_id": "38811313559753229260784307238331767267556778943568467360862733466604979911236", "price": "0.91", "size": "1603.99", "side": "BUY", "hash": "ef9d3c5a912ffda2b4c46a1cf96d7d24d1408564", "best_bid": "0.93", "best_ask": "0.94"}, {"asset_id": "82529802032104008793771497628671348484656806515683378258614300045698716735954", "price": "0.09", "size": "1603.99", "side": "SELL", "hash": "c59bab5ea96576999189929131db51204000f2d0", "best_bid": "0.06", "best_ask": "0.07"}], "timestamp": "1769384466200", "event_type": "price_change"}}
{"_local_timestamp": "2026-01-25T23:41:14.707682+00:00", "data": {"market": "0x1015d806e33eebde7edb0762f1197051575f6286b5f06261d8e4ff4d34c90697", "price_changes": [{"asset_id": "38811313559753229260784307238331767267556778943568467360862733466604979911236", "price": "0.3", "size": "0", "side": "BUY", "hash": "7be8eb7b65f7f7ab4de18489a841fd2eb0aefa38", "best_bid": "0.93", "best_ask": "0.94"}, {"asset_id": "82529802032104008793771497628671348484656806515683378258614300045698716735954", "price": "0.7", "size": "0", "side": "SELL", "hash": "878db83ce50fdfc6938532840ad31eb7988582cd", "best_bid": "0.06", "best_ask": "0.07"}], "timestamp": "1769384474531", "event_type": "price_change"}}
{"_local_timestamp": "2026-01-25T23:41:27.417431+00:00", "data": {"market": "0x1015d806e33eebde7edb0762f1197051575f6286b5f06261d8e4ff4d34c90697", "price_changes": [{"asset_id": "38811313559753229260784307238331767267556778943568467360862733466604979911236", "price": "0.91", "size": "1803.99", "side": "BUY", "hash": "faafb4ef89500b145d6833c4c4a72ce3c3606ccd", "best_bid": "0.93", "best_ask": "0.94"}, {"asset_id": "82529802032104008793771497628671348484656806515683378258614300045698716735954", "price": "0.09", "size": "1803.99", "side": "SELL", "hash": "9b72bc0615f3ae5f6a4aac25353c621fea471eb0", "best_bid": "0.06", "best_ask": "0.07"}], "timestamp": "1769384487342", "event_type": "price_change"}}
{"_local_timestamp": "2026-01-25T23:41:43.291331+00:00", "data": {"market": "0x1015d806e33eebde7edb0762f1197051575f6286b5f06261d8e4ff4d34c90697", "price_changes": [{"asset_id": "82529802032104008793771497628671348484656806515683378258614300045698716735954", "price": "0.04", "size": "14618.91", "side": "BUY", "hash": "79737a91167be9616ab111317d4fb612924e85d2", "best_bid": "0.06", "best_ask": "0.07"}, {"asset_id": "38811313559753229260784307238331767267556778943568467360862733466604979911236", "price": "0.96", "size": "14618.91", "side": "SELL", "hash": "bca5f3149e56c3998ea3c4eb2a48bd59fb12d02a", "best_bid": "0.93", "best_ask": "0.94"}], "timestamp": "1769384503219", "event_type": "price_change"}}
{"_local_timestamp": "2026-01-25T23:41:46.048767+00:00", "data": {"market": "0x1015d806e33eebde7edb0762f1197051575f6286b5f06261d8e4ff4d34c90697", "price_changes": [{"asset_id": "38811313559753229260784307238331767267556778943568467360862733466604979911236", "price": "0.29", "size": "1454", "side": "BUY", "hash": "8f0907169ff02f6961a62650711ffc0acc9666a9", "best_bid": "0.93", "best_ask": "0.94"}, {"asset_id": "82529802032104008793771497628671348484656806515683378258614300045698716735954", "price": "0.71", "size": "1454", "side": "SELL", "hash": "820daa1fc8a25468c6174d7e356ee2b723f8a7f8", "best_bid": "0.06", "best_ask": "0.07"}], "timestamp": "1769384505977", "event_type": "price_change"}}
{"_local_timestamp": "2026-01-25T23:42:47.133911+00:00", "data": {"market": "0x1015d806e33eebde7edb0762f1197051575f6286b5f06261d8e4ff4d34c90697", "price_changes": [{"asset_id": "38811313559753229260784307238331767267556778943568467360862733466604979911236", "price": "0.29", "size": "6", "side": "BUY", "hash": "ee5ed3e9edce101d65763b26c8278613e012b65f", "best_bid": "0.93", "best_ask": "0.94"}, {"asset_id": "82529802032104008793771497628671348484656806515683378258614300045698716735954", "price": "0.71", "size": "6", "side": "SELL", "hash": "b7d35a39fed22d03c592687937f5fb3a1f681cb4", "best_bid": "0.06", "best_ask": "0.07"}], "timestamp": "1769384566988", "event_type": "price_change"}}
{"_local_timestamp": "2026-01-25T23:42:54.160158+00:00", "data": {"market": "0x1015d806e33eebde7edb0762f1197051575f6286b5f06261d8e4ff4d34c90697", "price_changes": [{"asset_id": "82529802032104008793771497628671348484656806515683378258614300045698716735954", "price": "0.02", "size": "65905", "side": "BUY", "hash": "51941e96b8751840bbab8d39fe144bc3e0def4a3", "best_bid": "0.06", "best_ask": "0.07"}, {"asset_id": "38811313559753229260784307238331767267556778943568467360862733466604979911236", "price": "0.98", "size": "65905", "side": "SELL", "hash": "d1b89ebc84c328c1db1e0f136aa0c252529191e3", "best_bid": "0.93", "best_ask": "0.94"}], "timestamp": "1769384574057", "event_type": "price_change"}}
{"_local_timestamp": "2026-01-25T23:42:54.160536+00:00", "data": {"market": "0x1015d806e33eebde7edb0762f1197051575f6286b5f06261d8e4ff4d34c90697", "price_changes": [{"asset_id": "82529802032104008793771497628671348484656806515683378258614300045698716735954", "price": "0.03", "size": "8855.66", "side": "BUY", "hash": "51941e96b8751840bbab8d39fe144bc3e0def4a3", "best_bid": "0.06", "best_ask": "0.07"}, {"asset_id": "38811313559753229260784307238331767267556778943568467360862733466604979911236", "price": "0.97", "size": "8855.66", "side": "SELL", "hash": "d1b89ebc84c328c1db1e0f136aa0c252529191e3", "best_bid": "0.93", "best_ask": "0.94"}], "timestamp": "1769384574057", "event_type": "price_change"}}
{"_local_timestamp": "2026-01-25T23:42:54.160865+00:00", "data": {"market": "0x1015d806e33eebde7edb0762f1197051575f6286b5f06261d8e4ff4d34c90697", "price_changes": [{"asset_id": "82529802032104008793771497628671348484656806515683378258614300045698716735954", "price": "0.04", "size": "14611", "side": "BUY", "hash": "51941e96b8751840bbab8d39fe144bc3e0def4a3", "best_bid": "0.06", "best_ask": "0.07"}, {"asset_id": "38811313559753229260784307238331767267556778943568467360862733466604979911236", "price": "0.96", "size": "14611", "side": "SELL", "hash": "d1b89ebc84c328c1db1e0f136aa0c252529191e3", "best_bid": "0.93", "best_ask": "0.94"}], "timestamp": "1769384574057", "event_type": "price_change"}}
{"_local_timestamp": "2026-01-25T23:42:54.847423+00:00", "data": {"market": "0x1015d806e33eebde7edb0762f1197051575f6286b5f06261d8e4ff4d34c90697", "price_changes": [{"asset_id": "82529802032104008793771497628671348484656806515683378258614300045698716735954", "price": "0.03", "size": "8866.76", "side": "BUY", "hash": "6969a1583b794fdcf4de85b0aebb8261c02fb430", "best_bid": "0.06", "best_ask": "0.07"}, {"asset_id": "38811313559753229260784307238331767267556778943568467360862733466604979911236", "price": "0.97", "size": "8866.76", "side": "SELL", "hash": "d89398d60cd998c67f12fe038c5ac1d5b599cf71", "best_bid": "0.93", "best_ask": "0.94"}], "timestamp": "1769384574746", "event_type": "price_change"}}
{"_local_timestamp": "2026-01-25T23:42:54.848298+00:00", "data": {"market": "0x1015d806e33eebde7edb0762f1197051575f6286b5f06261d8e4ff4d34c90697", "price_changes": [{"asset_id": "82529802032104008793771497628671348484656806515683378258614300045698716735954", "price": "0.04", "size": "14618.91", "side": "BUY", "hash": "4f9addc3fe2b71f120ae42dd557ff7da23b8a3b7", "best_bid": "0.06", "best_ask": "0.07"}, {"asset_id": "38811313559753229260784307238331767267556778943568467360862733466604979911236", "price": "0.96", "size": "14618.91", "side": "SELL", "hash": "f6f84501684af308d78fe5bf815a49946b709dd4", "best_bid": "0.93", "best_ask": "0.94"}], "timestamp": "1769384574747", "event_type": "price_change"}}
{"_local_timestamp": "2026-01-25T23:42:54.848762+00:00", "data": {"market": "0x1015d806e33eebde7edb0762f1197051575f6286b5f06261d8e4ff4d34c90697", "price_changes": [{"asset_id": "82529802032104008793771497628671348484656806515683378258614300045698716735954", "price": "0.02", "size": "65922.5", "side": "BUY", "hash": "83d9cfea03082de3c9df9584a1f24e56a37d8674", "best_bid": "0.06", "best_ask": "0.07"}, {"asset_id": "38811313559753229260784307238331767267556778943568467360862733466604979911236", "price": "0.98", "size": "65922.5", "side": "SELL", "hash": "5659f9adf3ab89ba4ab893a55580072f5e38dff0", "best_bid": "0.93", "best_ask": "0.94"}], "timestamp": "1769384574748", "event_type": "price_change"}}
{"_local_timestamp": "2026-01-25T23:43:52.345379+00:00", "data": {"market": "0x1015d806e33eebde7edb0762f1197051575f6286b5f06261d8e4ff4d34c90697", "price_changes": [{"asset_id": "38811313559753229260784307238331767267556778943568467360862733466604979911236", "price": "0.3", "size": "1400", "side": "BUY", "hash": "eafb09f9efbc43d619654ded0acf913750445480", "best_bid": "0.93", "best_ask": "0.94"}, {"asset_id": "82529802032104008793771497628671348484656806515683378258614300045698716735954", "price": "0.7", "size": "1400", "side": "SELL", "hash": "1497a44902c5722c730b316b70ccc94dcc2c94f3", "best_bid": "0.06", "best_ask": "0.07"}], "timestamp": "1769384630578", "event_type": "price_change"}}
{"_local_timestamp": "2026-01-25T23:44:32.399230+00:00", "data": {"market": "0x1015d806e33eebde7edb0762f1197051575f6286b5f06261d8e4ff4d34c90697", "price_changes": [{"asset_id": "38811313559753229260784307238331767267556778943568467360862733466604979911236", "price": "0.3", "size": "0", "side": "BUY", "hash": "2363c3fade2622d27b7711767e763b62b0b06a24", "best_bid": "0.93", "best_ask": "0.94"}, {"asset_id": "82529802032104008793771497628671348484656806515683378258614300045698716735954", "price": "0.7", "size": "0", "side": "SELL", "hash": "6273bca5b8911e7a1d5e0a3920a06dc57dc573f4", "best_bid": "0.06", "best_ask": "0.07"}], "timestamp": "1769384672292", "event_type": "price_change"}}
{"_local_timestamp": "2026-01-25T23:44:55.080598+00:00", "data": {"market": "0x1015d806e33eebde7edb0762f1197051575f6286b5f06261d8e4ff4d34c90697", "price_changes": [{"asset_id": "82529802032104008793771497628671348484656806515683378258614300045698716735954", "price": "0.02", "size": "57122.5", "side": "BUY", "hash": "6a91d151c41645ef789e0c12b68d791510d60065", "best_bid": "0.06", "best_ask": "0.07"}, {"asset_id": "38811313559753229260784307238331767267556778943568467360862733466604979911236", "price": "0.98", "size": "57122.5", "side": "SELL", "hash": "67c59a9cafcd948e63754a27ea0a19c3e5ce4e39", "best_bid": "0.93", "best_ask": "0.94"}], "timestamp": "1769384695003", "event_type": "price_change"}}
{"_local_timestamp": "2026-01-25T23:45:03.492847+00:00", "data": {"market": "0x1015d806e33eebde7edb0762f1197051575f6286b5f06261d8e4ff4d34c90697", "price_changes": [{"asset_id": "82529802032104008793771497628671348484656806515683378258614300045698716735954", "price": "0.02", "size": "65922.5", "side": "BUY", "hash": "7c6247e9c9d7465b5814c4de99249a9286051d70", "best_bid": "0.06", "best_ask": "0.07"}, {"asset_id": "38811313559753229260784307238331767267556778943568467360862733466604979911236", "price": "0.98", "size": "65922.5", "side": "SELL", "hash": "b73c3c625f1b1b42ca47802a0af8920bf83f1998", "best_bid": "0.93", "best_ask": "0.94"}], "timestamp": "1769384703422", "event_type": "price_change"}}
{"_local_timestamp": "2026-01-25T23:45:24.700077+00:00", "data": {"market": "0x1015d806e33eebde7edb0762f1197051575f6286b5f06261d8e4ff4d34c90697", "price_changes": [{"asset_id": "38811313559753229260784307238331767267556778943568467360862733466604979911236", "price": "0.29", "size": "1454", "side": "BUY", "hash": "1c94b546b931536287c3dd7a922a1fad51324f36", "best_bid": "0.93", "best_ask": "0.94"}, {"asset_id": "82529802032104008793771497628671348484656806515683378258614300045698716735954", "price": "0.71", "size": "1454", "side": "SELL", "hash": "7d8089ba5daae7690aa9ed338bc91a174ca5fb35", "best_bid": "0.06", "best_ask": "0.07"}], "timestamp": "1769384724634", "event_type": "price_change"}}
{"_local_timestamp": "2026-01-25T23:46:10.537717+00:00", "data": {"market": "0x1015d806e33eebde7edb0762f1197051575f6286b5f06261d8e4ff4d34c90697", "price_changes": [{"asset_id": "38811313559753229260784307238331767267556778943568467360862733466604979911236", "price": "0.29", "size": "6", "side": "BUY", "hash": "e1e2847e2c225652f13b4066261d834bf37d8cd7", "best_bid": "0.93", "best_ask": "0.94"}, {"asset_id": "82529802032104008793771497628671348484656806515683378258614300045698716735954", "price": "0.71", "size": "6", "side": "SELL", "hash": "4043ba71e003db5ee8879e1032daddaeaa41aae5", "best_bid": "0.06", "best_ask": "0.07"}], "timestamp": "1769384770459", "event_type": "price_change"}}
{"_local_timestamp": "2026-01-25T23:46:11.586828+00:00", "data": {"market": "0x1015d806e33eebde7edb0762f1197051575f6286b5f06261d8e4ff4d34c90697", "price_changes": [{"asset_id": "82529802032104008793771497628671348484656806515683378258614300045698716735954", "price": "0.02", "size": "65972.5", "side": "BUY", "hash": "2721b185a71549dc349194320ab6ebe18740aead", "best_bid": "0.06", "best_ask": "0.07"}, {"asset_id": "38811313559753229260784307238331767267556778943568467360862733466604979911236", "price": "0.98", "size": "65972.5", "side": "SELL", "hash": "7eb906594cba84e8606fa8360f58296cb83b5f7d", "best_bid": "0.93", "best_ask": "0.94"}], "timestamp": "1769384771515", "event_type": "price_change"}}
{"_local_timestamp": "2026-01-25T23:46:41.095180+00:00", "data": {"market": "0x1015d806e33eebde7edb0762f1197051575f6286b5f06261d8e4ff4d34c90697", "price_changes": [{"asset_id": "82529802032104008793771497628671348484656806515683378258614300045698716735954", "price": "0.03", "size": "8832.76", "side": "BUY", "hash": "a7cdf95e0c6f7d903d4cd75165710327574096fa", "best_bid": "0.06", "best_ask": "0.07"}, {"asset_id": "38811313559753229260784307238331767267556778943568467360862733466604979911236", "price": "0.97", "size": "8832.76", "side": "SELL", "hash": "cc7398e530ab3233f813dc6f003dc30b5b619796", "best_bid": "0.93", "best_ask": "0.94"}], "timestamp": "1769384801000", "event_type": "price_change"}}
{"_local_timestamp": "2026-01-25T23:46:41.102966+00:00", "data": {"market": "0x1015d806e33eebde7edb0762f1197051575f6286b5f06261d8e4ff4d34c90697", "price_changes": [{"asset_id": "82529802032104008793771497628671348484656806515683378258614300045698716735954", "price": "0.02", "size": "65572.5", "side": "BUY", "hash": "a61519216d6d0f297e7c255735fb69b6e50ee556", "best_bid": "0.06", "best_ask": "0.07"}, {"asset_id": "38811313559753229260784307238331767267556778943568467360862733466604979911236", "price": "0.98", "size": "65572.5", "side": "SELL", "hash": "f40d462b4f7726380cf50171052afd9b1b4efe89", "best_bid": "0.93", "best_ask": "0.94"}], "timestamp": "1769384801003", "event_type": "price_change"}}
{"_local_timestamp": "2026-01-25T23:46:43.568623+00:00", "data": {"market": "0x1015d806e33eebde7edb0762f1197051575f6286b5f06261d8e4ff4d34c90697", "price_changes": [{"asset_id": "82529802032104008793771497628671348484656806515683378258614300045698716735954", "price": "0.02", "size": "65972.5", "side": "BUY", "hash": "426560af375575ee265a6d2e54aa8571192adc9d", "best_bid": "0.06", "best_ask": "0.07"}, {"asset_id": "38811313559753229260784307238331767267556778943568467360862733466604979911236", "price": "0.98", "size": "65972.5", "side": "SELL", "hash": "12dfd9ba609594b7ce92743ed716180e06d4c047", "best_bid": "0.93", "best_ask": "0.94"}], "timestamp": "1769384803376", "event_type": "price_change"}}
{"_local_timestamp": "2026-01-25T23:46:43.570549+00:00", "data": {"market": "0x1015d806e33eebde7edb0762f1197051575f6286b5f06261d8e4ff4d34c90697", "price_changes": [{"asset_id": "82529802032104008793771497628671348484656806515683378258614300045698716735954", "price": "0.03", "size": "8866.76", "side": "BUY", "hash": "0460753f85f69771e6f2dd2efa2d65957bb559d7", "best_bid": "0.06", "best_ask": "0.07"}, {"asset_id": "38811313559753229260784307238331767267556778943568467360862733466604979911236", "price": "0.97", "size": "8866.76", "side": "SELL", "hash": "11f5ee439fbee6ab48acfebf25550bc0f71a3433", "best_bid": "0.93", "best_ask": "0.94"}], "timestamp": "1769384803380", "event_type": "price_change"}}
{"_local_timestamp": "2026-01-25T23:46:44.348230+00:00", "data": {"market": "0x1015d806e33eebde7edb0762f1197051575f6286b5f06261d8e4ff4d34c90697", "price_changes": [{"asset_id": "38811313559753229260784307238331767267556778943568467360862733466604979911236", "price": "0.3", "size": "1400", "side": "BUY", "hash": "1ff1c25c3929c9bb86600df5fd7c9c89ffd2b2d0", "best_bid": "0.93", "best_ask": "0.94"}, {"asset_id": "82529802032104008793771497628671348484656806515683378258614300045698716735954", "price": "0.7", "size": "1400", "side": "SELL", "hash": "56bfe29ffd241292fbdcf2daa33248e36c93db1c", "best_bid": "0.06", "best_ask": "0.07"}], "timestamp": "1769384804278", "event_type": "price_change"}}
{"_local_timestamp": "2026-01-25T23:46:55.862336+00:00", "data": {"market": "0x1015d806e33eebde7edb0762f1197051575f6286b5f06261d8e4ff4d34c90697", "price_changes": [{"asset_id": "82529802032104008793771497628671348484656806515683378258614300045698716735954", "price": "0.02", "size": "65955", "side": "BUY", "hash": "65ce22ce8f8db62a954d28f9862208281aec3d27", "best_bid": "0.06", "best_ask": "0.07"}, {"asset_id": "38811313559753229260784307238331767267556778943568467360862733466604979911236", "price": "0.98", "size": "65955", "side": "SELL", "hash": "d8b0488095d17eeb686606e91cea93e6bbe8dbbd", "best_bid": "0.93", "best_ask": "0.94"}], "timestamp": "1769384815794", "event_type": "price_change"}}
{"_local_timestamp": "2026-01-25T23:46:55.862747+00:00", "data": {"market": "0x1015d806e33eebde7edb0762f1197051575f6286b5f06261d8e4ff4d34c90697", "price_changes": [{"asset_id": "82529802032104008793771497628671348484656806515683378258614300045698716735954", "price": "0.03", "size": "8855.66", "side": "BUY", "hash": "65ce22ce8f8db62a954d28f9862208281aec3d27", "best_bid": "0.06", "best_ask": "0.07"}, {"asset_id": "38811313559753229260784307238331767267556778943568467360862733466604979911236", "price": "0.97", "size": "8855.66", "side": "SELL", "hash": "d8b0488095d17eeb686606e91cea93e6bbe8dbbd", "best_bid": "0.93", "best_ask": "0.94"}], "timestamp": "1769384815794", "event_type": "price_change"}}
{"_local_timestamp": "2026-01-25T23:46:55.867520+00:00", "data": {"market": "0x1015d806e33eebde7edb0762f1197051575f6286b5f06261d8e4ff4d34c90697", "price_changes": [{"asset_id": "82529802032104008793771497628671348484656806515683378258614300045698716735954", "price": "0.04", "size": "14611", "side": "BUY", "hash": "65ce22ce8f8db62a954d28f9862208281aec3d27", "best_bid": "0.06", "best_ask": "0.07"}, {"asset_id": "38811313559753229260784307238331767267556778943568467360862733466604979911236", "price": "0.96", "size": "14611", "side": "SELL", "hash": "d8b0488095d17eeb686606e91cea93e6bbe8dbbd", "best_bid": "0.93", "best_ask": "0.94"}], "timestamp": "1769384815794", "event_type": "price_change"}}
{"_local_timestamp": "2026-01-25T23:46:56.360323+00:00", "data": {"market": "0x1015d806e33eebde7edb0762f1197051575f6286b5f06261d8e4ff4d34c90697", "price_changes": [{"asset_id": "82529802032104008793771497628671348484656806515683378258614300045698716735954", "price": "0.03", "size": "8866.76", "side": "BUY", "hash": "25814a12a2fc9ff3be1050947cbecae9fc0e57b1", "best_bid": "0.06", "best_ask": "0.07"}, {"asset_id": "38811313559753229260784307238331767267556778943568467360862733466604979911236", "price": "0.97", "size": "8866.76", "side": "SELL", "hash": "45edfb69003faefcbe687d43b0ddcbdf11b38373", "best_bid": "0.93", "best_ask": "0.94"}], "timestamp": "1769384816274", "event_type": "price_change"}}
{"_local_timestamp": "2026-01-25T23:46:56.361119+00:00", "data": {"market": "0x1015d806e33eebde7edb0762f1197051575f6286b5f06261d8e4ff4d34c90697", "price_changes": [{"asset_id": "82529802032104008793771497628671348484656806515683378258614300045698716735954", "price": "0.02", "size": "65972.5", "side": "BUY", "hash": "15184d4ac9758d679de2f5c9bfd604432353ef0e", "best_bid": "0.06", "best_ask": "0.07"}, {"asset_id": "38811313559753229260784307238331767267556778943568467360862733466604979911236", "price": "0.98", "size": "65972.5", "side": "SELL", "hash": "d05b9e1cf46729ff987f5addb354e231c42e0de7", "best_bid": "0.93", "best_ask": "0.94"}], "timestamp": "1769384816276", "event_type": "price_change"}}
{"_local_timestamp": "2026-01-25T23:46:56.361834+00:00", "data": {"market": "0x1015d806e33eebde7edb0762f1197051575f6286b5f06261d8e4ff4d34c90697", "price_changes": [{"asset_id": "82529802032104008793771497628671348484656806515683378258614300045698716735954", "price": "0.04", "size": "14618.91", "side": "BUY", "hash": "98868527e67c3716d5ab7cb6084a2753f9708525", "best_bid": "0.06", "best_ask": "0.07"}, {"asset_id": "38811313559753229260784307238331767267556778943568467360862733466604979911236", "price": "0.96", "size": "14618.91", "side": "SELL", "hash": "6bbd827e9945c5336fb2bd7c390b33d07f958f58", "best_bid": "0.93", "best_ask": "0.94"}], "timestamp": "1769384816277", "event_type": "price_change"}}
{"_local_timestamp": "2026-01-25T23:47:14.105143+00:00", "data": {"market": "0x1015d806e33eebde7edb0762f1197051575f6286b5f06261d8e4ff4d34c90697", "price_changes": [{"asset_id": "82529802032104008793771497628671348484656806515683378258614300045698716735954", "price": "0.08", "size": "2950.75", "side": "SELL", "hash": "ceacbc7d6c31557690c035164a7bde0c7602e665", "best_bid": "0.06", "best_ask": "0.07"}, {"asset_id": "38811313559753229260784307238331767267556778943568467360862733466604979911236", "price": "0.92", "size": "2950.75", "side": "BUY", "hash": "bcc3cc3257284677763761a9f93cfda0b48f40f9", "best_bid": "0.93", "best_ask": "0.94"}], "timestamp": "1769384834000", "event_type": "price_change"}}
{"_local_timestamp": "2026-01-25T23:47:14.128454+00:00", "data": {"market": "0x1015d806e33eebde7edb0762f1197051575f6286b5f06261d8e4ff4d34c90697", "price_changes": [{"asset_id": "82529802032104008793771497628671348484656806515683378258614300045698716735954", "price": "0.05", "size": "4525.14", "side": "BUY", "hash": "68c0517cc8b1648b8b8fca7b128fc49976e7aa1b", "best_bid": "0.06", "best_ask": "0.07"}, {"asset_id": "38811313559753229260784307238331767267556778943568467360862733466604979911236", "price": "0.95", "size": "4525.14", "side": "SELL", "hash": "756e898adbf41498e313cc50a14493dac0e1cf5f", "best_bid": "0.93", "best_ask": "0.94"}], "timestamp": "1769384834003", "event_type": "price_change"}}
{"_local_timestamp": "2026-01-25T23:47:22.848896+00:00", "data": {"market": "0x1015d806e33eebde7edb0762f1197051575f6286b5f06261d8e4ff4d34c90697", "price_changes": [{"asset_id": "82529802032104008793771497628671348484656806515683378258614300045698716735954", "price": "0.08", "size": "3150.75", "side": "SELL", "hash": "d117cf4c6441d8e8313ceec1c73b991dd52f77b9", "best_bid": "0.06", "best_ask": "0.07"}, {"asset_id": "38811313559753229260784307238331767267556778943568467360862733466604979911236", "price": "0.92", "size": "3150.75", "side": "BUY", "hash": "7735b4831e7fdacc85eeb42d94eaa64d412a7559", "best_bid": "0.93", "best_ask": "0.94"}], "timestamp": "1769384842781", "event_type": "price_change"}}
{"_local_timestamp": "2026-01-25T23:47:22.852535+00:00", "data": {"market": "0x1015d806e33eebde7edb0762f1197051575f6286b5f06261d8e4ff4d34c90697", "price_changes": [{"asset_id": "82529802032104008793771497628671348484656806515683378258614300045698716735954", "price": "0.05", "size": "4725.14", "side": "BUY", "hash": "11143463dc2d3bfadf397819865ddffa7537d33b", "best_bid": "0.06", "best_ask": "0.07"}, {"asset_id": "38811313559753229260784307238331767267556778943568467360862733466604979911236", "price": "0.95", "size": "4725.14", "side": "SELL", "hash": "ba4cf6b8bda017543b7a8e86156cd943014ed900", "best_bid": "0.93", "best_ask": "0.94"}], "timestamp": "1769384842782", "event_type": "price_change"}}
{"_local_timestamp": "2026-01-25T23:47:55.609523+00:00", "data": {"market": "0x1015d806e33eebde7edb0762f1197051575f6286b5f06261d8e4ff4d34c90697", "price_changes": [{"asset_id": "38811313559753229260784307238331767267556778943568467360862733466604979911236", "price": "0.3", "size": "0", "side": "BUY", "hash": "9a44ecd09e211aefb789d3fb2f44ef258835f8f2", "best_bid": "0.93", "best_ask": "0.94"}, {"asset_id": "82529802032104008793771497628671348484656806515683378258614300045698716735954", "price": "0.7", "size": "0", "side": "SELL", "hash": "480aa2bed9a845dbd97e4c98b4f707ab5b05ed00", "best_bid": "0.06", "best_ask": "0.07"}], "timestamp": "1769384875414", "event_type": "price_change"}}
{"_local_timestamp": "2026-01-25T23:48:04.164090+00:00", "data": {"market": "0x1015d806e33eebde7edb0762f1197051575f6286b5f06261d8e4ff4d34c90697", "price_changes": [{"asset_id": "82529802032104008793771497628671348484656806515683378258614300045698716735954", "price": "0.02", "size": "65922.5", "side": "BUY", "hash": "e7cefa994a1a832206d2e59fd8f93d9d0a8ba3d0", "best_bid": "0.06", "best_ask": "0.07"}, {"asset_id": "38811313559753229260784307238331767267556778943568467360862733466604979911236", "price": "0.98", "size": "65922.5", "side": "SELL", "hash": "d8b1c359df1b037f2de1d1b03f582273a60d98dd", "best_bid": "0.93", "best_ask": "0.94"}], "timestamp": "1769384884000", "event_type": "price_change"}}
{"_local_timestamp": "2026-01-25T23:48:39.187295+00:00", "data": {"market": "0x1015d806e33eebde7edb0762f1197051575f6286b5f06261d8e4ff4d34c90697", "price_changes": [{"asset_id": "38811313559753229260784307238331767267556778943568467360862733466604979911236", "price": "0.29", "size": "1454", "side": "BUY", "hash": "1cb086253f82c114dbb6ef4ec7062204815a35b2", "best_bid": "0.93", "best_ask": "0.94"}, {"asset_id": "82529802032104008793771497628671348484656806515683378258614300045698716735954", "price": "0.71", "size": "1454", "side": "SELL", "hash": "49e376663ccc31e5928ddc9e6fc410224e62381f", "best_bid": "0.06", "best_ask": "0.07"}], "timestamp": "1769384918948", "event_type": "price_change"}}
{"_local_timestamp": "2026-01-25T23:49:51.200382+00:00", "data": {"market": "0x1015d806e33eebde7edb0762f1197051575f6286b5f06261d8e4ff4d34c90697", "price_changes": [{"asset_id": "38811313559753229260784307238331767267556778943568467360862733466604979911236", "price": "0.29", "size": "6", "side": "BUY", "hash": "f5e0877fe8abe84fb99d36e9ed8f0df83875803f", "best_bid": "0.93", "best_ask": "0.94"}, {"asset_id": "82529802032104008793771497628671348484656806515683378258614300045698716735954", "price": "0.71", "size": "6", "side": "SELL", "hash": "6adec79f81e40cd8e6d0f970646ce3c8a7f9c4f3", "best_bid": "0.06", "best_ask": "0.07"}], "timestamp": "1769384991045", "event_type": "price_change"}}
{"_local_timestamp": "2026-01-25T23:49:54.093990+00:00", "data": {"market": "0x1015d806e33eebde7edb0762f1197051575f6286b5f06261d8e4ff4d34c90697", "price_changes": [{"asset_id": "82529802032104008793771497628671348484656806515683378258614300045698716735954", "price": "0.02", "size": "65822.5", "side": "BUY", "hash": "587423b9e7b5b72958f5e9f68e6aabd403def2b4", "best_bid": "0.06", "best_ask": "0.07"}, {"asset_id": "38811313559753229260784307238331767267556778943568467360862733466604979911236", "price": "0.98", "size": "65822.5", "side": "SELL", "hash": "6bb79c550e5d4530e36a99432bccb721d3c1ec5f", "best_bid": "0.93", "best_ask": "0.94"}], "timestamp": "1769384994002", "event_type": "price_change"}}
{"_local_timestamp": "2026-01-25T23:49:54.113708+00:00", "data": {"market": "0x1015d806e33eebde7edb0762f1197051575f6286b5f06261d8e4ff4d34c90697", "price_changes": [{"asset_id": "82529802032104008793771497628671348484656806515683378258614300045698716735954", "price": "0.03", "size": "5766.76", "side": "BUY", "hash": "947d164bcfd3d54518c11c793f521beca34dc3d3", "best_bid": "0.06", "best_ask": "0.07"}, {"asset_id": "38811313559753229260784307238331767267556778943568467360862733466604979911236", "price": "0.97", "size": "5766.76", "side": "SELL", "hash": "0c77f1646bea031144994e5b6afcc9b761f6f208", "best_bid": "0.93", "best_ask": "0.94"}], "timestamp": "1769384994003", "event_type": "price_change"}}
{"_local_timestamp": "2026-01-25T23:49:55.671745+00:00", "data": {"market": "0x1015d806e33eebde7edb0762f1197051575f6286b5f06261d8e4ff4d34c90697", "price_changes": [{"asset_id": "82529802032104008793771497628671348484656806515683378258614300045698716735954", "price": "0.02", "size": "65872.5", "side": "BUY", "hash": "870338ad035405c8f05f10fb3bc11737e052ca78", "best_bid": "0.06", "best_ask": "0.07"}, {"asset_id": "38811313559753229260784307238331767267556778943568467360862733466604979911236", "price": "0.98", "size": "65872.5", "side": "SELL", "hash": "532c6496d2bd22281929d53c7aed99f210873b03", "best_bid": "0.93", "best_ask": "0.94"}], "timestamp": "1769384995598", "event_type": "price_change"}}
{"_local_timestamp": "2026-01-25T23:50:01.260179+00:00", "data": {"market": "0x1015d806e33eebde7edb0762f1197051575f6286b5f06261d8e4ff4d34c90697", "price_changes": [{"asset_id": "82529802032104008793771497628671348484656806515683378258614300045698716735954", "price": "0.02", "size": "65972.5", "side": "BUY", "hash": "1c8f47342b9f667b526fb25d655faafd9694ea1e", "best_bid": "0.06", "best_ask": "0.07"}, {"asset_id": "38811313559753229260784307238331767267556778943568467360862733466604979911236", "price": "0.98", "size": "65972.5", "side": "SELL", "hash": "670c3e12a3acd2796d03c3f1cf1d99d5a5e2cdf5", "best_bid": "0.93", "best_ask": "0.94"}], "timestamp": "1769385001182", "event_type": "price_change"}}
{"_local_timestamp": "2026-01-25T23:50:01.260814+00:00", "data": {"market": "0x1015d806e33eebde7edb0762f1197051575f6286b5f06261d8e4ff4d34c90697", "price_changes": [{"asset_id": "82529802032104008793771497628671348484656806515683378258614300045698716735954", "price": "0.03", "size": "8866.76", "side": "BUY", "hash": "a397ef5a51cd83a671e796ab0869479c766571c3", "best_bid": "0.06", "best_ask": "0.07"}, {"asset_id": "38811313559753229260784307238331767267556778943568467360862733466604979911236", "price": "0.97", "size": "8866.76", "side": "SELL", "hash": "be56a4bbb8f15ff504f49c440420f1136485265c", "best_bid": "0.93", "best_ask": "0.94"}], "timestamp": "1769385001183", "event_type": "price_change"}}
{"_local_timestamp": "2026-01-25T23:50:02.841502+00:00", "data": {"market": "0x1015d806e33eebde7edb0762f1197051575f6286b5f06261d8e4ff4d34c90697", "price_changes": [{"asset_id": "38811313559753229260784307238331767267556778943568467360862733466604979911236", "price": "0.23", "size": "271.73", "side": "BUY", "hash": "37d7d1c45de95fe5fa189f5e3d597e7c41b9aae8", "best_bid": "0.93", "best_ask": "0.94"}, {"asset_id": "82529802032104008793771497628671348484656806515683378258614300045698716735954", "price": "0.77", "size": "271.73", "side": "SELL", "hash": "1fc655f1be9ab81d4a3468fd355f54834dc07c96", "best_bid": "0.06", "best_ask": "0.07"}], "timestamp": "1769385002298", "event_type": "price_change"}}
{"_local_timestamp": "2026-01-25T23:50:02.907885+00:00", "data": {"market": "0x1015d806e33eebde7edb0762f1197051575f6286b5f06261d8e4ff4d34c90697", "price_changes": [{"asset_id": "38811313559753229260784307238331767267556778943568467360862733466604979911236", "price": "0.4", "size": "125", "side": "BUY", "hash": "8a9382dfaf8681b0ed32becbfeb34d1101842fde", "best_bid": "0.93", "best_ask": "0.94"}, {"asset_id": "82529802032104008793771497628671348484656806515683378258614300045698716735954", "price": "0.6", "size": "125", "side": "SELL", "hash": "7e0d56504f6c237ad670e5de415dac8de8eafed5", "best_bid": "0.06", "best_ask": "0.07"}], "timestamp": "1769385002361", "event_type": "price_change"}}
{"_local_timestamp": "2026-01-25T23:50:03.162845+00:00", "data": {"market": "0x1015d806e33eebde7edb0762f1197051575f6286b5f06261d8e4ff4d34c90697", "price_changes": [{"asset_id": "38811313559753229260784307238331767267556778943568467360862733466604979911236", "price": "0.16", "size": "400", "side": "BUY", "hash": "5d1b572a2e5962daee890e81ab0a1b7fb80e098a", "best_bid": "0.93", "best_ask": "0.94"}, {"asset_id": "82529802032104008793771497628671348484656806515683378258614300045698716735954", "price": "0.84", "size": "400", "side": "SELL", "hash": "5715d8e301c7528ca0a3a75dc9cc22757a95b971", "best_bid": "0.06", "best_ask": "0.07"}], "timestamp": "1769385002727", "event_type": "price_change"}}
{"_local_timestamp": "2026-01-25T23:50:20.598856+00:00", "data": {"market": "0x1015d806e33eebde7edb0762f1197051575f6286b5f06261d8e4ff4d34c90697", "price_changes": [{"asset_id": "38811313559753229260784307238331767267556778943568467360862733466604979911236", "price": "0.3", "size": "1400", "side": "BUY", "hash": "b81fca931345efa044ac72bbba46dc151a570908", "best_bid": "0.93", "best_ask": "0.94"}, {"asset_id": "82529802032104008793771497628671348484656806515683378258614300045698716735954", "price": "0.7", "size": "1400", "side": "SELL", "hash": "ae8b96171a0c4e05f226510cea5ff900b610898a", "best_bid": "0.06", "best_ask": "0.07"}], "timestamp": "1769385020526", "event_type": "price_change"}}
{"_local_timestamp": "2026-01-25T23:50:46.356893+00:00", "data": {"market": "0x1015d806e33eebde7edb0762f1197051575f6286b5f06261d8e4ff4d34c90697", "price_changes": [{"asset_id": "38811313559753229260784307238331767267556778943568467360862733466604979911236", "price": "0.16", "size": "250", "side": "BUY", "hash": "5ebbf61488eec8f3abc5b2ca6cc84fca02d10e61", "best_bid": "0.93", "best_ask": "0.94"}, {"asset_id": "82529802032104008793771497628671348484656806515683378258614300045698716735954", "price": "0.84", "size": "250", "side": "SELL", "hash": "74524a06709e75bf32a7a3a19a1de2c243b151f8", "best_bid": "0.06", "best_ask": "0.07"}], "timestamp": "1769385046266", "event_type": "price_change"}}
{"_local_timestamp": "2026-01-25T23:50:46.358508+00:00", "data": {"market": "0x1015d806e33eebde7edb0762f1197051575f6286b5f06261d8e4ff4d34c90697", "price_changes": [{"asset_id": "38811313559753229260784307238331767267556778943568467360862733466604979911236", "price": "0.23", "size": "171.73", "side": "BUY", "hash": "5ebbf61488eec8f3abc5b2ca6cc84fca02d10e61", "best_bid": "0.93", "best_ask": "0.94"}, {"asset_id": "82529802032104008793771497628671348484656806515683378258614300045698716735954", "price": "0.77", "size": "171.73", "side": "SELL", "hash": "74524a06709e75bf32a7a3a19a1de2c243b151f8", "best_bid": "0.06", "best_ask": "0.07"}], "timestamp": "1769385046266", "event_type": "price_change"}}
{"_local_timestamp": "2026-01-25T23:50:46.816398+00:00", "data": {"market": "0x1015d806e33eebde7edb0762f1197051575f6286b5f06261d8e4ff4d34c90697", "price_changes": [{"asset_id": "38811313559753229260784307238331767267556778943568467360862733466604979911236", "price": "0.25", "size": "600", "side": "BUY", "hash": "469a521f1afdf9eda377ac2ed2bbeb76e8b3f4de", "best_bid": "0.93", "best_ask": "0.94"}, {"asset_id": "82529802032104008793771497628671348484656806515683378258614300045698716735954", "price": "0.75", "size": "600", "side": "SELL", "hash": "d06ef2712bf1a0cb3559d575b7be5e05a748f51e", "best_bid": "0.06", "best_ask": "0.07"}], "timestamp": "1769385046646", "event_type": "price_change"}}
{"_local_timestamp": "2026-01-25T23:50:46.832122+00:00", "data": {"market": "0x1015d806e33eebde7edb0762f1197051575f6286b5f06261d8e4ff4d34c90697", "price_changes": [{"asset_id": "38811313559753229260784307238331767267556778943568467360862733466604979911236", "price": "0.2", "size": "400", "side": "BUY", "hash": "cfe31baef3927a7a94f1724ffc54e3d6ef872401", "best_bid": "0.93", "best_ask": "0.94"}, {"asset_id": "82529802032104008793771497628671348484656806515683378258614300045698716735954", "price": "0.8", "size": "400", "side": "SELL", "hash": "30e157ece53202183db5a8a52baac7af83bd0624", "best_bid": "0.06", "best_ask": "0.07"}], "timestamp": "1769385046656", "event_type": "price_change"}}
{"_local_timestamp": "2026-01-25T23:51:04.699583+00:00", "data": {"market": "0x1015d806e33eebde7edb0762f1197051575f6286b5f06261d8e4ff4d34c90697", "price_changes": [{"asset_id": "82529802032104008793771497628671348484656806515683378258614300045698716735954", "price": "0.02", "size": "65955", "side": "BUY", "hash": "5f524286d349ac72a0995d4548cfa2204910db86", "best_bid": "0.06", "best_ask": "0.07"}, {"asset_id": "38811313559753229260784307238331767267556778943568467360862733466604979911236", "price": "0.98", "size": "65955", "side": "SELL", "hash": "7fd1b1282f4aae482d32662230d17ffc2591b670", "best_bid": "0.93", "best_ask": "0.94"}], "timestamp": "1769385064624", "event_type": "price_change"}}
{"_local_timestamp": "2026-01-25T23:51:04.700258+00:00", "data": {"market": "0x1015d806e33eebde7edb0762f1197051575f6286b5f06261d8e4ff4d34c90697", "price_changes": [{"asset_id": "82529802032104008793771497628671348484656806515683378258614300045698716735954", "price": "0.03", "size": "8855.66", "side": "BUY", "hash": "5f524286d349ac72a0995d4548cfa2204910db86", "best_bid": "0.06", "best_ask": "0.07"}, {"asset_id": "38811313559753229260784307238331767267556778943568467360862733466604979911236", "price": "0.97", "size": "8855.66", "side": "SELL", "hash": "7fd1b1282f4aae482d32662230d17ffc2591b670", "best_bid": "0.93", "best_ask": "0.94"}], "timestamp": "1769385064624", "event_type": "price_change"}}
{"_local_timestamp": "2026-01-25T23:51:04.700637+00:00", "data": {"market": "0x1015d806e33eebde7edb0762f1197051575f6286b5f06261d8e4ff4d34c90697", "price_changes": [{"asset_id": "82529802032104008793771497628671348484656806515683378258614300045698716735954", "price": "0.04", "size": "14611", "side": "BUY", "hash": "5f524286d349ac72a0995d4548cfa2204910db86", "best_bid": "0.06", "best_ask": "0.07"}, {"asset_id": "38811313559753229260784307238331767267556778943568467360862733466604979911236", "price": "0.96", "size": "14611", "side": "SELL", "hash": "7fd1b1282f4aae482d32662230d17ffc2591b670", "best_bid": "0.93", "best_ask": "0.94"}], "timestamp": "1769385064624", "event_type": "price_change"}}
{"_local_timestamp": "2026-01-25T23:51:05.013624+00:00", "data": {"market": "0x1015d806e33eebde7edb0762f1197051575f6286b5f06261d8e4ff4d34c90697", "price_changes": [{"asset_id": "82529802032104008793771497628671348484656806515683378258614300045698716735954", "price": "0.04", "size": "14618.91", "side": "BUY", "hash": "5d1c17f8f0336e82cbe2575d47113c3452e8386f", "best_bid": "0.06", "best_ask": "0.07"}, {"asset_id": "38811313559753229260784307238331767267556778943568467360862733466604979911236", "price": "0.96", "size": "14618.91", "side": "SELL", "hash": "c5124571557e330a877fb2a7dfecb06bfc44b0fc", "best_bid": "0.93", "best_ask": "0.94"}], "timestamp": "1769385064934", "event_type": "price_change"}}
{"_local_timestamp": "2026-01-25T23:51:05.014047+00:00", "data": {"market": "0x1015d806e33eebde7edb0762f1197051575f6286b5f06261d8e4ff4d34c90697", "price_changes": [{"asset_id": "82529802032104008793771497628671348484656806515683378258614300045698716735954", "price": "0.02", "size": "65972.5", "side": "BUY", "hash": "7e64bb9b6d8fccec99f7e3af09f72f1512f5fe52", "best_bid": "0.06", "best_ask": "0.07"}, {"asset_id": "38811313559753229260784307238331767267556778943568467360862733466604979911236", "price": "0.98", "size": "65972.5", "side": "SELL", "hash": "dea016ddb4d3a8c1e8a4be23583a44c673d38b66", "best_bid": "0.93", "best_ask": "0.94"}], "timestamp": "1769385064936", "event_type": "price_change"}}
{"_local_timestamp": "2026-01-25T23:51:05.014416+00:00", "data": {"market": "0x1015d806e33eebde7edb0762f1197051575f6286b5f06261d8e4ff4d34c90697", "price_changes": [{"asset_id": "82529802032104008793771497628671348484656806515683378258614300045698716735954", "price": "0.03", "size": "8866.76", "side": "BUY", "hash": "d5bc0acab299857665f3bd9c387f7816cf0dcd8d", "best_bid": "0.06", "best_ask": "0.07"}, {"asset_id": "38811313559753229260784307238331767267556778943568467360862733466604979911236", "price": "0.97", "size": "8866.76", "side": "SELL", "hash": "c5b2f8c3f14f5d99ba8038f5ac273502e33761b7", "best_bid": "0.93", "best_ask": "0.94"}], "timestamp": "1769385064937", "event_type": "price_change"}}
{"_local_timestamp": "2026-01-25T23:51:12.690410+00:00", "data": {"market": "0x1015d806e33eebde7edb0762f1197051575f6286b5f06261d8e4ff4d34c90697", "price_changes": [{"asset_id": "82529802032104008793771497628671348484656806515683378258614300045698716735954", "price": "0.02", "size": "65872.5", "side": "BUY", "hash": "25044be97670f4b140a7997b8d69c8114d9bc968", "best_bid": "0.06", "best_ask": "0.07"}, {"asset_id": "38811313559753229260784307238331767267556778943568467360862733466604979911236", "price": "0.98", "size": "65872.5", "side": "SELL", "hash": "0ed51d3d23b841817cef650f3def1f5a5007683e", "best_bid": "0.93", "best_ask": "0.94"}], "timestamp": "1769385072267", "event_type": "price_change"}}
{"_local_timestamp": "2026-01-25T23:51:12.691175+00:00", "data": {"market": "0x1015d806e33eebde7edb0762f1197051575f6286b5f06261d8e4ff4d34c90697", "price_changes": [{"asset_id": "82529802032104008793771497628671348484656806515683378258614300045698716735954", "price": "0.02", "size": "65922.5", "side": "BUY", "hash": "3d713979022e5cfb72d19f6a10be12aa402bbe39", "best_bid": "0.06", "best_ask": "0.07"}, {"asset_id": "38811313559753229260784307238331767267556778943568467360862733466604979911236", "price": "0.98", "size": "65922.5", "side": "SELL", "hash": "e155d6d547650a585dcb49e098c8cae787ebcedc", "best_bid": "0.93", "best_ask": "0.94"}], "timestamp": "1769385072297", "event_type": "price_change"}}
{"_local_timestamp": "2026-01-25T23:51:14.249541+00:00", "data": {"market": "0x1015d806e33eebde7edb0762f1197051575f6286b5f06261d8e4ff4d34c90697", "price_changes": [{"asset_id": "38811313559753229260784307238331767267556778943568467360862733466604979911236", "price": "0.41", "size": "1462", "side": "BUY", "hash": "33f2ec453d7813bff4d0e3d913c574ffcc3e734e", "best_bid": "0.93", "best_ask": "0.94"}, {"asset_id": "82529802032104008793771497628671348484656806515683378258614300045698716735954", "price": "0.59", "size": "1462", "side": "SELL", "hash": "09a2d0c284bb23fa60b053df99cc44bf99594f77", "best_bid": "0.06", "best_ask": "0.07"}], "timestamp": "1769385074179", "event_type": "price_change"}}
