{"_local_timestamp": "2026-01-25T23:33:17.311983+00:00", "data": [{"market": "0x495e6b49e7397bb4e6f8ce69e246ccb33b744678bd9bf88cbecbd3a113b05423", "asset_id": "98243235802256277307355151946200594769978374926029806468282956710218078263468", "timestamp": "1769383950750", "hash": "6d1ebba87494feb66ed3e998e97b8804ae787576", "bids": [{"price": "0.01", "size": "312722.01"}, {"price": "0.02", "size": "6596.14"}, {"price": "0.03", "size": "9682.66"}, {"price": "0.04", "size": "8956.59"}], "asks": [{"price": "0.99", "size": "16416.69"}, {"price": "0.98", "size": "4096"}, {"price": "0.97", "size": "10.12"}, {"price": "0.96", "size": "3298"}, {"price": "0.95", "size": "30"}, {"price": "0.92", "size": "512"}, {"price": "0.9", "size": "360"}, {"price": "0.89", "size": "2731.44"}, {"price": "0.86", "size": "242.85"}, {"price": "0.84", "size": "256"}, {"price": "0.83", "size": "940"}, {"price": "0.81", "size": "168.42"}, {"price": "0.8", "size": "800"}, {"price": "0.76", "size": "116.66"}, {"price": "0.71", "size": "89.65"}, {"price": "0.7", "size": "500"}, {"price": "0.69", "size": "5240"}, {"price": "0.68", "size": "128"}, {"price": "0.66", "size": "70.58"}, {"price": "0.62", "size": "52.63"}, {"price": "0.57", "size": "1394"}, {"price": "0.36", "size": "64"}, {"price": "0.25", "size": "5000"}, {"price": "0.24", "size": "1200"}, {"price": "0.21", "size": "166.66"}, {"price": "0.2", "size": "409.09"}, {"price": "0.16", "size": "1019.12"}, {"price": "0.15", "size": "3000"}, {"price": "0.14", "size": "2000"}, {"price": "0.12", "size": "3088.89"}, {"price": "0.11", "size": "1230.17"}, {"price": "0.1", "size": "10100"}, {"price": "0.09", "size": "3071"}, {"price": "0.08", "size": "7660.04"}, {"price": "0.07", "size": "3515.14"}, {"price": "0.06", "size": "3967.87"}, {"price": "0.05", "size": "120.28"}], "event_type": "book", "last_trade_price": "0.950"}, {"market": "0x495e6b49e7397bb4e6f8ce69e246ccb33b744678bd9bf88cbecbd3a113b05423", "asset_id": "49090268393791569424317269381401319067383973218195824239464904477008632274751", "timestamp": "1769383950750", "hash": "c900847dddd51ba8995ba1c23f380b5418f79e24", "bids": [{"price": "0.01", "size": "16416.69"}, {"price": "0.02", "size": "4096"}, {"price": "0.03", "size": "10.12"}, {"price": "0.04", "size": "3298"}, {"price": "0.05", "size": "30"}, {"price": "0.08", "size": "512"}, {"price": "0.1", "size": "360"}, {"price": "0.11", "size": "2731.44"}, {"price": "0.14", "size": "242.85"}, {"price": "0.16", "size": "256"}, {"price": "0.17", "size": "940"}, {"price": "0.19", "size": "168.42"}, {"price": "0.2", "size": "800"}, {"price": "0.24", "size": "116.66"}, {"price": "0.29", "size": "89.65"}, {"price": "0.3", "size": "500"}, {"price": "0.31", "size": "5240"}, {"price": "0.32", "size": "128"}, {"price": "0.34", "size": "70.58"}, {"price": "0.38", "size": "52.63"}, {"price": "0.43", "size": "1394"}, {"price": "0.64", "size": "64"}, {"price": "0.75", "size": "5000"}, {"price": "0.76", "size": "1200"}, {"price": "0.79", "size": "166.66"}, {"price": "0.8", "size": "409.09"}, {"price": "0.84", "size": "1019.12"}, {"price": "0.85", "size": "3000"}, {"price": "0.86", "size": "2000"}, {"price": "0.88", "size": "3088.89"}, {"price": "0.89", "size": "1230.17"}, {"price": "0.9", "size": "10100"}, {"price": "0.91", "size": "3071"}, {"price": "0.92", "size": "7660.04"}, {"price": "0.93", "size": "3515.14"}, {"price": "0.94", "size": "3967.87"}, {"price": "0.95", "size": "120.28"}], "asks": [{"price": "0.99", "size": "312722.01"}, {"price": "0.98", "size": "6596.14"}, {"price": "0.97", "size": "9682.66"}, {"price": "0.96", "size": "8956.59"}], "event_type": "book", "last_trade_price": "0.950"}]}
{"_local_timestamp": "2026-01-25T23:33:43.198630+00:00", "data": {"market": "0x495e6b49e7397bb4e6f8ce69e246ccb33b744678bd9bf88cbecbd3a113b05423", "price_changes": [{"asset_id": "49090268393791569424317269381401319067383973218195824239464904477008632274751", "price": "0.21", "size": "1998", "side": "BUY", "hash": "c44bc3e070eda6a8fce8d9ea30aef28846d9773f", "best_bid": "0.95", "best_ask": "0.96"}, {"asset_id": "98243235802256277307355151946200594769978374926029806468282956710218078263468", "price": "0.79", "size": "1998", "side": "SELL", "hash": "4713ab37a48ad5cdf24ea02b0a3a4a42e5bffbe4", "best_bid": "0.04", "best_ask": "0.05"}], "timestamp": "1769384023133", "event_type": "price_change"}}
{"_local_timestamp": "2026-01-25T23:35:00.079362+00:00", "data": {"market": "0x495e6b49e7397bb4e6f8ce69e246ccb33b744678bd9bf88cbecbd3a113b05423", "price_changes": [{"asset_id": "98243235802256277307355151946200594769978374926029806468282956710218078263468", "price": "0.01", "size": "312712.5", "side": "BUY", "hash": "ee1b8fb53ac0e2f9a742391d5cf351942154f4dd", "best_bid": "0.04", "best_ask": "0.05"}, {"asset_id": "49090268393791569424317269381401319067383973218195824239464904477008632274751", "price": "0.99", "size": "312712.5", "side": "SELL", "hash": "aa0b0a67f38f180b1adc533fe7ef029107c5ec05", "best_bid": "0.95", "best_ask": "0.96"}], "timestamp": "1769384100006", "event_type": "price_change"}}
{"_local_timestamp": "2026-01-25T23:35:00.080310+00:00", "data": {"market": "0x495e6b49e7397bb4e6f8ce69e246ccb33b744678bd9bf88cbecbd3a113b05423", "price_changes": [{"asset_id": "98243235802256277307355151946200594769978374926029806468282956710218078263468", "price": "0.02", "size": "6550.9", "side": "BUY", "hash": "ee1b8fb53ac0e2f9a742391d5cf351942154f4dd", "best_bid": "0.04", "best_ask": "0.05"}, {"asset_id": "49090268393791569424317269381401319067383973218195824239464904477008632274751", "price": "0.98", "size": "6550.9", "side": "SELL", "hash": "aa0b0a67f38f180b1adc533fe7ef029107c5ec05", "best_bid": "0.95", "best_ask": "0.96"}], "timestamp": "1769384100006", "event_type": "price_change"}}
{"_local_timestamp": "2026-01-25T23:35:00.465838+00:00", "data": {"market": "0x495e6b49e7397bb4e6f8ce69e246ccb33b744678bd9bf88cbecbd3a113b05423", "price_changes": [{"asset_id": "49090268393791569424317269381401319067383973218195824239464904477008632274751", "price": "0.94", "size": "3755.17", "side": "BUY", "hash": "ed522fb6ceb0fbe5fd2a5c1a87ad0b833a1333a9", "best_bid": "0.95", "best_ask": "0.96"}, {"asset_id": "98243235802256277307355151946200594769978374926029806468282956710218078263468", "price": "0.06", "size": "3755.17", "side": "SELL", "hash": "cf6dd11bf19913f014cddf340e9a575712638531", "best_bid": "0.04", "best_ask": "0.05"}], "timestamp": "1769384100398", "event_type": "price_change"}}
{"_local_timestamp": "2026-01-25T23:35:00.632075+00:00", "data": {"market": "0x495e6b49e7397bb4e6f8ce69e246ccb33b744678bd9bf88cbecbd3a113b05423", "price_changes": [{"asset_id": "49090268393791569424317269381401319067383973218195824239464904477008632274751", "price": "0.94", "size": "3967.87", "side": "BUY", "hash": "54685d717500257a1e28286b60c82438a7b55fbc", "best_bid": "0.95", "best_ask": "0.96"}, {"asset_id": "98243235802256277307355151946200594769978374926029806468282956710218078263468", "price": "0.06", "size": "3967.87", "side": "SELL", "hash": "ab16e0920f14e2711662aa16a325d909ca45b208", "best_bid": "0.04", "best_ask": "0.05"}], "timestamp": "1769384100547", "event_type": "price_change"}}
{"_local_timestamp": "2026-01-25T23:35:02.941465+00:00", "data": {"market": "0x495e6b49e7397bb4e6f8ce69e246ccb33b744678bd9bf88cbecbd3a113b05423", "price_changes": [{"asset_id": "98243235802256277307355151946200594769978374926029806468282956710218078263468", "price": "0.02", "size": "6596.14", "side": "BUY", "hash": "d92cc102cbde8636f30e3e63e90020e8628ef305", "best_bid": "0.04", "best_ask": "0.05"}, {"asset_id": "49090268393791569424317269381401319067383973218195824239464904477008632274751", "price": "0.98", "size": "6596.14", "side": "SELL", "hash": "bbd4dc29c1c5fc0f2ce7f85611da25aaaebf2965", "best_bid": "0.95", "best_ask": "0.96"}], "timestamp": "1769384102867", "event_type": "price_change"}}
{"_local_timestamp": "2026-01-25T23:35:02.941820+00:00", "data": {"market": "0x495e6b49e7397bb4e6f8ce69e246ccb33b744678bd9bf88cbecbd3a113b05423", "price_changes": [{"asset_id": "98243235802256277307355151946200594769978374926029806468282956710218078263468", "price": "0.01", "size": "312722.01", "side": "BUY", "hash": "02780fb7722db693a9300ff8b4fe522c6f853dd8", "best_bid": "0.04", "best_ask": "0.05"}, {"asset_id": "49090268393791569424317269381401319067383973218195824239464904477008632274751", "price": "0.99", "size": "312722.01", "side": "SELL", "hash": "0d5a85b59b6794cb1a744a8fe6450bf06a167020", "best_bid": "0.95", "best_ask": "0.96"}], "timestamp": "1769384102868", "event_type": "price_change"}}
{"_local_timestamp": "2026-01-25T23:35:58.197103+00:00", "data": {"market": "0x495e6b49e7397bb4e6f8ce69e246ccb33b744678bd9bf88cbecbd3a113b05423", "price_changes": [{"asset_id": "49090268393791569424317269381401319067383973218195824239464904477008632274751", "price": "0.21", "size": "0", "side": "BUY", "hash": "2b9d3f422da7997bf9c9f7011f63420c74102a2e", "best_bid": "0.95", "best_ask": "0.96"}, {"asset_id": "98243235802256277307355151946200594769978374926029806468282956710218078263468", "price": "0.79", "size": "0", "side": "SELL", "hash": "64673a2f517459c6e506327822fc7721251240f3", "best_bid": "0.04", "best_ask": "0.05"}], "timestamp": "1769384158076", "event_type": "price_change"}}
{"_local_timestamp": "2026-01-25T23:36:10.678923+00:00", "data": {"market": "0x495e6b49e7397bb4e6f8ce69e246ccb33b744678bd9bf88cbecbd3a113b05423", "price_changes": [{"asset_id": "49090268393791569424317269381401319067383973218195824239464904477008632274751", "price": "0.22", "size": "1908", "side": "BUY", "hash": "e38711a1960f65d2ef49cdd8c43894dff6a6e9cb", "best_bid": "0.95", "best_ask": "0.96"}, {"asset_id": "98243235802256277307355151946200594769978374926029806468282956710218078263468", "price": "0.78", "size": "1908", "side": "SELL", "hash": "c0cd966f619bc48c1a8dfcb0d993ec1dddc960c2", "best_bid": "0.04", "best_ask": "0.05"}], "timestamp": "1769384170594", "event_type": "price_change"}}
{"_local_timestamp": "2026-01-25T23:37:35.322686+00:00", "data": {"market": "0x495e6b49e7397bb4e6f8ce69e246ccb33b744678bd9bf88cbecbd3a113b05423", "price_changes": [{"asset_id": "49090268393791569424317269381401319067383973218195824239464904477008632274751", "price": "0.22", "size": "0", "side": "BUY", "hash": "4d8a7f7e40628f6a97b623e0a1dd91afccc04fd4", "best_bid": "0.95", "best_ask": "0.96"}, {"asset_id": "98243235802256277307355151946200594769978374926029806468282956710218078263468", "price": "0.78", "size": "0", "side": "SELL", "hash": "89ca980140ca649d596095960dbcf68e155fccaf", "best_bid": "0.04", "best_ask": "0.05"}], "timestamp": "1769384255121", "event_type": "price_change"}}
{"_local_timestamp": "2026-01-25T23:37:37.631007+00:00", "data": {"market": "0x495e6b49e7397bb4e6f8ce69e246ccb33b744678bd9bf88cbecbd3a113b05423", "price_changes": [{"asset_id": "49090268393791569424317269381401319067383973218195824239464904477008632274751", "price": "0.21", "size": "1998", "side": "BUY", "hash": "62952d3cffca180d5c57c5b06329b94bd7a2e677", "best_bid": "0.95", "best_ask": "0.96"}, {"asset_id": "98243235802256277307355151946200594769978374926029806468282956710218078263468", "price": "0.79", "size": "1998", "side": "SELL", "hash": "3bc8c6b426569f7141065961bd529ed1beb94b6c", "best_bid": "0.04", "best_ask": "0.05"}], "timestamp": "1769384257556", "event_type": "price_change"}}
