{"_local_timestamp": "2026-01-25T23:33:17.124544+00:00", "data": [{"market": "0x53700c2b2fa65e0a3775c757d0c705be4bee8c265c49d283ef50a0dfb3bf8894", "asset_id": "40635745065483171354210492699079862696789237657248181561502664751201684944045", "timestamp": "1769383986352", "hash": "081415a0a0dd14883910f0ae33388581b070539c", "bids": [{"price": "0.001", "size": "5858.97"}, {"price": "0.002", "size": "1255.06"}, {"price": "0.003", "size": "1400"}, {"price": "0.004", "size": "8.65"}, {"price": "0.006", "size": "200"}, {"price": "0.01", "size": "3250"}, {"price": "0.011", "size": "5.14"}, {"price": "0.02", "size": "1000"}, {"price": "0.021", "size": "175.82"}, {"price": "0.028", "size": "155.84"}, {"price": "0.03", "size": "123.07"}, {"price": "0.031", "size": "9.52"}, {"price": "0.05", "size": "2330"}, {"price": "0.051", "size": "111.39"}, {"price": "0.07", "size": "3099.98"}, {"price": "0.071", "size": "61.45"}, {"price": "0.072", "size": "51.28"}, {"price": "0.1", "size": "1748.08"}, {"price": "0.102", "size": "18"}, {"price": "0.107", "size": "40.78"}, {"price": "0.108", "size": "34.18"}, {"price": "0.109", "size": "5.48"}, {"price": "0.122", "size": "35.76"}, {"price": "0.123", "size": "30.01"}, {"price": "0.15", "size": "776.66"}, {"price": "0.151", "size": "24.45"}, {"price": "0.152", "size": "28.7"}, {"price": "0.153", "size": "24.13"}, {"price": "0.2", "size": "610"}, {"price": "0.201", "size": "40.06"}, {"price": "0.25", "size": "362"}, {"price": "0.251", "size": "32.09"}, {"price": "0.3", "size": "198.96"}, {"price": "0.301", "size": "14.49"}, {"price": "0.35", "size": "68.57"}, {"price": "0.351", "size": "12.43"}, {"price": "0.4", "size": "159.23"}, {"price": "0.41", "size": "3543.05"}, {"price": "0.411", "size": "5"}, {"price": "0.414", "size": "10.54"}, {"price": "0.448", "size": "9.74"}, {"price": "0.449", "size": "8.22"}, {"price": "0.923", "size": "1011.69"}, {"price": "0.942", "size": "500"}, {"price": "0.943", "size": "500"}, {"price": "0.945", "size": "2300"}, {"price": "0.951", "size": "312.1"}, {"price": "0.957", "size": "51"}, {"price": "0.958", "size": "17.63"}, {"price": "0.96", "size": "1000"}, {"price": "0.962", "size": "1000"}, {"price": "0.973", "size": "200"}, {"price": "0.974", "size": "391.3"}, {"price": "0.976", "size": "300"}, {"price": "0.979", "size": "17"}, {"price": "0.981", "size": "509.92"}, {"price": "0.982", "size": "253.07"}, {"price": "0.983", "size": "3700"}, {"price": "0.984", "size": "6900"}, {"price": "0.985", "size": "1076.93"}, {"price": "0.987", "size": "72.46"}], "asks": [{"price": "0.999", "size": "9201.37"}, {"price": "0.998", "size": "7058"}, {"price": "0.997", "size": "288.47"}, {"price": "0.996", "size": "2528.71"}, {"price": "0.995", "size": "1022.33"}, {"price": "0.994", "size": "7530.25"}, {"price": "0.993", "size": "30.02"}, {"price": "0.992", "size": "137.5"}, {"price": "0.991", "size": "910.16"}, {"price": "0.99", "size": "313.14"}, {"price": "0.989", "size": "1118.09"}, {"price": "0.988", "size": "600"}], "event_type": "book", "last_trade_price": "0.013"}, {"market": "0x53700c2b2fa65e0a3775c757d0c705be4bee8c265c49d283ef50a0dfb3bf8894", "asset_id": "7935869750973568991063634796432742901043529564448603464914559127943627115874", "timestamp": "1769383986352", "hash": "223a7b8b45881fff6a228f2151af4e0ccdabc71b", "bids": [{"price": "0.001", "size": "9201.37"}, {"price": "0.002", "size": "7058"}, {"price": "0.003", "size": "288.47"}, {"price": "0.004", "size": "2528.71"}, {"price": "0.005", "size": "1022.33"}, {"price": "0.006", "size": "7530.25"}, {"price": "0.007", "size": "30.02"}, {"price": "0.008", "size": "137.5"}, {"price": "0.009", "size": "910.16"}, {"price": "0.01", "size": "313.14"}, {"price": "0.011", "size": "1118.09"}, {"price": "0.012", "size": "600"}], "asks": [{"price": "0.999", "size": "5858.97"}, {"price": "0.998", "size": "1255.06"}, {"price": "0.997", "size": "1400"}, {"price": "0.996", "size": "8.65"}, {"price": "0.994", "size": "200"}, {"price": "0.99", "size": "3250"}, {"price": "0.989", "size": "5.14"}, {"price": "0.98", "size": "1000"}, {"price": "0.979", "size": "175.82"}, {"price": "0.972", "size": "155.84"}, {"price": "0.97", "size": "123.07"}, {"price": "0.969", "size": "9.52"}, {"price": "0.95", "size": "2330"}, {"price": "0.949", "size": "111.39"}, {"price": "0.93", "size": "3099.98"}, {"price": "0.929", "size": "61.45"}, {"price": "0.928", "size": "51.28"}, {"price": "0.9", "size": "1748.08"}, {"price": "0.898", "size": "18"}, {"price": "0.893", "size": "40.78"}, {"price": "0.892", "size": "34.18"}, {"price": "0.891", "size": "5.48"}, {"price": "0.878", "size": "35.76"}, {"price": "0.877", "size": "30.01"}, {"price": "0.85", "size": "776.66"}, {"price": "0.849", "size": "24.45"}, {"price": "0.848", "size": "28.7"}, {"price": "0.847", "size": "24.13"}, {"price": "0.8", "size": "610"}, {"price": "0.799", "size": "40.06"}, {"price": "0.75", "size": "362"}, {"price": "0.749", "size": "32.09"}, {"price": "0.7", "size": "198.96"}, {"price": "0.699", "size": "14.49"}, {"price": "0.65", "size": "68.57"}, {"price": "0.649", "size": "12.43"}, {"price": "0.6", "size": "159.23"}, {"price": "0.59", "size": "3543.05"}, {"price": "0.589", "size": "5"}, {"price": "0.586", "size": "10.54"}, {"price": "0.552", "size": "9.74"}, {"price": "0.551", "size": "8.22"}, {"price": "0.077", "size": "1011.69"}, {"price": "0.058", "size": "500"}, {"price": "0.057", "size": "500"}, {"price": "0.055", "size": "2300"}, {"price": "0.049", "size": "312.1"}, {"price": "0.043", "size": "51"}, {"price": "0.042", "size": "17.63"}, {"price": "0.04", "size": "1000"}, {"price": "0.038", "size": "1000"}, {"price": "0.027", "size": "200"}, {"price": "0.026", "size": "391.3"}, {"price": "0.024", "size": "300"}, {"price": "0.021", "size": "17"}, {"price": "0.019", "size": "509.92"}, {"price": "0.018", "size": "253.07"}, {"price": "0.017", "size": "3700"}, {"price": "0.016", "size": "6900"}, {"price": "0.015", "size": "1076.93"}, {"price": "0.013", "size": "72.46"}], "event_type": "book", "last_trade_price": "0.013"}]}
{"_local_timestamp": "2026-01-25T23:33:44.169969+00:00", "data": {"market": "0x53700c2b2fa65e0a3775c757d0c705be4bee8c265c49d283ef50a0dfb3bf8894", "price_changes": [{"asset_id": "40635745065483171354210492699079862696789237657248181561502664751201684944045", "price": "0.4", "size": "150", "side": "BUY", "hash": "09b0f68882572b5afd6383bc332968b3cf6d92b9", "best_bid": "0.987", "best_ask": "0.988"}, {"asset_id": "7935869750973568991063634796432742901043529564448603464914559127943627115874", "price": "0.6", "size": "150", "side": "SELL", "hash": "55ad4e7ad65951c4b13f121dfcd135008bd28402", "best_bid": "0.012", "best_ask": "0.013"}], "timestamp": "1769384024102", "event_type": "price_change"}}
{"_local_timestamp": "2026-01-25T23:33:44.371520+00:00", "data": {"market": "0x53700c2b2fa65e0a3775c757d0c705be4bee8c265c49d283ef50a0dfb3bf8894", "price_changes": [{"asset_id": "40635745065483171354210492699079862696789237657248181561502664751201684944045", "price": "0.3", "size": "186.66", "side": "BUY", "hash": "cdd84b25b9aee50bdc55b43a1021624346ff5084", "best_bid": "0.987", "best_ask": "0.988"}, {"asset_id": "7935869750973568991063634796432742901043529564448603464914559127943627115874", "price": "0.7", "size": "186.66", "side": "SELL", "hash": "b966400d204a976ec6caf6d8dbaa11f7dfbcadff", "best_bid": "0.012", "best_ask": "0.013"}], "timestamp": "1769384024304", "event_type": "price_change"}}
{"_local_timestamp": "2026-01-25T23:33:44.582137+00:00", "data": {"market": "0x53700c2b2fa65e0a3775c757d0c705be4bee8c265c49d283ef50a0dfb3bf8894", "price_changes": [{"asset_id": "40635745065483171354210492699079862696789237657248181561502664751201684944045", "price": "0.03", "size": "0", "side": "BUY", "hash": "78e78c036dd1db6e67947b1a4765359289e0fd77", "best_bid": "0.987", "best_ask": "0.988"}, {"asset_id": "7935869750973568991063634796432742901043529564448603464914559127943627115874", "price": "0.97", "size": "0", "side": "SELL", "hash": "b544de47add26748384a4b45d118a97a9ec97446", "best_bid": "0.012", "best_ask": "0.013"}], "timestamp": "1769384024512", "event_type": "price_change"}}
{"_local_timestamp": "2026-01-25T23:33:44.763431+00:00", "data": {"market": "0x53700c2b2fa65e0a3775c757d0c705be4bee8c265c49d283ef50a0dfb3bf8894", "price_changes": [{"asset_id": "40635745065483171354210492699079862696789237657248181561502664751201684944045", "price": "0.021", "size": "0", "side": "BUY", "hash": "ade76166149756da10f74d12a5073cf89f2b064d", "best_bid": "0.987", "best_ask": "0.988"}, {"asset_id": "7935869750973568991063634796432742901043529564448603464914559127943627115874", "price": "0.979", "size": "0", "side": "SELL", "hash": "70a8f1fc05ceb1df412368a72a6e02855b083b2d", "best_bid": "0.012", "best_ask": "0.013"}], "timestamp": "1769384024695", "event_type": "price_change"}}
{"_local_timestamp": "2026-01-25T23:33:44.973950+00:00", "data": {"market": "0x53700c2b2fa65e0a3775c757d0c705be4bee8c265c49d283ef50a0dfb3bf8894", "price_changes": [{"asset_id": "40635745065483171354210492699079862696789237657248181561502664751201684944045", "price": "0.021", "size": "190.47", "side": "BUY", "hash": "1aec146b9b2beb96ee66d4a11250140c271ace0c", "best_bid": "0.987", "best_ask": "0.988"}, {"asset_id": "7935869750973568991063634796432742901043529564448603464914559127943627115874", "price": "0.979", "size": "190.47", "side": "SELL", "hash": "0bc0bc41d2709bc5a292e5f370119f0bbe41cc21", "best_bid": "0.012", "best_ask": "0.013"}], "timestamp": "1769384024907", "event_type": "price_change"}}
{"_local_timestamp": "2026-01-25T23:33:45.162145+00:00", "data": {"market": "0x53700c2b2fa65e0a3775c757d0c705be4bee8c265c49d283ef50a0dfb3bf8894", "price_changes": [{"asset_id": "40635745065483171354210492699079862696789237657248181561502664751201684944045", "price": "0.032", "size": "125", "side": "BUY", "hash": "c73a0e515aff35315ba30ac420afef2be7ccf3ae", "best_bid": "0.987", "best_ask": "0.988"}, {"asset_id": "7935869750973568991063634796432742901043529564448603464914559127943627115874", "price": "0.968", "size": "125", "side": "SELL", "hash": "8f4e8233e3a6a3d80233961933cdb7c74c9f5a9b", "best_bid": "0.012", "best_ask": "0.013"}], "timestamp": "1769384025093", "event_type": "price_change"}}
{"_local_timestamp": "2026-01-25T23:33:45.372719+00:00", "data": {"market": "0x53700c2b2fa65e0a3775c757d0c705be4bee8c265c49d283ef50a0dfb3bf8894", "price_changes": [{"asset_id": "40635745065483171354210492699079862696789237657248181561502664751201684944045", "price": "0.051", "size": "39", "side": "BUY", "hash": "952dea850915888e3e14c7919f1d89ad8474875a", "best_bid": "0.987", "best_ask": "0.988"}, {"asset_id": "7935869750973568991063634796432742901043529564448603464914559127943627115874", "price": "0.949", "size": "39", "side": "SELL", "hash": "3053f75bf8800bdce6615ac6754c0a2fb700fbc3", "best_bid": "0.012", "best_ask": "0.013"}], "timestamp": "1769384025283", "event_type": "price_change"}}
{"_local_timestamp": "2026-01-25T23:33:45.583842+00:00", "data": {"market": "0x53700c2b2fa65e0a3775c757d0c705be4bee8c265c49d283ef50a0dfb3bf8894", "price_changes": [{"asset_id": "40635745065483171354210492699079862696789237657248181561502664751201684944045", "price": "0.051", "size": "117.43", "side": "BUY", "hash": "fadc44899c944416e2baec05a84960bbe020ef30", "best_bid": "0.987", "best_ask": "0.988"}, {"asset_id": "7935869750973568991063634796432742901043529564448603464914559127943627115874", "price": "0.949", "size": "117.43", "side": "SELL", "hash": "bbc2910acb23663607073c037107e14f6f4a9664", "best_bid": "0.012", "best_ask": "0.013"}], "timestamp": "1769384025518", "event_type": "price_change"}}
{"_local_timestamp": "2026-01-25T23:33:45.782619+00:00", "data": {"market": "0x53700c2b2fa65e0a3775c757d0c705be4bee8c265c49d283ef50a0dfb3bf8894", "price_changes": [{"asset_id": "40635745065483171354210492699079862696789237657248181561502664751201684944045", "price": "0.072", "size": "0", "side": "BUY", "hash": "962cb52bc5739b2e308afb40168eec67be764da9", "best_bid": "0.987", "best_ask": "0.988"}, {"asset_id": "7935869750973568991063634796432742901043529564448603464914559127943627115874", "price": "0.928", "size": "0", "side": "SELL", "hash": "18a19ec13448a131052fa43e0851c2cbd2b9a1bd", "best_bid": "0.012", "best_ask": "0.013"}], "timestamp": "1769384025717", "event_type": "price_change"}}
{"_local_timestamp": "2026-01-25T23:33:46.016182+00:00", "data": {"market": "0x53700c2b2fa65e0a3775c757d0c705be4bee8c265c49d283ef50a0dfb3bf8894", "price_changes": [{"asset_id": "40635745065483171354210492699079862696789237657248181561502664751201684944045", "price": "0.072", "size": "55.55", "side": "BUY", "hash": "c0fd4dc31f045cdd87d60f56cd383e7090b355af", "best_bid": "0.987", "best_ask": "0.988"}, {"asset_id": "7935869750973568991063634796432742901043529564448603464914559127943627115874", "price": "0.928", "size": "55.55", "side": "SELL", "hash": "89e2463265740512eb6638981bef84a2a0e678c7", "best_bid": "0.012", "best_ask": "0.013"}], "timestamp": "1769384025946", "event_type": "price_change"}}
{"_local_timestamp": "2026-01-25T23:33:46.272605+00:00", "data": {"market": "0x53700c2b2fa65e0a3775c757d0c705be4bee8c265c49d283ef50a0dfb3bf8894", "price_changes": [{"asset_id": "40635745065483171354210492699079862696789237657248181561502664751201684944045", "price": "0.108", "size": "0", "side": "BUY", "hash": "72906a6e7a3cf77e4c0fc5f40cd939c7d62cf217", "best_bid": "0.987", "best_ask": "0.988"}, {"asset_id": "7935869750973568991063634796432742901043529564448603464914559127943627115874", "price": "0.892", "size": "0", "side": "SELL", "hash": "c51b773010f44948ab47f24c3b69b15564db1500", "best_bid": "0.012", "best_ask": "0.013"}], "timestamp": "1769384026199", "event_type": "price_change"}}
{"_local_timestamp": "2026-01-25T23:33:46.486071+00:00", "data": {"market": "0x53700c2b2fa65e0a3775c757d0c705be4bee8c265c49d283ef50a0dfb3bf8894", "price_changes": [{"asset_id": "40635745065483171354210492699079862696789237657248181561502664751201684944045", "price": "0.108", "size": "37.03", "side": "BUY", "hash": "ae65845eaff756eaaf1c2b70500ba53c7a2a299e", "best_bid": "0.987", "best_ask": "0.988"}, {"asset_id": "7935869750973568991063634796432742901043529564448603464914559127943627115874", "price": "0.892", "size": "37.03", "side": "SELL", "hash": "0fa76df9ccf915c31d9d9f3abaf6fd9f341d2078", "best_bid": "0.012", "best_ask": "0.013"}], "timestamp": "1769384026409", "event_type": "price_change"}}
{"_local_timestamp": "2026-01-25T23:33:46.692717+00:00", "data": {"market": "0x53700c2b2fa65e0a3775c757d0c705be4bee8c265c49d283ef50a0dfb3bf8894", "price_changes": [{"asset_id": "40635745065483171354210492699079862696789237657248181561502664751201684944045", "price": "0.123", "size": "0", "side": "BUY", "hash": "9c5ce628c58b1c7f923d9b8d36410f90622cf77b", "best_bid": "0.987", "best_ask": "0.988"}, {"asset_id": "7935869750973568991063634796432742901043529564448603464914559127943627115874", "price": "0.877", "size": "0", "side": "SELL", "hash": "5401b8895e7f81e7229ccea09a2c1bd820d3c1fa", "best_bid": "0.012", "best_ask": "0.013"}], "timestamp": "1769384026622", "event_type": "price_change"}}
{"_local_timestamp": "2026-01-25T23:33:47.089929+00:00", "data": {"market": "0x53700c2b2fa65e0a3775c757d0c705be4bee8c265c49d283ef50a0dfb3bf8894", "price_changes": [{"asset_id": "40635745065483171354210492699079862696789237657248181561502664751201684944045", "price": "0.123", "size": "32.52", "side": "BUY", "hash": "fb58b26a33aea8e561ec4964f09b14ea3bd406c5", "best_bid": "0.987", "best_ask": "0.988"}, {"asset_id": "7935869750973568991063634796432742901043529564448603464914559127943627115874", "price": "0.877", "size": "32.52", "side": "SELL", "hash": "af8b40ec7eda5107aa9e6131512d834303808c6a", "best_bid": "0.012", "best_ask": "0.013"}], "timestamp": "1769384026812", "event_type": "price_change"}}
{"_local_timestamp": "2026-01-25T23:33:47.090437+00:00", "data": {"market": "0x53700c2b2fa65e0a3775c757d0c705be4bee8c265c49d283ef50a0dfb3bf8894", "price_changes": [{"asset_id": "40635745065483171354210492699079862696789237657248181561502664751201684944045", "price": "0.151", "size": "0", "side": "BUY", "hash": "8828ce77d382b4be4e1e29c527f0cac9e6d974d1", "best_bid": "0.987", "best_ask": "0.988"}, {"asset_id": "7935869750973568991063634796432742901043529564448603464914559127943627115874", "price": "0.849", "size": "0", "side": "SELL", "hash": "557d146d6f28d3b5d02a230bc296b75ca48f9ca5", "best_bid": "0.012", "best_ask": "0.013"}], "timestamp": "1769384026987", "event_type": "price_change"}}
{"_local_timestamp": "2026-01-25T23:33:47.274414+00:00", "data": {"market": "0x53700c2b2fa65e0a3775c757d0c705be4bee8c265c49d283ef50a0dfb3bf8894", "price_changes": [{"asset_id": "40635745065483171354210492699079862696789237657248181561502664751201684944045", "price": "0.151", "size": "26.49", "side": "BUY", "hash": "b68bab61572b752f70f9177d12a5f37c6bada737", "best_bid": "0.987", "best_ask": "0.988"}, {"asset_id": "7935869750973568991063634796432742901043529564448603464914559127943627115874", "price": "0.849", "size": "26.49", "side": "SELL", "hash": "022b99e4ad7f79b5b700661cfadbf632f2bfed87", "best_bid": "0.012", "best_ask": "0.013"}], "timestamp": "1769384027204", "event_type": "price_change"}}
{"_local_timestamp": "2026-01-25T23:33:47.480993+00:00", "data": {"market": "0x53700c2b2fa65e0a3775c757d0c705be4bee8c265c49d283ef50a0dfb3bf8894", "price_changes": [{"asset_id": "40635745065483171354210492699079862696789237657248181561502664751201684944045", "price": "0.153", "size": "0", "side": "BUY", "hash": "43d5c7e0930ed8b8036f59a12098a7fedf726e03", "best_bid": "0.987", "best_ask": "0.988"}, {"asset_id": "7935869750973568991063634796432742901043529564448603464914559127943627115874", "price": "0.847", "size": "0", "side": "SELL", "hash": "3616d74133e2a97b800c780f1a7c5bb25be2c7cb", "best_bid": "0.012", "best_ask": "0.013"}], "timestamp": "1769384027414", "event_type": "price_change"}}
{"_local_timestamp": "2026-01-25T23:33:47.719686+00:00", "data": {"market": "0x53700c2b2fa65e0a3775c757d0c705be4bee8c265c49d283ef50a0dfb3bf8894", "price_changes": [{"asset_id": "40635745065483171354210492699079862696789237657248181561502664751201684944045", "price": "0.153", "size": "26.14", "side": "BUY", "hash": "40de9bba1a6a4d3ac7a9223fb71b911d550ce4a8", "best_bid": "0.987", "best_ask": "0.988"}, {"asset_id": "7935869750973568991063634796432742901043529564448603464914559127943627115874", "price": "0.847", "size": "26.14", "side": "SELL", "hash": "d16a218cc80b894a476cf923601441e29fb3136e", "best_bid": "0.012", "best_ask": "0.013"}], "timestamp": "1769384027646", "event_type": "price_change"}}
{"_local_timestamp": "2026-01-25T23:33:47.919575+00:00", "data": {"market": "0x53700c2b2fa65e0a3775c757d0c705be4bee8c265c49d283ef50a0dfb3bf8894", "price_changes": [{"asset_id": "40635745065483171354210492699079862696789237657248181561502664751201684944045", "price": "0.201", "size": "21.7", "side": "BUY", "hash": "8214aba243884d4cb25566701dd99cf7da5e7219", "best_bid": "0.987", "best_ask": "0.988"}, {"asset_id": "7935869750973568991063634796432742901043529564448603464914559127943627115874", "price": "0.799", "size": "21.7", "side": "SELL", "hash": "d1e0dbe66b8800288620c775ee7f05e14801549f", "best_bid": "0.012", "best_ask": "0.013"}], "timestamp": "1769384027844", "event_type": "price_change"}}
{"_local_timestamp": "2026-01-25T23:33:48.148628+00:00", "data": {"market": "0x53700c2b2fa65e0a3775c757d0c705be4bee8c265c49d283ef50a0dfb3bf8894", "price_changes": [{"asset_id": "40635745065483171354210492699079862696789237657248181561502664751201684944045", "price": "0.201", "size": "41.6", "side": "BUY", "hash": "d1156cc355c6338798412721437243d6759737c4", "best_bid": "0.987", "best_ask": "0.988"}, {"asset_id": "7935869750973568991063634796432742901043529564448603464914559127943627115874", "price": "0.799", "size": "41.6", "side": "SELL", "hash": "a468b1c15507b8a9ea6a891f3216182e62394247", "best_bid": "0.012", "best_ask": "0.013"}], "timestamp": "1769384028065", "event_type": "price_change"}}
{"_local_timestamp": "2026-01-25T23:33:48.276100+00:00", "data": {"market": "0x53700c2b2fa65e0a3775c757d0c705be4bee8c265c49d283ef50a0dfb3bf8894", "price_changes": [{"asset_id": "7935869750973568991063634796432742901043529564448603464914559127943627115874", "price": "0.01", "size": "302", "side": "BUY", "hash": "445b4104b5e78bde364700020bb587eb955d0438", "best_bid": "0.012", "best_ask": "0.013"}, {"asset_id": "40635745065483171354210492699079862696789237657248181561502664751201684944045", "price": "0.99", "size": "302", "side": "SELL", "hash": "0ff781d441e26403f6520241f1aed07a658f6f04", "best_bid": "0.987", "best_ask": "0.988"}], "timestamp": "1769384028205", "event_type": "price_change"}}
{"_local_timestamp": "2026-01-25T23:33:48.336977+00:00", "data": {"market": "0x53700c2b2fa65e0a3775c757d0c705be4bee8c265c49d283ef50a0dfb3bf8894", "price_changes": [{"asset_id": "40635745065483171354210492699079862696789237657248181561502664751201684944045", "price": "0.251", "size": "17.38", "side": "BUY", "hash": "1da8527383d72732da272d61e958b3749d1904c7", "best_bid": "0.987", "best_ask": "0.988"}, {"asset_id": "7935869750973568991063634796432742901043529564448603464914559127943627115874", "price": "0.749", "size": "17.38", "side": "SELL", "hash": "f9fab9c9297bcd71111431b3a20990fc0fe63f77", "best_bid": "0.012", "best_ask": "0.013"}], "timestamp": "1769384028258", "event_type": "price_change"}}
{"_local_timestamp": "2026-01-25T23:33:48.583130+00:00", "data": {"market": "0x53700c2b2fa65e0a3775c757d0c705be4bee8c265c49d283ef50a0dfb3bf8894", "price_changes": [{"asset_id": "40635745065483171354210492699079862696789237657248181561502664751201684944045", "price": "0.251", "size": "33.31", "side": "BUY", "hash": "8b6d3cf3a0417fedbf73caba62a08a3fabcd78f5", "best_bid": "0.987", "best_ask": "0.988"}, {"asset_id": "7935869750973568991063634796432742901043529564448603464914559127943627115874", "price": "0.749", "size": "33.31", "side": "SELL", "hash": "4108526ae6fcff97b33322da0427bed6dddca356", "best_bid": "0.012", "best_ask": "0.013"}], "timestamp": "1769384028519", "event_type": "price_change"}}
{"_local_timestamp": "2026-01-25T23:33:48.861792+00:00", "data": {"market": "0x53700c2b2fa65e0a3775c757d0c705be4bee8c265c49d283ef50a0dfb3bf8894", "price_changes": [{"asset_id": "40635745065483171354210492699079862696789237657248181561502664751201684944045", "price": "0.352", "size": "11.36", "side": "BUY", "hash": "5ab8ca8d39273e65f7cfd828f2b3f90a65e63013", "best_bid": "0.987", "best_ask": "0.988"}, {"asset_id": "7935869750973568991063634796432742901043529564448603464914559127943627115874", "price": "0.648", "size": "11.36", "side": "SELL", "hash": "7ff45400f6ea046ee5a35aa47d9743f8f7e440f5", "best_bid": "0.012", "best_ask": "0.013"}], "timestamp": "1769384028792", "event_type": "price_change"}}
{"_local_timestamp": "2026-01-25T23:33:49.063205+00:00", "data": {"market": "0x53700c2b2fa65e0a3775c757d0c705be4bee8c265c49d283ef50a0dfb3bf8894", "price_changes": [{"asset_id": "40635745065483171354210492699079862696789237657248181561502664751201684944045", "price": "0.449", "size": "0", "side": "BUY", "hash": "3c3d255bc4c3769b22dff06b098460b60fde1c2c", "best_bid": "0.987", "best_ask": "0.988"}, {"asset_id": "7935869750973568991063634796432742901043529564448603464914559127943627115874", "price": "0.551", "size": "0", "side": "SELL", "hash": "fe795247162a1fb08b3bb8463f880ce37f6f6cff", "best_bid": "0.012", "best_ask": "0.013"}], "timestamp": "1769384028994", "event_type": "price_change"}}
{"_local_timestamp": "2026-01-25T23:33:49.334394+00:00", "data": {"market": "0x53700c2b2fa65e0a3775c757d0c705be4bee8c265c49d283ef50a0dfb3bf8894", "price_changes": [{"asset_id": "40635745065483171354210492699079862696789237657248181561502664751201684944045", "price": "0.449", "size": "8.9", "side": "BUY", "hash": "8fab54067e70ffaba1ab2f3ad6f28e14b42b9594", "best_bid": "0.987", "best_ask": "0.988"}, {"asset_id": "7935869750973568991063634796432742901043529564448603464914559127943627115874", "price": "0.551", "size": "8.9", "side": "SELL", "hash": "41d3ba7cb6f0459a11b8e5ab4ebd93fd0ce10cd8", "best_bid": "0.012", "best_ask": "0.013"}], "timestamp": "1769384029244", "event_type": "price_change"}}
{"_local_timestamp": "2026-01-25T23:34:34.525766+00:00", "data": {"market": "0x53700c2b2fa65e0a3775c757d0c705be4bee8c265c49d283ef50a0dfb3bf8894", "price_changes": [{"asset_id": "40635745065483171354210492699079862696789237657248181561502664751201684944045", "price": "0.448", "size": "0", "side": "BUY", "hash": "31c920a7eb476caa4f94fef05ba778a43121aa79", "best_bid": "0.987", "best_ask": "0.988"}, {"asset_id": "7935869750973568991063634796432742901043529564448603464914559127943627115874", "price": "0.552", "size": "0", "side": "SELL", "hash": "18fc1a6850bec3991fa6658b613710ef9b0fdae8", "best_bid": "0.012", "best_ask": "0.013"}], "timestamp": "1769384074437", "event_type": "price_change"}}
{"_local_timestamp": "2026-01-25T23:34:34.712884+00:00", "data": {"market": "0x53700c2b2fa65e0a3775c757d0c705be4bee8c265c49d283ef50a0dfb3bf8894", "price_changes": [{"asset_id": "40635745065483171354210492699079862696789237657248181561502664751201684944045", "price": "0.152", "size": "0", "side": "BUY", "hash": "52fbf998fb7b72285f5e8ecb9db38f544f5efab7", "best_bid": "0.987", "best_ask": "0.988"}, {"asset_id": "7935869750973568991063634796432742901043529564448603464914559127943627115874", "price": "0.848", "size": "0", "side": "SELL", "hash": "d05f36afdafea5e5b668357a8aadf86ce585cfff", "best_bid": "0.012", "best_ask": "0.013"}], "timestamp": "1769384074638", "event_type": "price_change"}}
{"_local_timestamp": "2026-01-25T23:34:34.903969+00:00", "data": {"market": "0x53700c2b2fa65e0a3775c757d0c705be4bee8c265c49d283ef50a0dfb3bf8894", "price_changes": [{"asset_id": "40635745065483171354210492699079862696789237657248181561502664751201684944045", "price": "0.122", "size": "0", "side": "BUY", "hash": "7b95bfb769926ed1edd8c600ee0c287a3ea303fa", "best_bid": "0.987", "best_ask": "0.988"}, {"asset_id": "7935869750973568991063634796432742901043529564448603464914559127943627115874", "price": "0.878", "size": "0", "side": "SELL", "hash": "9ee5b9c22d3f1b836eb854b325aae6c7e18d634f", "best_bid": "0.012", "best_ask": "0.013"}], "timestamp": "1769384074831", "event_type": "price_change"}}
{"_local_timestamp": "2026-01-25T23:34:35.097295+00:00", "data": {"market": "0x53700c2b2fa65e0a3775c757d0c705be4bee8c265c49d283ef50a0dfb3bf8894", "price_changes": [{"asset_id": "40635745065483171354210492699079862696789237657248181561502664751201684944045", "price": "0.107", "size": "0", "side": "BUY", "hash": "2d3a0794d227972af2231ac07a9a247ae6827f95", "best_bid": "0.987", "best_ask": "0.988"}, {"asset_id": "7935869750973568991063634796432742901043529564448603464914559127943627115874", "price": "0.893", "size": "0", "side": "SELL", "hash": "96b6f896b2744349d4eed003984f60079379eab0", "best_bid": "0.012", "best_ask": "0.013"}], "timestamp": "1769384075021", "event_type": "price_change"}}
{"_local_timestamp": "2026-01-25T23:34:35.270205+00:00", "data": {"market": "0x53700c2b2fa65e0a3775c757d0c705be4bee8c265c49d283ef50a0dfb3bf8894", "price_changes": [{"asset_id": "40635745065483171354210492699079862696789237657248181561502664751201684944045", "price": "0.071", "size": "0", "side": "BUY", "hash": "0df1746c9d4b824f3252cd50e19084a72f190f3b", "best_bid": "0.987", "best_ask": "0.988"}, {"asset_id": "7935869750973568991063634796432742901043529564448603464914559127943627115874", "price": "0.929", "size": "0", "side": "SELL", "hash": "5f0c61dec378c82c5970a824ee1c8914859fadb4", "best_bid": "0.012", "best_ask": "0.013"}], "timestamp": "1769384075203", "event_type": "price_change"}}
{"_local_timestamp": "2026-01-25T23:34:35.489669+00:00", "data": {"market": "0x53700c2b2fa65e0a3775c757d0c705be4bee8c265c49d283ef50a0dfb3bf8894", "price_changes": [{"asset_id": "40635745065483171354210492699079862696789237657248181561502664751201684944045", "price": "0.028", "size": "0", "side": "BUY", "hash": "1586bb5b4e814d670c3279eaacae3232f57cd682", "best_bid": "0.987", "best_ask": "0.988"}, {"asset_id": "7935869750973568991063634796432742901043529564448603464914559127943627115874", "price": "0.972", "size": "0", "side": "SELL", "hash": "ddadf384bc0ccc84dd0572250376cdf48c9513fa", "best_bid": "0.012", "best_ask": "0.013"}], "timestamp": "1769384075413", "event_type": "price_change"}}
{"_local_timestamp": "2026-01-25T23:34:35.673296+00:00", "data": {"market": "0x53700c2b2fa65e0a3775c757d0c705be4bee8c265c49d283ef50a0dfb3bf8894", "price_changes": [{"asset_id": "40635745065483171354210492699079862696789237657248181561502664751201684944045", "price": "0.414", "size": "0", "side": "BUY", "hash": "da48fc87d2270906fb6f9f95fe397860f2758aec", "best_bid": "0.987", "best_ask": "0.988"}, {"asset_id": "7935869750973568991063634796432742901043529564448603464914559127943627115874", "price": "0.586", "size": "0", "side": "SELL", "hash": "1f02ca3317f5721c91672a1ff0efaf87ed2b75bc", "best_bid": "0.012", "best_ask": "0.013"}], "timestamp": "1769384075608", "event_type": "price_change"}}
{"_local_timestamp": "2026-01-25T23:34:35.914941+00:00", "data": {"market": "0x53700c2b2fa65e0a3775c757d0c705be4bee8c265c49d283ef50a0dfb3bf8894", "price_changes": [{"asset_id": "40635745065483171354210492699079862696789237657248181561502664751201684944045", "price": "0.032", "size": "261.36", "side": "BUY", "hash": "7cb4f1bc03faec74c7efa6b762f6f00d43775e1c", "best_bid": "0.987", "best_ask": "0.988"}, {"asset_id": "7935869750973568991063634796432742901043529564448603464914559127943627115874", "price": "0.968", "size": "261.36", "side": "SELL", "hash": "c9c15ab6552d48c0d71476d01cf271daf695db65", "best_bid": "0.012", "best_ask": "0.013"}], "timestamp": "1769384075849", "event_type": "price_change"}}
{"_local_timestamp": "2026-01-25T23:34:36.167446+00:00", "data": {"market": "0x53700c2b2fa65e0a3775c757d0c705be4bee8c265c49d283ef50a0dfb3bf8894", "price_changes": [{"asset_id": "40635745065483171354210492699079862696789237657248181561502664751201684944045", "price": "0.072", "size": "116.15", "side": "BUY", "hash": "2b901b66b07d3f500f669a555d71c5af692581a8", "best_bid": "0.987", "best_ask": "0.988"}, {"asset_id": "7935869750973568991063634796432742901043529564448603464914559127943627115874", "price": "0.928", "size": "116.15", "side": "SELL", "hash": "b06d92c64de95f5e961b1f482a0b61f5e9e2fd32", "best_bid": "0.012", "best_ask": "0.013"}], "timestamp": "1769384076064", "event_type": "price_change"}}
{"_local_timestamp": "2026-01-25T23:34:36.369344+00:00", "data": {"market": "0x53700c2b2fa65e0a3775c757d0c705be4bee8c265c49d283ef50a0dfb3bf8894", "price_changes": [{"asset_id": "40635745065483171354210492699079862696789237657248181561502664751201684944045", "price": "0.108", "size": "77.43", "side": "BUY", "hash": "6429625c51b354d60c7f0d5e6daff9301a2ae5d0", "best_bid": "0.987", "best_ask": "0.988"}, {"asset_id": "7935869750973568991063634796432742901043529564448603464914559127943627115874", "price": "0.892", "size": "77.43", "side": "SELL", "hash": "b772169687cd4209ca1e94547181506f24110338", "best_bid": "0.012", "best_ask": "0.013"}], "timestamp": "1769384076305", "event_type": "price_change"}}
{"_local_timestamp": "2026-01-25T23:34:36.589170+00:00", "data": {"market": "0x53700c2b2fa65e0a3775c757d0c705be4bee8c265c49d283ef50a0dfb3bf8894", "price_changes": [{"asset_id": "40635745065483171354210492699079862696789237657248181561502664751201684944045", "price": "0.124", "size": "35.19", "side": "BUY", "hash": "b8ab728d95f364e727db3d5397c5ab23487ed327", "best_bid": "0.987", "best_ask": "0.988"}, {"asset_id": "7935869750973568991063634796432742901043529564448603464914559127943627115874", "price": "0.876", "size": "35.19", "side": "SELL", "hash": "d9426ac450ba05c63232da4f9dff948e9342b3e8", "best_bid": "0.012", "best_ask": "0.013"}], "timestamp": "1769384076524", "event_type": "price_change"}}
