{"_local_timestamp": "2026-01-25T23:33:24.495853+00:00", "data": [{"market": "0x80db1cb8b044feaa6d6cdd9110754dce3912af0ec0d845a3aeb5864a1ba7de67", "asset_id": "64475883791632943506049561040308253211063206293893132232978760127150670719189", "timestamp": "1769384004279", "hash": "35c9a7ee5d6b1456ba7b11cab233c699f3c877f6", "bids": [{"price": "0.01", "size": "3314.2"}, {"price": "0.02", "size": "1400"}, {"price": "0.03", "size": "250"}, {"price": "0.04", "size": "6.47"}, {"price": "0.05", "size": "130"}, {"price": "0.06", "size": "33"}, {"price": "0.09", "size": "900"}, {"price": "0.1", "size": "100"}, {"price": "0.11", "size": "5.44"}, {"price": "0.14", "size": "792.85"}, {"price": "0.15", "size": "100"}, {"price": "0.18", "size": "400"}, {"price": "0.19", "size": "168.42"}, {"price": "0.2", "size": "130"}, {"price": "0.21", "size": "1150"}, {"price": "0.22", "size": "726"}, {"price": "0.23", "size": "121.73"}, {"price": "0.27", "size": "250"}, {"price": "0.28", "size": "1590.85"}, {"price": "0.33", "size": "72.72"}, {"price": "0.37", "size": "384.97"}, {"price": "0.38", "size": "52.63"}, {"price": "0.4", "size": "125"}, {"price": "0.41", "size": "1000"}, {"price": "0.46", "size": "1304"}, {"price": "0.47", "size": "3508"}, {"price": "0.48", "size": "5"}, {"price": "0.5", "size": "44.92"}, {"price": "0.61", "size": "6.69"}, {"price": "0.65", "size": "60"}, {"price": "0.7", "size": "222"}, {"price": "0.71", "size": "222"}, {"price": "0.73", "size": "200"}, {"price": "0.74", "size": "200"}, {"price": "0.75", "size": "80"}, {"price": "0.81", "size": "222"}, {"price": "0.87", "size": "30"}, {"price": "0.88", "size": "855"}, {"price": "0.89", "size": "1436"}, {"price": "0.9", "size": "2161.1"}, {"price": "0.91", "size": "1257.25"}, {"price": "0.92", "size": "89.25"}], "asks": [{"price": "0.99", "size": "31874"}, {"price": "0.98", "size": "2146.45"}, {"price": "0.97", "size": "4501.06"}, {"price": "0.96", "size": "3117.26"}, {"price": "0.95", "size": "2933"}, {"price": "0.94", "size": "763.17"}], "event_type": "book", "last_trade_price": "0.080"}, {"market": "0x80db1cb8b044feaa6d6cdd9110754dce3912af0ec0d845a3aeb5864a1ba7de67", "asset_id": "4865985759969354870176744589934627962709868150379818333913024138967257275029", "timestamp": "1769384004279", "hash": "343f228eb8b5078480c6019e048952fad60a2b5a", "bids": [{"price": "0.01", "size": "31874"}, {"price": "0.02", "size": "2146.45"}, {"price": "0.03", "size": "4501.06"}, {"price": "0.04", "size": "3117.26"}, {"price": "0.05", "size": "2933"}, {"price": "0.06", "size": "763.17"}], "asks": [{"price": "0.99", "size": "3314.2"}, {"price": "0.98", "size": "1400"}, {"price": "0.97", "size": "250"}, {"price": "0.96", "size": "6.47"}, {"price": "0.95", "size": "130"}, {"price": "0.94", "size": "33"}, {"price": "0.91", "size": "900"}, {"price": "0.9", "size": "100"}, {"price": "0.89", "size": "5.44"}, {"price": "0.86", "size": "792.85"}, {"price": "0.85", "size": "100"}, {"price": "0.82", "size": "400"}, {"price": "0.81", "size": "168.42"}, {"price": "0.8", "size": "130"}, {"price": "0.79", "size": "1150"}, {"price": "0.78", "size": "726"}, {"price": "0.77", "size": "121.73"}, {"price": "0.73", "size": "250"}, {"price": "0.72", "size": "1590.85"}, {"price": "0.67", "size": "72.72"}, {"price": "0.63", "size": "384.97"}, {"price": "0.62", "size": "52.63"}, {"price": "0.6", "size": "125"}, {"price": "0.59", "size": "1000"}, {"price": "0.54", "size": "1304"}, {"price": "0.53", "size": "3508"}, {"price": "0.52", "size": "5"}, {"price": "0.5", "size": "44.92"}, {"price": "0.39", "size": "6.69"}, {"price": "0.35", "size": "60"}, {"price": "0.3", "size": "222"}, {"price": "0.29", "size": "222"}, {"price": "0.27", "size": "200"}, {"price": "0.26", "size": "200"}, {"price": "0.25", "size": "80"}, {"price": "0.19", "size": "222"}, {"price": "0.13", "size": "30"}, {"price": "0.12", "size": "855"}, {"price": "0.11", "size": "1436"}, {"price": "0.1", "size": "2161.1"}, {"price": "0.09", "size": "1257.25"}, {"price": "0.08", "size": "89.25"}], "event_type": "book", "last_trade_price": "0.080"}]}
{"_local_timestamp": "2026-01-25T23:33:40.372879+00:00", "data": {"market": "0x80db1cb8b044feaa6d6cdd9110754dce3912af0ec0d845a3aeb5864a1ba7de67", "price_changes": [{"asset_id": "64475883791632943506049561040308253211063206293893132232978760127150670719189", "price": "0.27", "size": "200", "side": "BUY", "hash": "d253f0c76f7f378e0044a58b88dbfa1511d70c58", "best_bid": "0.92", "best_ask": "0.94"}, {"asset_id": "4865985759969354870176744589934627962709868150379818333913024138967257275029", "price": "0.73", "size": "200", "side": "SELL", "hash": "8d76e9e559565d304e23d12be3e1eaef4eb77592", "best_bid": "0.06", "best_ask": "0.08"}], "timestamp": "1769384020105", "event_type": "price_change"}}
{"_local_timestamp": "2026-01-25T23:33:40.778629+00:00", "data": {"market": "0x80db1cb8b044feaa6d6cdd9110754dce3912af0ec0d845a3aeb5864a1ba7de67", "price_changes": [{"asset_id": "64475883791632943506049561040308253211063206293893132232978760127150670719189", "price": "0.25", "size": "50", "side": "BUY", "hash": "494881ac81e7bfb5e008f2de259ff7a415e2df01", "best_bid": "0.92", "best_ask": "0.94"}, {"asset_id": "4865985759969354870176744589934627962709868150379818333913024138967257275029", "price": "0.75", "size": "50", "side": "SELL", "hash": "9a1ac34df7f797b551b9c34d88dba57463132570", "best_bid": "0.06", "best_ask": "0.08"}], "timestamp": "1769384020559", "event_type": "price_change"}}
{"_local_timestamp": "2026-01-25T23:34:04.788379+00:00", "data": {"market": "0x80db1cb8b044feaa6d6cdd9110754dce3912af0ec0d845a3aeb5864a1ba7de67", "price_changes": [{"asset_id": "64475883791632943506049561040308253211063206293893132232978760127150670719189", "price": "0.27", "size": "150", "side": "BUY", "hash": "436da541a976c77b9af22f14f0640d42494aa879", "best_bid": "0.92", "best_ask": "0.94"}, {"asset_id": "4865985759969354870176744589934627962709868150379818333913024138967257275029", "price": "0.73", "size": "150", "side": "SELL", "hash": "074548db9f9425e79a12a2324d78a17ef22df74d", "best_bid": "0.06", "best_ask": "0.08"}], "timestamp": "1769384044567", "event_type": "price_change"}}
{"_local_timestamp": "2026-01-25T23:34:05.145941+00:00", "data": {"market": "0x80db1cb8b044feaa6d6cdd9110754dce3912af0ec0d845a3aeb5864a1ba7de67", "price_changes": [{"asset_id": "64475883791632943506049561040308253211063206293893132232978760127150670719189", "price": "0.28", "size": "1640.85", "side": "BUY", "hash": "346e57f563685a5e3494bc8820554c5cf353d112", "best_bid": "0.92", "best_ask": "0.94"}, {"asset_id": "4865985759969354870176744589934627962709868150379818333913024138967257275029", "price": "0.72", "size": "1640.85", "side": "SELL", "hash": "d852df9bdac998f4777a752b0130055b1d7d2911", "best_bid": "0.06", "best_ask": "0.08"}], "timestamp": "1769384044847", "event_type": "price_change"}}
{"_local_timestamp": "2026-01-25T23:34:28.018193+00:00", "data": {"market": "0x80db1cb8b044feaa6d6cdd9110754dce3912af0ec0d845a3aeb5864a1ba7de67", "price_changes": [{"asset_id": "64475883791632943506049561040308253211063206293893132232978760127150670719189", "price": "0.27", "size": "50", "side": "BUY", "hash": "b78e98caeb380f9d4005fa67d141a5054c19735f", "best_bid": "0.92", "best_ask": "0.94"}, {"asset_id": "4865985759969354870176744589934627962709868150379818333913024138967257275029", "price": "0.73", "size": "50", "side": "SELL", "hash": "594caa9616822c75f45b6bb8b4ad7fccf27e4be9", "best_bid": "0.06", "best_ask": "0.08"}], "timestamp": "1769384067607", "event_type": "price_change"}}
{"_local_timestamp": "2026-01-25T23:34:28.578939+00:00", "data": {"market": "0x80db1cb8b044feaa6d6cdd9110754dce3912af0ec0d845a3aeb5864a1ba7de67", "price_changes": [{"asset_id": "64475883791632943506049561040308253211063206293893132232978760127150670719189", "price": "0.25", "size": "150", "side": "BUY", "hash": "02e0cdbfa5a70efce940c1fc276811822e560b26", "best_bid": "0.92", "best_ask": "0.94"}, {"asset_id": "4865985759969354870176744589934627962709868150379818333913024138967257275029", "price": "0.75", "size": "150", "side": "SELL", "hash": "1a283a55902cf93f849ddc17dd9a6f63636b2d02", "best_bid": "0.06", "best_ask": "0.08"}], "timestamp": "1769384068122", "event_type": "price_change"}}
{"_local_timestamp": "2026-01-25T23:34:44.654498+00:00", "data": {"market": "0x80db1cb8b044feaa6d6cdd9110754dce3912af0ec0d845a3aeb5864a1ba7de67", "price_changes": [{"asset_id": "4865985759969354870176744589934627962709868150379818333913024138967257275029", "price": "0.02", "size": "2133", "side": "BUY", "hash": "ea8b6c49233aeac66c8f6592a25bcc8c7fb5a7db", "best_bid": "0.06", "best_ask": "0.08"}, {"asset_id": "64475883791632943506049561040308253211063206293893132232978760127150670719189", "price": "0.98", "size": "2133", "side": "SELL", "hash": "722a942b44edf5b5950964afe1c2548e1b2103dd", "best_bid": "0.92", "best_ask": "0.94"}], "timestamp": "1769384084588", "event_type": "price_change"}}
{"_local_timestamp": "2026-01-25T23:34:44.655373+00:00", "data": {"market": "0x80db1cb8b044feaa6d6cdd9110754dce3912af0ec0d845a3aeb5864a1ba7de67", "price_changes": [{"asset_id": "4865985759969354870176744589934627962709868150379818333913024138967257275029", "price": "0.03", "size": "4492.53", "side": "BUY", "hash": "ea8b6c49233aeac66c8f6592a25bcc8c7fb5a7db", "best_bid": "0.06", "best_ask": "0.08"}, {"asset_id": "64475883791632943506049561040308253211063206293893132232978760127150670719189", "price": "0.97", "size": "4492.53", "side": "SELL", "hash": "722a942b44edf5b5950964afe1c2548e1b2103dd", "best_bid": "0.92", "best_ask": "0.94"}], "timestamp": "1769384084588", "event_type": "price_change"}}
{"_local_timestamp": "2026-01-25T23:34:44.655708+00:00", "data": {"market": "0x80db1cb8b044feaa6d6cdd9110754dce3912af0ec0d845a3aeb5864a1ba7de67", "price_changes": [{"asset_id": "4865985759969354870176744589934627962709868150379818333913024138967257275029", "price": "0.04", "size": "3105.39", "side": "BUY", "hash": "ea8b6c49233aeac66c8f6592a25bcc8c7fb5a7db", "best_bid": "0.06", "best_ask": "0.08"}, {"asset_id": "64475883791632943506049561040308253211063206293893132232978760127150670719189", "price": "0.96", "size": "3105.39", "side": "SELL", "hash": "722a942b44edf5b5950964afe1c2548e1b2103dd", "best_bid": "0.92", "best_ask": "0.94"}], "timestamp": "1769384084588", "event_type": "price_change"}}
{"_local_timestamp": "2026-01-25T23:34:45.610562+00:00", "data": {"market": "0x80db1cb8b044feaa6d6cdd9110754dce3912af0ec0d845a3aeb5864a1ba7de67", "price_changes": [{"asset_id": "4865985759969354870176744589934627962709868150379818333913024138967257275029", "price": "0.04", "size": "3117.26", "side": "BUY", "hash": "32e6b6bf5f2f0f2a4df715e3e5c8b37106cbb398", "best_bid": "0.06", "best_ask": "0.08"}, {"asset_id": "64475883791632943506049561040308253211063206293893132232978760127150670719189", "price": "0.96", "size": "3117.26", "side": "SELL", "hash": "365851e56cd83db2cbc466d0e29a0dfd90a16891", "best_bid": "0.92", "best_ask": "0.94"}], "timestamp": "1769384085537", "event_type": "price_change"}}
{"_local_timestamp": "2026-01-25T23:34:45.611009+00:00", "data": {"market": "0x80db1cb8b044feaa6d6cdd9110754dce3912af0ec0d845a3aeb5864a1ba7de67", "price_changes": [{"asset_id": "4865985759969354870176744589934627962709868150379818333913024138967257275029", "price": "0.02", "size": "2146.45", "side": "BUY", "hash": "26e7ab1b20ed87c9c809b80f9cef2fa49d560075", "best_bid": "0.06", "best_ask": "0.08"}, {"asset_id": "64475883791632943506049561040308253211063206293893132232978760127150670719189", "price": "0.98", "size": "2146.45", "side": "SELL", "hash": "e4a96d335b71f8a7f881e2e5dcf8848d5bba0bb4", "best_bid": "0.92", "best_ask": "0.94"}], "timestamp": "1769384085538", "event_type": "price_change"}}
{"_local_timestamp": "2026-01-25T23:35:26.747113+00:00", "data": {"market": "0x80db1cb8b044feaa6d6cdd9110754dce3912af0ec0d845a3aeb5864a1ba7de67", "price_changes": [{"asset_id": "64475883791632943506049561040308253211063206293893132232978760127150670719189", "price": "0.25", "size": "100", "side": "BUY", "hash": "790ba0af85c68e0ef69866cdefc36f8c02f75fea", "best_bid": "0.92", "best_ask": "0.94"}, {"asset_id": "4865985759969354870176744589934627962709868150379818333913024138967257275029", "price": "0.75", "size": "100", "side": "SELL", "hash": "93a337c07e1685914babb36584f384e548f46f79", "best_bid": "0.06", "best_ask": "0.08"}], "timestamp": "1769384126573", "event_type": "price_change"}}
{"_local_timestamp": "2026-01-25T23:35:27.057178+00:00", "data": {"market": "0x80db1cb8b044feaa6d6cdd9110754dce3912af0ec0d845a3aeb5864a1ba7de67", "price_changes": [{"asset_id": "64475883791632943506049561040308253211063206293893132232978760127150670719189", "price": "0.28", "size": "1690.85", "side": "BUY", "hash": "f3fa4b3df0ef6d40aeb8e84c9bbc2d25b0603224", "best_bid": "0.92", "best_ask": "0.94"}, {"asset_id": "4865985759969354870176744589934627962709868150379818333913024138967257275029", "price": "0.72", "size": "1690.85", "side": "SELL", "hash": "c485ad34712be02c07a839ff8f7b8f29db2588a7", "best_bid": "0.06", "best_ask": "0.08"}], "timestamp": "1769384126884", "event_type": "price_change"}}
