{"_local_timestamp": "2026-01-25T23:40:32.609522+00:00", "data": [{"market": "0x52226ec4393285ffc942019f20e3210e9311fc64cf1c7a9d1e9fbf27237352a6", "asset_id": "45200102949427176349999568908324938980741775964477026787123052544602998293488", "timestamp": "1769384431890", "hash": "ef270f909c566bb41baba383c4f9d3493726fe0c", "bids": [{"price": "0.01", "size": "5509.77"}, {"price": "0.02", "size": "2300"}, {"price": "0.03", "size": "10.2"}, {"price": "0.08", "size": "1030"}, {"price": "0.1", "size": "1500"}, {"price": "0.11", "size": "5.42"}, {"price": "0.12", "size": "283.33"}, {"price": "0.14", "size": "550"}, {"price": "0.16", "size": "200"}, {"price": "0.17", "size": "940"}, {"price": "0.19", "size": "250"}, {"price": "0.2", "size": "2440"}, {"price": "0.23", "size": "113.04"}, {"price": "0.24", "size": "3470"}, {"price": "0.26", "size": "275"}, {"price": "0.27", "size": "88.88"}, {"price": "0.3", "size": "150"}, {"price": "0.31", "size": "64.51"}, {"price": "0.34", "size": "125"}, {"price": "0.38", "size": "5"}, {"price": "0.57", "size": "197.6"}, {"price": "0.58", "size": "51.41"}, {"price": "0.59", "size": "22.03"}, {"price": "0.67", "size": "100"}, {"price": "0.68", "size": "16.17"}, {"price": "0.75", "size": "200"}, {"price": "0.76", "size": "220.67"}], "asks": [{"price": "0.99", "size": "2500"}, {"price": "0.98", "size": "1007.53"}, {"price": "0.97", "size": "1000"}, {"price": "0.96", "size": "3787.92"}, {"price": "0.95", "size": "700"}, {"price": "0.94", "size": "250"}, {"price": "0.93", "size": "860"}, {"price": "0.92", "size": "500"}, {"price": "0.91", "size": "228.91"}, {"price": "0.89", "size": "1573"}, {"price": "0.88", "size": "100"}, {"price": "0.87", "size": "986.84"}, {"price": "0.86", "size": "417.18"}, {"price": "0.85", "size": "2695.33"}, {"price": "0.81", "size": "339"}, {"price": "0.8", "size": "212.45"}, {"price": "0.79", "size": "644"}, {"price": "0.78", "size": "1759.54"}], "event_type": "book", "last_trade_price": "0.780"}, {"market": "0x52226ec4393285ffc942019f20e3210e9311fc64cf1c7a9d1e9fbf27237352a6", "asset_id": "37047640727055104154491541966367763466139953161675548075316317067988588663853", "timestamp": "1769384431890", "hash": "4509f6a86d2a8ce015d6cf62eb1c00afc6167d63", "bids": [{"price": "0.01", "size": "2500"}, {"price": "0.02", "size": "1007.53"}, {"price": "0.03", "size": "1000"}, {"price": "0.04", "size": "3787.92"}, {"price": "0.05", "size": "700"}, {"price": "0.06", "size": "250"}, {"price": "0.07", "size": "860"}, {"price": "0.08", "size": "500"}, {"price": "0.09", "size": "228.91"}, {"price": "0.11", "size": "1573"}, {"price": "0.12", "size": "100"}, {"price": "0.13", "size": "986.84"}, {"price": "0.14", "size": "417.18"}, {"price": "0.15", "size": "2695.33"}, {"price": "0.19", "size": "339"}, {"price": "0.2", "size": "212.45"}, {"price": "0.21", "size": "644"}, {"price": "0.22", "size": "1759.54"}], "asks": [{"price": "0.99", "size": "5509.77"}, {"price": "0.98", "size": "2300"}, {"price": "0.97", "size": "10.2"}, {"price": "0.92", "size": "1030"}, {"price": "0.9", "size": "1500"}, {"price": "0.89", "size": "5.42"}, {"price": "0.88", "size": "283.33"}, {"price": "0.86", "size": "550"}, {"price": "0.84", "size": "200"}, {"price": "0.83", "size": "940"}, {"price": "0.81", "size": "250"}, {"price": "0.8", "size": "2440"}, {"price": "0.77", "size": "113.04"}, {"price": "0.76", "size": "3470"}, {"price": "0.74", "size": "275"}, {"price": "0.73", "size": "88.88"}, {"price": "0.7", "size": "150"}, {"price": "0.69", "size": "64.51"}, {"price": "0.66", "size": "125"}, {"price": "0.62", "size": "5"}, {"price": "0.43", "size": "197.6"}, {"price": "0.42", "size": "51.41"}, {"price": "0.41", "size": "22.03"}, {"price": "0.33", "size": "100"}, {"price": "0.32", "size": "16.17"}, {"price": "0.25", "size": "200"}, {"price": "0.24", "size": "220.67"}], "event_type": "book", "last_trade_price": "0.780"}]}
{"_local_timestamp": "2026-01-25T23:40:40.328586+00:00", "data": {"market": "0x52226ec4393285ffc942019f20e3210e9311fc64cf1c7a9d1e9fbf27237352a6", "price_changes": [{"asset_id": "45200102949427176349999568908324938980741775964477026787123052544602998293488", "price": "0.19", "size": "150", "side": "BUY", "hash": "7df09896db13691dd711a4589c537d60291053e0", "best_bid": "0.76", "best_ask": "0.78"}, {"asset_id": "37047640727055104154491541966367763466139953161675548075316317067988588663853", "price": "0.81", "size": "150", "side": "SELL", "hash": "ff5ab2d04bd91cdf454bd2e5bd38e1d10d806388", "best_bid": "0.22", "best_ask": "0.24"}], "timestamp": "1769384440246", "event_type": "price_change"}}
{"_local_timestamp": "2026-01-25T23:40:40.750518+00:00", "data": {"market": "0x52226ec4393285ffc942019f20e3210e9311fc64cf1c7a9d1e9fbf27237352a6", "price_changes": [{"asset_id": "45200102949427176349999568908324938980741775964477026787123052544602998293488", "price": "0.18", "size": "100", "side": "BUY", "hash": "99f8993deceec57c9858c0af7ea8a4a0d3446313", "best_bid": "0.76", "best_ask": "0.78"}, {"asset_id": "37047640727055104154491541966367763466139953161675548075316317067988588663853", "price": "0.82", "size": "100", "side": "SELL", "hash": "a9ed6d6526cce7be4f149ec14c56bc1bc5bef0d4", "best_bid": "0.22", "best_ask": "0.24"}], "timestamp": "1769384440573", "event_type": "price_change"}}
{"_local_timestamp": "2026-01-25T23:40:45.121685+00:00", "data": {"market": "0x52226ec4393285ffc942019f20e3210e9311fc64cf1c7a9d1e9fbf27237352a6", "price_changes": [{"asset_id": "37047640727055104154491541966367763466139953161675548075316317067988588663853", "price": "0.43", "size": "100", "side": "SELL", "hash": "c894d73dde029a27e08d1b4f25ac8dba8ed368cb", "best_bid": "0.22", "best_ask": "0.24"}, {"asset_id": "45200102949427176349999568908324938980741775964477026787123052544602998293488", "price": "0.57", "size": "100", "side": "BUY", "hash": "99b024160b46973eeac53ae378e224376523b935", "best_bid": "0.76", "best_ask": "0.78"}], "timestamp": "1769384445006", "event_type": "price_change"}}
{"_local_timestamp": "2026-01-25T23:41:50.962786+00:00", "data": {"market": "0x52226ec4393285ffc942019f20e3210e9311fc64cf1c7a9d1e9fbf27237352a6", "price_changes": [{"asset_id": "45200102949427176349999568908324938980741775964477026787123052544602998293488", "price": "0.19", "size": "0", "side": "BUY", "hash": "8429b9e385d7c0d9471357d8a4b5a9f691317bb2", "best_bid": "0.76", "best_ask": "0.78"}, {"asset_id": "37047640727055104154491541966367763466139953161675548075316317067988588663853", "price": "0.81", "size": "0", "side": "SELL", "hash": "0d48b542c3c3d34e2c56af7daef57823a0f217a5", "best_bid": "0.22", "best_ask": "0.24"}], "timestamp": "1769384510770", "event_type": "price_change"}}
{"_local_timestamp": "2026-01-25T23:41:52.882160+00:00", "data": {"market": "0x52226ec4393285ffc942019f20e3210e9311fc64cf1c7a9d1e9fbf27237352a6", "price_changes": [{"asset_id": "45200102949427176349999568908324938980741775964477026787123052544602998293488", "price": "0.2", "size": "2590", "side": "BUY", "hash": "edb223031c0ef5e9e95d6759d41927f060474b13", "best_bid": "0.76", "best_ask": "0.78"}, {"asset_id": "37047640727055104154491541966367763466139953161675548075316317067988588663853", "price": "0.8", "size": "2590", "side": "SELL", "hash": "7c06fc7759dbad95482a7a0d6861da8d110f2230", "best_bid": "0.22", "best_ask": "0.24"}], "timestamp": "1769384511831", "event_type": "price_change"}}
{"_local_timestamp": "2026-01-25T23:41:55.650185+00:00", "data": {"market": "0x52226ec4393285ffc942019f20e3210e9311fc64cf1c7a9d1e9fbf27237352a6", "price_changes": [{"asset_id": "37047640727055104154491541966367763466139953161675548075316317067988588663853", "price": "0.43", "size": "197.6", "side": "SELL", "hash": "d51b16161d97f48683391483e2c0a735934b52b7", "best_bid": "0.22", "best_ask": "0.24"}, {"asset_id": "45200102949427176349999568908324938980741775964477026787123052544602998293488", "price": "0.57", "size": "197.6", "side": "BUY", "hash": "c4b9afa462994d7aedd63264312bfab0e17031a0", "best_bid": "0.76", "best_ask": "0.78"}], "timestamp": "1769384515573", "event_type": "price_change"}}
{"_local_timestamp": "2026-01-25T23:42:15.088970+00:00", "data": {"market": "0x52226ec4393285ffc942019f20e3210e9311fc64cf1c7a9d1e9fbf27237352a6", "price_changes": [{"asset_id": "37047640727055104154491541966367763466139953161675548075316317067988588663853", "price": "0.43", "size": "100", "side": "SELL", "hash": "a4771b1e61246b2768659aebc1aeaba512facef4", "best_bid": "0.22", "best_ask": "0.24"}, {"asset_id": "45200102949427176349999568908324938980741775964477026787123052544602998293488", "price": "0.57", "size": "100", "side": "BUY", "hash": "04ea2b2362a3deb351dccf7bc10550cf1553fe4e", "best_bid": "0.76", "best_ask": "0.78"}], "timestamp": "1769384535000", "event_type": "price_change"}}
{"_local_timestamp": "2026-01-25T23:42:24.616993+00:00", "data": {"market": "0x52226ec4393285ffc942019f20e3210e9311fc64cf1c7a9d1e9fbf27237352a6", "price_changes": [{"asset_id": "45200102949427176349999568908324938980741775964477026787123052544602998293488", "price": "0.18", "size": "0", "side": "BUY", "hash": "ee4b486ae66a5ea4bf235115dea84afb0268d077", "best_bid": "0.76", "best_ask": "0.78"}, {"asset_id": "37047640727055104154491541966367763466139953161675548075316317067988588663853", "price": "0.82", "size": "0", "side": "SELL", "hash": "7e6cf03f8c0b5023c15fc824bccbd4d10de5c309", "best_bid": "0.22", "best_ask": "0.24"}], "timestamp": "1769384544469", "event_type": "price_change"}}
{"_local_timestamp": "2026-01-25T23:42:25.147447+00:00", "data": {"market": "0x52226ec4393285ffc942019f20e3210e9311fc64cf1c7a9d1e9fbf27237352a6", "price_changes": [{"asset_id": "45200102949427176349999568908324938980741775964477026787123052544602998293488", "price": "0.2", "size": "2690", "side": "BUY", "hash": "787ac286a6fbf2d8853ee2b1b6add88ac3f7aad5", "best_bid": "0.76", "best_ask": "0.78"}, {"asset_id": "37047640727055104154491541966367763466139953161675548075316317067988588663853", "price": "0.8", "size": "2690", "side": "SELL", "hash": "bd7c8cce2175f800979130fc0f8957303d891603", "best_bid": "0.22", "best_ask": "0.24"}], "timestamp": "1769384544928", "event_type": "price_change"}}
{"_local_timestamp": "2026-01-25T23:43:25.648260+00:00", "data": {"market": "0x52226ec4393285ffc942019f20e3210e9311fc64cf1c7a9d1e9fbf27237352a6", "price_changes": [{"asset_id": "37047640727055104154491541966367763466139953161675548075316317067988588663853", "price": "0.43", "size": "197.6", "side": "SELL", "hash": "e044f5a5648e0facdcbd5c4cd4d92010b7b7cfe6", "best_bid": "0.22", "best_ask": "0.24"}, {"asset_id": "45200102949427176349999568908324938980741775964477026787123052544602998293488", "price": "0.57", "size": "197.6", "side": "BUY", "hash": "20cb6ef5a002dff41212487f1abae2194a147416", "best_bid": "0.76", "best_ask": "0.78"}], "timestamp": "1769384605528", "event_type": "price_change"}}
{"_local_timestamp": "2026-01-25T23:43:45.093499+00:00", "data": {"market": "0x52226ec4393285ffc942019f20e3210e9311fc64cf1c7a9d1e9fbf27237352a6", "price_changes": [{"asset_id": "37047640727055104154491541966367763466139953161675548075316317067988588663853", "price": "0.43", "size": "100", "side": "SELL", "hash": "3af320f63b7bf41923ee66dc90e7a3009074761a", "best_bid": "0.22", "best_ask": "0.24"}, {"asset_id": "45200102949427176349999568908324938980741775964477026787123052544602998293488", "price": "0.57", "size": "100", "side": "BUY", "hash": "eb977839f96dc938cdc51fbf3efad8eceefd5148", "best_bid": "0.76", "best_ask": "0.78"}], "timestamp": "1769384625002", "event_type": "price_change"}}
{"_local_timestamp": "2026-01-25T23:44:32.480072+00:00", "data": {"market": "0x52226ec4393285ffc942019f20e3210e9311fc64cf1c7a9d1e9fbf27237352a6", "price_changes": [{"asset_id": "45200102949427176349999568908324938980741775964477026787123052544602998293488", "price": "0.2", "size": "590", "side": "BUY", "hash": "2f44833e17829205a03f2b261aeaf300f5db27fc", "best_bid": "0.76", "best_ask": "0.78"}, {"asset_id": "37047640727055104154491541966367763466139953161675548075316317067988588663853", "price": "0.8", "size": "590", "side": "SELL", "hash": "a94564541468acee860632ee5927b0a052c050c5", "best_bid": "0.22", "best_ask": "0.24"}], "timestamp": "1769384672291", "event_type": "price_change"}}
{"_local_timestamp": "2026-01-25T23:44:55.660015+00:00", "data": {"market": "0x52226ec4393285ffc942019f20e3210e9311fc64cf1c7a9d1e9fbf27237352a6", "price_changes": [{"asset_id": "37047640727055104154491541966367763466139953161675548075316317067988588663853", "price": "0.43", "size": "197.6", "side": "SELL", "hash": "dcb48dc1cb4ee524ebe48dcfb6d702e3f2758ab6", "best_bid": "0.22", "best_ask": "0.24"}, {"asset_id": "45200102949427176349999568908324938980741775964477026787123052544602998293488", "price": "0.57", "size": "197.6", "side": "BUY", "hash": "e2686ceb2fc65b6429d991ae7659b25e1a535607", "best_bid": "0.76", "best_ask": "0.78"}], "timestamp": "1769384695588", "event_type": "price_change"}}
{"_local_timestamp": "2026-01-25T23:45:05.539918+00:00", "data": {"market": "0x52226ec4393285ffc942019f20e3210e9311fc64cf1c7a9d1e9fbf27237352a6", "price_changes": [{"asset_id": "37047640727055104154491541966367763466139953161675548075316317067988588663853", "price": "0.04", "size": "7.92", "side": "BUY", "hash": "87e03ccb4491067846492982b635c1fd5c711ecf", "best_bid": "0.22", "best_ask": "0.24"}, {"asset_id": "45200102949427176349999568908324938980741775964477026787123052544602998293488", "price": "0.96", "size": "7.92", "side": "SELL", "hash": "172a8bf647445712fafe0f5e572b680e0307db65", "best_bid": "0.76", "best_ask": "0.78"}], "timestamp": "1769384705464", "event_type": "price_change"}}
{"_local_timestamp": "2026-01-25T23:45:05.709681+00:00", "data": {"market": "0x52226ec4393285ffc942019f20e3210e9311fc64cf1c7a9d1e9fbf27237352a6", "price_changes": [{"asset_id": "37047640727055104154491541966367763466139953161675548075316317067988588663853", "price": "0.04", "size": "3757.92", "side": "BUY", "hash": "d5d8f306ef5ecd1f87f815e81c0a3e00f1d907ea", "best_bid": "0.22", "best_ask": "0.24"}, {"asset_id": "45200102949427176349999568908324938980741775964477026787123052544602998293488", "price": "0.96", "size": "3757.92", "side": "SELL", "hash": "4e8098d4b77941c682852fd90d567979fbdf7f68", "best_bid": "0.76", "best_ask": "0.78"}], "timestamp": "1769384705633", "event_type": "price_change"}}
{"_local_timestamp": "2026-01-25T23:45:05.895660+00:00", "data": {"market": "0x52226ec4393285ffc942019f20e3210e9311fc64cf1c7a9d1e9fbf27237352a6", "price_changes": [{"asset_id": "45200102949427176349999568908324938980741775964477026787123052544602998293488", "price": "0.24", "size": "300", "side": "BUY", "hash": "5747e2c55f20daac9d37936bff42790614104356", "best_bid": "0.76", "best_ask": "0.78"}, {"asset_id": "37047640727055104154491541966367763466139953161675548075316317067988588663853", "price": "0.76", "size": "300", "side": "SELL", "hash": "b24ef6701a3a3c8c06aea8c7be92385de65b61d4", "best_bid": "0.22", "best_ask": "0.24"}], "timestamp": "1769384705827", "event_type": "price_change"}}
{"_local_timestamp": "2026-01-25T23:45:06.109219+00:00", "data": {"market": "0x52226ec4393285ffc942019f20e3210e9311fc64cf1c7a9d1e9fbf27237352a6", "price_changes": [{"asset_id": "45200102949427176349999568908324938980741775964477026787123052544602998293488", "price": "0.25", "size": "3018", "side": "BUY", "hash": "df5cb4dd66dbb47032dd033d62f1ba9268925e6d", "best_bid": "0.76", "best_ask": "0.78"}, {"asset_id": "37047640727055104154491541966367763466139953161675548075316317067988588663853", "price": "0.75", "size": "3018", "side": "SELL", "hash": "f3ba3979d4713838fe5478316cc11f83b393ee74", "best_bid": "0.22", "best_ask": "0.24"}], "timestamp": "1769384706009", "event_type": "price_change"}}
{"_local_timestamp": "2026-01-25T23:45:08.092598+00:00", "data": {"market": "0x52226ec4393285ffc942019f20e3210e9311fc64cf1c7a9d1e9fbf27237352a6", "price_changes": [{"asset_id": "37047640727055104154491541966367763466139953161675548075316317067988588663853", "price": "0.15", "size": "2628.33", "side": "BUY", "hash": "8f94bcb4419cc9b3d51506fd27274ebdac9f490d", "best_bid": "0.22", "best_ask": "0.24"}, {"asset_id": "45200102949427176349999568908324938980741775964477026787123052544602998293488", "price": "0.85", "size": "2628.33", "side": "SELL", "hash": "b25911152fe1eb5f5e2654f0e4c10cd25fc17338", "best_bid": "0.76", "best_ask": "0.78"}], "timestamp": "1769384708000", "event_type": "price_change"}}
{"_local_timestamp": "2026-01-25T23:45:08.102805+00:00", "data": {"market": "0x52226ec4393285ffc942019f20e3210e9311fc64cf1c7a9d1e9fbf27237352a6", "price_changes": [{"asset_id": "37047640727055104154491541966367763466139953161675548075316317067988588663853", "price": "0.09", "size": "5.91", "side": "BUY", "hash": "5b0ac5c1e91559886bcf746d7c9548a33bf80ee1", "best_bid": "0.22", "best_ask": "0.24"}, {"asset_id": "45200102949427176349999568908324938980741775964477026787123052544602998293488", "price": "0.91", "size": "5.91", "side": "SELL", "hash": "0a194139d52acc5efd697ea404e8a76b10a42f34", "best_bid": "0.76", "best_ask": "0.78"}], "timestamp": "1769384708003", "event_type": "price_change"}}
{"_local_timestamp": "2026-01-25T23:45:16.079578+00:00", "data": {"market": "0x52226ec4393285ffc942019f20e3210e9311fc64cf1c7a9d1e9fbf27237352a6", "price_changes": [{"asset_id": "37047640727055104154491541966367763466139953161675548075316317067988588663853", "price": "0.43", "size": "100", "side": "SELL", "hash": "a0e95aa6feb1eefc5a80f81a722268fa3b8885d6", "best_bid": "0.22", "best_ask": "0.24"}, {"asset_id": "45200102949427176349999568908324938980741775964477026787123052544602998293488", "price": "0.57", "size": "100", "side": "BUY", "hash": "dfe0e1962c3a4f2ed0172ca0815b7ee6c5c3b63b", "best_bid": "0.76", "best_ask": "0.78"}], "timestamp": "1769384716001", "event_type": "price_change"}}
{"_local_timestamp": "2026-01-25T23:45:19.005477+00:00", "data": {"market": "0x52226ec4393285ffc942019f20e3210e9311fc64cf1c7a9d1e9fbf27237352a6", "price_changes": [{"asset_id": "45200102949427176349999568908324938980741775964477026787123052544602998293488", "price": "0.18", "size": "2332", "side": "BUY", "hash": "57dbbeab64288d41380de643b4d9c9dfa6db5368", "best_bid": "0.76", "best_ask": "0.78"}, {"asset_id": "37047640727055104154491541966367763466139953161675548075316317067988588663853", "price": "0.82", "size": "2332", "side": "SELL", "hash": "5cd59822cf520080d698fa558ee6b25efbc859c8", "best_bid": "0.22", "best_ask": "0.24"}], "timestamp": "1769384718933", "event_type": "price_change"}}
{"_local_timestamp": "2026-01-25T23:45:23.839368+00:00", "data": {"market": "0x52226ec4393285ffc942019f20e3210e9311fc64cf1c7a9d1e9fbf27237352a6", "price_changes": [{"asset_id": "45200102949427176349999568908324938980741775964477026787123052544602998293488", "price": "0.2", "size": "540", "side": "BUY", "hash": "52b6a70a221b771ab0c77fdc3feb7b2f8be13fde", "best_bid": "0.76", "best_ask": "0.78"}, {"asset_id": "37047640727055104154491541966367763466139953161675548075316317067988588663853", "price": "0.8", "size": "540", "side": "SELL", "hash": "61cf8f65a2b7a9cac4bd4c61acef0cb0a7754493", "best_bid": "0.22", "best_ask": "0.24"}], "timestamp": "1769384723756", "event_type": "price_change"}}
{"_local_timestamp": "2026-01-25T23:45:24.122615+00:00", "data": {"market": "0x52226ec4393285ffc942019f20e3210e9311fc64cf1c7a9d1e9fbf27237352a6", "price_changes": [{"asset_id": "45200102949427176349999568908324938980741775964477026787123052544602998293488", "price": "0.17", "size": "990", "side": "BUY", "hash": "7e1494998591d504eab469a0db15a464d244fb34", "best_bid": "0.76", "best_ask": "0.78"}, {"asset_id": "37047640727055104154491541966367763466139953161675548075316317067988588663853", "price": "0.83", "size": "990", "side": "SELL", "hash": "96bfc22e9d84a68d8ead8a238029d861e748d939", "best_bid": "0.22", "best_ask": "0.24"}], "timestamp": "1769384724046", "event_type": "price_change"}}
{"_local_timestamp": "2026-01-25T23:45:38.891803+00:00", "data": {"market": "0x52226ec4393285ffc942019f20e3210e9311fc64cf1c7a9d1e9fbf27237352a6", "price_changes": [{"asset_id": "45200102949427176349999568908324938980741775964477026787123052544602998293488", "price": "0.2", "size": "390", "side": "BUY", "hash": "7f7a230ea976f81b04f28d18016b5aa5bbbb9b2d", "best_bid": "0.76", "best_ask": "0.78"}, {"asset_id": "37047640727055104154491541966367763466139953161675548075316317067988588663853", "price": "0.8", "size": "390", "side": "SELL", "hash": "d40925a220fb965814673e6093d98fdc6b77fb32", "best_bid": "0.22", "best_ask": "0.24"}], "timestamp": "1769384738810", "event_type": "price_change"}}
{"_local_timestamp": "2026-01-25T23:45:39.179849+00:00", "data": {"market": "0x52226ec4393285ffc942019f20e3210e9311fc64cf1c7a9d1e9fbf27237352a6", "price_changes": [{"asset_id": "45200102949427176349999568908324938980741775964477026787123052544602998293488", "price": "0.17", "size": "1140", "side": "BUY", "hash": "0c74da374581f94aeb803ee0a0545517c2c3f411", "best_bid": "0.76", "best_ask": "0.78"}, {"asset_id": "37047640727055104154491541966367763466139953161675548075316317067988588663853", "price": "0.83", "size": "1140", "side": "SELL", "hash": "bf704efdcca45ece73d1dd79a73b43d560014ef2", "best_bid": "0.22", "best_ask": "0.24"}], "timestamp": "1769384739077", "event_type": "price_change"}}
{"_local_timestamp": "2026-01-25T23:45:41.281869+00:00", "data": {"market": "0x52226ec4393285ffc942019f20e3210e9311fc64cf1c7a9d1e9fbf27237352a6", "price_changes": [{"asset_id": "37047640727055104154491541966367763466139953161675548075316317067988588663853", "price": "0.2", "size": "112.45", "side": "BUY", "hash": "044798fe9cbe3b3ededdc83f38e4cca822a03e22", "best_bid": "0.22", "best_ask": "0.24"}, {"asset_id": "45200102949427176349999568908324938980741775964477026787123052544602998293488", "price": "0.8", "size": "112.45", "side": "SELL", "hash": "8270537d18a9d82dbaf3de4dadb882c5d0b1c1a5", "best_bid": "0.76", "best_ask": "0.78"}], "timestamp": "1769384741190", "event_type": "price_change"}}
{"_local_timestamp": "2026-01-25T23:45:42.466845+00:00", "data": {"market": "0x52226ec4393285ffc942019f20e3210e9311fc64cf1c7a9d1e9fbf27237352a6", "price_changes": [{"asset_id": "37047640727055104154491541966367763466139953161675548075316317067988588663853", "price": "0.21", "size": "424", "side": "BUY", "hash": "09869f1eee71140e8d9e91860b1750fbc176c65c", "best_bid": "0.22", "best_ask": "0.24"}, {"asset_id": "45200102949427176349999568908324938980741775964477026787123052544602998293488", "price": "0.79", "size": "424", "side": "SELL", "hash": "388dea2057e9571e90d5053d8ce3f35624e2c68f", "best_bid": "0.76", "best_ask": "0.78"}], "timestamp": "1769384742397", "event_type": "price_change"}}
{"_local_timestamp": "2026-01-25T23:45:42.716896+00:00", "data": {"market": "0x52226ec4393285ffc942019f20e3210e9311fc64cf1c7a9d1e9fbf27237352a6", "price_changes": [{"asset_id": "37047640727055104154491541966367763466139953161675548075316317067988588663853", "price": "0.21", "size": "599", "side": "BUY", "hash": "9b2b075fe6868e4b5d41aba6a8550f5d3bb525a0", "best_bid": "0.22", "best_ask": "0.24"}, {"asset_id": "45200102949427176349999568908324938980741775964477026787123052544602998293488", "price": "0.79", "size": "599", "side": "SELL", "hash": "61cc6a0fec3b4b8431668bc53d6efbb4912fa8b3", "best_bid": "0.76", "best_ask": "0.78"}], "timestamp": "1769384742651", "event_type": "price_change"}}
{"_local_timestamp": "2026-01-25T23:45:56.894872+00:00", "data": {"market": "0x52226ec4393285ffc942019f20e3210e9311fc64cf1c7a9d1e9fbf27237352a6", "price_changes": [{"asset_id": "37047640727055104154491541966367763466139953161675548075316317067988588663853", "price": "0.2", "size": "212.45", "side": "BUY", "hash": "ad33a2f0940178b6b80eb6c629f6277e2459f408", "best_bid": "0.22", "best_ask": "0.24"}, {"asset_id": "45200102949427176349999568908324938980741775964477026787123052544602998293488", "price": "0.8", "size": "212.45", "side": "SELL", "hash": "ba27ba7e9ba96e6e42435470961a1efa74a780e0", "best_bid": "0.76", "best_ask": "0.78"}], "timestamp": "1769384756228", "event_type": "price_change"}}
{"_local_timestamp": "2026-01-25T23:45:58.050785+00:00", "data": {"market": "0x52226ec4393285ffc942019f20e3210e9311fc64cf1c7a9d1e9fbf27237352a6", "price_changes": [{"asset_id": "37047640727055104154491541966367763466139953161675548075316317067988588663853", "price": "0.15", "size": "2695.33", "side": "BUY", "hash": "bdc495e50206bed4e5b018b79a7b99b6fd659967", "best_bid": "0.22", "best_ask": "0.24"}, {"asset_id": "45200102949427176349999568908324938980741775964477026787123052544602998293488", "price": "0.85", "size": "2695.33", "side": "SELL", "hash": "5d70af9853015fd2b916e9d8c5b42fadb2011573", "best_bid": "0.76", "best_ask": "0.78"}], "timestamp": "1769384757974", "event_type": "price_change"}}
{"_local_timestamp": "2026-01-25T23:45:58.051214+00:00", "data": {"market": "0x52226ec4393285ffc942019f20e3210e9311fc64cf1c7a9d1e9fbf27237352a6", "price_changes": [{"asset_id": "37047640727055104154491541966367763466139953161675548075316317067988588663853", "price": "0.09", "size": "228.91", "side": "BUY", "hash": "519964035cdaf14a9c4e6be893835d1276dd16a7", "best_bid": "0.22", "best_ask": "0.24"}, {"asset_id": "45200102949427176349999568908324938980741775964477026787123052544602998293488", "price": "0.91", "size": "228.91", "side": "SELL", "hash": "d308bbf901b23dd49ecdbf175fd95ec1b47ea393", "best_bid": "0.76", "best_ask": "0.78"}], "timestamp": "1769384757975", "event_type": "price_change"}}
{"_local_timestamp": "2026-01-25T23:46:00.008449+00:00", "data": {"market": "0x52226ec4393285ffc942019f20e3210e9311fc64cf1c7a9d1e9fbf27237352a6", "price_changes": [{"asset_id": "37047640727055104154491541966367763466139953161675548075316317067988588663853", "price": "0.21", "size": "424", "side": "BUY", "hash": "ce234745bf10610ba3c78bc0376c6d4792a15e5f", "best_bid": "0.22", "best_ask": "0.24"}, {"asset_id": "45200102949427176349999568908324938980741775964477026787123052544602998293488", "price": "0.79", "size": "424", "side": "SELL", "hash": "30852c95abe1ddb4eca9172a561debe6cb59ccd9", "best_bid": "0.76", "best_ask": "0.78"}], "timestamp": "1769384759932", "event_type": "price_change"}}
{"_local_timestamp": "2026-01-25T23:46:00.382958+00:00", "data": {"market": "0x52226ec4393285ffc942019f20e3210e9311fc64cf1c7a9d1e9fbf27237352a6", "price_changes": [{"asset_id": "37047640727055104154491541966367763466139953161675548075316317067988588663853", "price": "0.21", "size": "644", "side": "BUY", "hash": "750142598c3bf908ea3ecac2f435c15c161d8f98", "best_bid": "0.22", "best_ask": "0.24"}, {"asset_id": "45200102949427176349999568908324938980741775964477026787123052544602998293488", "price": "0.79", "size": "644", "side": "SELL", "hash": "291a60e0e57b01244dd318eea0ef1828a4db42a0", "best_bid": "0.76", "best_ask": "0.78"}], "timestamp": "1769384760310", "event_type": "price_change"}}
{"_local_timestamp": "2026-01-25T23:46:10.559088+00:00", "data": {"market": "0x52226ec4393285ffc942019f20e3210e9311fc64cf1c7a9d1e9fbf27237352a6", "price_changes": [{"asset_id": "45200102949427176349999568908324938980741775964477026787123052544602998293488", "price": "0.18", "size": "0", "side": "BUY", "hash": "25fe3e628923f585851a668d5673ed0a130e36bc", "best_bid": "0.76", "best_ask": "0.78"}, {"asset_id": "37047640727055104154491541966367763466139953161675548075316317067988588663853", "price": "0.82", "size": "0", "side": "SELL", "hash": "40597d39632c025c05a5a0f42a9ccca249549f4f", "best_bid": "0.22", "best_ask": "0.24"}], "timestamp": "1769384770460", "event_type": "price_change"}}
{"_local_timestamp": "2026-01-25T23:46:12.504359+00:00", "data": {"market": "0x52226ec4393285ffc942019f20e3210e9311fc64cf1c7a9d1e9fbf27237352a6", "price_changes": [{"asset_id": "45200102949427176349999568908324938980741775964477026787123052544602998293488", "price": "0.17", "size": "1090", "side": "BUY", "hash": "b2a3b30a11f7151094a849f29d78968b66bada36", "best_bid": "0.76", "best_ask": "0.78"}, {"asset_id": "37047640727055104154491541966367763466139953161675548075316317067988588663853", "price": "0.83", "size": "1090", "side": "SELL", "hash": "18dcfbbf2a37b516fe8d114c026dd22452c42819", "best_bid": "0.22", "best_ask": "0.24"}], "timestamp": "1769384772426", "event_type": "price_change"}}
{"_local_timestamp": "2026-01-25T23:46:12.773043+00:00", "data": {"market": "0x52226ec4393285ffc942019f20e3210e9311fc64cf1c7a9d1e9fbf27237352a6", "price_changes": [{"asset_id": "45200102949427176349999568908324938980741775964477026787123052544602998293488", "price": "0.18", "size": "50", "side": "BUY", "hash": "adc5c168ad129f28e1754600229101a9f655fa9c", "best_bid": "0.76", "best_ask": "0.78"}, {"asset_id": "37047640727055104154491541966367763466139953161675548075316317067988588663853", "price": "0.82", "size": "50", "side": "SELL", "hash": "caf048cc6c2d57d50e5edce105b04144d0fa2286", "best_bid": "0.22", "best_ask": "0.24"}], "timestamp": "1769384772690", "event_type": "price_change"}}
{"_local_timestamp": "2026-01-25T23:46:17.467811+00:00", "data": {"market": "0x52226ec4393285ffc942019f20e3210e9311fc64cf1c7a9d1e9fbf27237352a6", "price_changes": [{"asset_id": "45200102949427176349999568908324938980741775964477026787123052544602998293488", "price": "0.24", "size": "200", "side": "BUY", "hash": "c55b9d1cbc197443023266cd27da99ea4e0cf94e", "best_bid": "0.76", "best_ask": "0.78"}, {"asset_id": "37047640727055104154491541966367763466139953161675548075316317067988588663853", "price": "0.76", "size": "200", "side": "SELL", "hash": "8dd15de1167dfd622db08714faca71884306b06e", "best_bid": "0.22", "best_ask": "0.24"}], "timestamp": "1769384777369", "event_type": "price_change"}}
{"_local_timestamp": "2026-01-25T23:46:17.468843+00:00", "data": {"market": "0x52226ec4393285ffc942019f20e3210e9311fc64cf1c7a9d1e9fbf27237352a6", "price_changes": [{"asset_id": "45200102949427176349999568908324938980741775964477026787123052544602998293488", "price": "0.17", "size": "940", "side": "BUY", "hash": "c55b9d1cbc197443023266cd27da99ea4e0cf94e", "best_bid": "0.76", "best_ask": "0.78"}, {"asset_id": "37047640727055104154491541966367763466139953161675548075316317067988588663853", "price": "0.83", "size": "940", "side": "SELL", "hash": "8dd15de1167dfd622db08714faca71884306b06e", "best_bid": "0.22", "best_ask": "0.24"}], "timestamp": "1769384777369", "event_type": "price_change"}}
{"_local_timestamp": "2026-01-25T23:46:17.719807+00:00", "data": {"market": "0x52226ec4393285ffc942019f20e3210e9311fc64cf1c7a9d1e9fbf27237352a6", "price_changes": [{"asset_id": "45200102949427176349999568908324938980741775964477026787123052544602998293488", "price": "0.25", "size": "3118", "side": "BUY", "hash": "76a880df4a87f9a5d26acc280a645155e56a51a5", "best_bid": "0.76", "best_ask": "0.78"}, {"asset_id": "37047640727055104154491541966367763466139953161675548075316317067988588663853", "price": "0.75", "size": "3118", "side": "SELL", "hash": "fe6fd36eda1e99df69127940280224b8f3a0885f", "best_bid": "0.22", "best_ask": "0.24"}], "timestamp": "1769384777640", "event_type": "price_change"}}
{"_local_timestamp": "2026-01-25T23:46:17.739822+00:00", "data": {"market": "0x52226ec4393285ffc942019f20e3210e9311fc64cf1c7a9d1e9fbf27237352a6", "price_changes": [{"asset_id": "45200102949427176349999568908324938980741775964477026787123052544602998293488", "price": "0.18", "size": "200", "side": "BUY", "hash": "be21c9e6324cf67d204bbf331d7e2bf24c28e851", "best_bid": "0.76", "best_ask": "0.78"}, {"asset_id": "37047640727055104154491541966367763466139953161675548075316317067988588663853", "price": "0.82", "size": "200", "side": "SELL", "hash": "d4d624f4a689e81a6934d835571a6c38a7c6aabf", "best_bid": "0.22", "best_ask": "0.24"}], "timestamp": "1769384777647", "event_type": "price_change"}}
{"_local_timestamp": "2026-01-25T23:46:25.634717+00:00", "data": {"market": "0x52226ec4393285ffc942019f20e3210e9311fc64cf1c7a9d1e9fbf27237352a6", "price_changes": [{"asset_id": "37047640727055104154491541966367763466139953161675548075316317067988588663853", "price": "0.43", "size": "197.6", "side": "SELL", "hash": "f616a73619eea495289ed8e1d682542861492a3b", "best_bid": "0.22", "best_ask": "0.24"}, {"asset_id": "45200102949427176349999568908324938980741775964477026787123052544602998293488", "price": "0.57", "size": "197.6", "side": "BUY", "hash": "9ef789d2b899086d8ecb21a79e9c951c6b9ea7c5", "best_bid": "0.76", "best_ask": "0.78"}], "timestamp": "1769384785564", "event_type": "price_change"}}
{"_local_timestamp": "2026-01-25T23:46:39.773264+00:00", "data": {"market": "0x52226ec4393285ffc942019f20e3210e9311fc64cf1c7a9d1e9fbf27237352a6", "price_changes": [{"asset_id": "45200102949427176349999568908324938980741775964477026787123052544602998293488", "price": "0.21", "size": "1998", "side": "BUY", "hash": "ff8d067ab8bd0ff7e3b8896bebf6fb645e233851", "best_bid": "0.76", "best_ask": "0.78"}, {"asset_id": "37047640727055104154491541966367763466139953161675548075316317067988588663853", "price": "0.79", "size": "1998", "side": "SELL", "hash": "b8ee7c6cdff94d6d431ad39773259b0d468d63ed", "best_bid": "0.22", "best_ask": "0.24"}], "timestamp": "1769384799694", "event_type": "price_change"}}
{"_local_timestamp": "2026-01-25T23:46:45.088028+00:00", "data": {"market": "0x52226ec4393285ffc942019f20e3210e9311fc64cf1c7a9d1e9fbf27237352a6", "price_changes": [{"asset_id": "37047640727055104154491541966367763466139953161675548075316317067988588663853", "price": "0.43", "size": "100", "side": "SELL", "hash": "61201b4770e9f9f9eca4efc2659cdef206dd83f4", "best_bid": "0.22", "best_ask": "0.24"}, {"asset_id": "45200102949427176349999568908324938980741775964477026787123052544602998293488", "price": "0.57", "size": "100", "side": "BUY", "hash": "a73f7e16f129b4b6588102aef9856d250fea3053", "best_bid": "0.76", "best_ask": "0.78"}], "timestamp": "1769384805000", "event_type": "price_change"}}
{"_local_timestamp": "2026-01-25T23:46:58.515250+00:00", "data": {"market": "0x52226ec4393285ffc942019f20e3210e9311fc64cf1c7a9d1e9fbf27237352a6", "price_changes": [{"asset_id": "45200102949427176349999568908324938980741775964477026787123052544602998293488", "price": "0.18", "size": "150", "side": "BUY", "hash": "c1b7dddee11c817b4484524c542daca1178af99b", "best_bid": "0.76", "best_ask": "0.78"}, {"asset_id": "37047640727055104154491541966367763466139953161675548075316317067988588663853", "price": "0.82", "size": "150", "side": "SELL", "hash": "124eb2e67e5a7bc6351845731a2b558182999e74", "best_bid": "0.22", "best_ask": "0.24"}], "timestamp": "1769384818400", "event_type": "price_change"}}
{"_local_timestamp": "2026-01-25T23:46:58.793739+00:00", "data": {"market": "0x52226ec4393285ffc942019f20e3210e9311fc64cf1c7a9d1e9fbf27237352a6", "price_changes": [{"asset_id": "45200102949427176349999568908324938980741775964477026787123052544602998293488", "price": "0.17", "size": "990", "side": "BUY", "hash": "bd374fff92c2f3fa8f8658ab3b725dd30e5c6a19", "best_bid": "0.76", "best_ask": "0.78"}, {"asset_id": "37047640727055104154491541966367763466139953161675548075316317067988588663853", "price": "0.83", "size": "990", "side": "SELL", "hash": "323280083ea4e661640559570b6143cf03f6db09", "best_bid": "0.22", "best_ask": "0.24"}], "timestamp": "1769384818703", "event_type": "price_change"}}
{"_local_timestamp": "2026-01-25T23:46:58.984584+00:00", "data": {"market": "0x52226ec4393285ffc942019f20e3210e9311fc64cf1c7a9d1e9fbf27237352a6", "price_changes": [{"asset_id": "45200102949427176349999568908324938980741775964477026787123052544602998293488", "price": "0.18", "size": "0", "side": "BUY", "hash": "a5f22bf3c78d5145ca8d9b6bec8d91b83811dcfe", "best_bid": "0.76", "best_ask": "0.78"}, {"asset_id": "37047640727055104154491541966367763466139953161675548075316317067988588663853", "price": "0.82", "size": "0", "side": "SELL", "hash": "3abe39a3c33e304c35409baf5ffe91cfb2ffdbcd", "best_bid": "0.22", "best_ask": "0.24"}], "timestamp": "1769384818867", "event_type": "price_change"}}
{"_local_timestamp": "2026-01-25T23:46:59.314111+00:00", "data": {"market": "0x52226ec4393285ffc942019f20e3210e9311fc64cf1c7a9d1e9fbf27237352a6", "price_changes": [{"asset_id": "45200102949427176349999568908324938980741775964477026787123052544602998293488", "price": "0.17", "size": "1140", "side": "BUY", "hash": "75043e51b14ce1ca4f80193102b47d9568beb1f9", "best_bid": "0.76", "best_ask": "0.78"}, {"asset_id": "37047640727055104154491541966367763466139953161675548075316317067988588663853", "price": "0.83", "size": "1140", "side": "SELL", "hash": "4bf957f28dcdcc8ec436a1a188f4b5330c35d59c", "best_bid": "0.22", "best_ask": "0.24"}], "timestamp": "1769384819176", "event_type": "price_change"}}
{"_local_timestamp": "2026-01-25T23:47:23.421964+00:00", "data": {"market": "0x52226ec4393285ffc942019f20e3210e9311fc64cf1c7a9d1e9fbf27237352a6", "price_changes": [{"asset_id": "45200102949427176349999568908324938980741775964477026787123052544602998293488", "price": "0.24", "size": "150", "side": "BUY", "hash": "a43b8809086b675520f4f85add9dbaa9b5ec52a4", "best_bid": "0.76", "best_ask": "0.78"}, {"asset_id": "37047640727055104154491541966367763466139953161675548075316317067988588663853", "price": "0.76", "size": "150", "side": "SELL", "hash": "f524107a0d546da80a34af7e62301cc4afff9d34", "best_bid": "0.22", "best_ask": "0.24"}], "timestamp": "1769384843336", "event_type": "price_change"}}
{"_local_timestamp": "2026-01-25T23:47:23.966155+00:00", "data": {"market": "0x52226ec4393285ffc942019f20e3210e9311fc64cf1c7a9d1e9fbf27237352a6", "price_changes": [{"asset_id": "45200102949427176349999568908324938980741775964477026787123052544602998293488", "price": "0.25", "size": "3168", "side": "BUY", "hash": "3b1336216e77f5e8fb279cf158b2b18cfdffc49a", "best_bid": "0.76", "best_ask": "0.78"}, {"asset_id": "37047640727055104154491541966367763466139953161675548075316317067988588663853", "price": "0.75", "size": "3168", "side": "SELL", "hash": "abb590bda8891766d14f0dfe33ebccb3c19660b0", "best_bid": "0.22", "best_ask": "0.24"}], "timestamp": "1769384843837", "event_type": "price_change"}}
{"_local_timestamp": "2026-01-25T23:47:37.672526+00:00", "data": {"market": "0x52226ec4393285ffc942019f20e3210e9311fc64cf1c7a9d1e9fbf27237352a6", "price_changes": [{"asset_id": "45200102949427176349999568908324938980741775964477026787123052544602998293488", "price": "0.24", "size": "100", "side": "BUY", "hash": "2ed1756e0a65689bed2d6d1604a90a1f256709a6", "best_bid": "0.76", "best_ask": "0.78"}, {"asset_id": "37047640727055104154491541966367763466139953161675548075316317067988588663853", "price": "0.76", "size": "100", "side": "SELL", "hash": "d2cf414fdcd4e26912df4900e193e304e96dd829", "best_bid": "0.22", "best_ask": "0.24"}], "timestamp": "1769384857531", "event_type": "price_change"}}
{"_local_timestamp": "2026-01-25T23:47:37.673459+00:00", "data": {"market": "0x52226ec4393285ffc942019f20e3210e9311fc64cf1c7a9d1e9fbf27237352a6", "price_changes": [{"asset_id": "45200102949427176349999568908324938980741775964477026787123052544602998293488", "price": "0.2", "size": "290", "side": "BUY", "hash": "2ed1756e0a65689bed2d6d1604a90a1f256709a6", "best_bid": "0.76", "best_ask": "0.78"}, {"asset_id": "37047640727055104154491541966367763466139953161675548075316317067988588663853", "price": "0.8", "size": "290", "side": "SELL", "hash": "d2cf414fdcd4e26912df4900e193e304e96dd829", "best_bid": "0.22", "best_ask": "0.24"}], "timestamp": "1769384857531", "event_type": "price_change"}}
{"_local_timestamp": "2026-01-25T23:47:38.319248+00:00", "data": {"market": "0x52226ec4393285ffc942019f20e3210e9311fc64cf1c7a9d1e9fbf27237352a6", "price_changes": [{"asset_id": "45200102949427176349999568908324938980741775964477026787123052544602998293488", "price": "0.18", "size": "100", "side": "BUY", "hash": "9e7e6014d86ac4f193bd83629169082fc2590571", "best_bid": "0.76", "best_ask": "0.78"}, {"asset_id": "37047640727055104154491541966367763466139953161675548075316317067988588663853", "price": "0.82", "size": "100", "side": "SELL", "hash": "ad0467c9ca464c40eb0d1c4a95eede5d8d4e5387", "best_bid": "0.22", "best_ask": "0.24"}], "timestamp": "1769384858057", "event_type": "price_change"}}
{"_local_timestamp": "2026-01-25T23:47:38.460136+00:00", "data": {"market": "0x52226ec4393285ffc942019f20e3210e9311fc64cf1c7a9d1e9fbf27237352a6", "price_changes": [{"asset_id": "45200102949427176349999568908324938980741775964477026787123052544602998293488", "price": "0.25", "size": "3218", "side": "BUY", "hash": "6f818da41e19f1214e073d57d326a9000744a477", "best_bid": "0.76", "best_ask": "0.78"}, {"asset_id": "37047640727055104154491541966367763466139953161675548075316317067988588663853", "price": "0.75", "size": "3218", "side": "SELL", "hash": "81c0776c677e6874dbd865521b06726741419cbb", "best_bid": "0.22", "best_ask": "0.24"}], "timestamp": "1769384858208", "event_type": "price_change"}}
{"_local_timestamp": "2026-01-25T23:47:55.541419+00:00", "data": {"market": "0x52226ec4393285ffc942019f20e3210e9311fc64cf1c7a9d1e9fbf27237352a6", "price_changes": [{"asset_id": "45200102949427176349999568908324938980741775964477026787123052544602998293488", "price": "0.21", "size": "0", "side": "BUY", "hash": "2332340d9f3d453905310c1ea6fd110128caf963", "best_bid": "0.76", "best_ask": "0.78"}, {"asset_id": "37047640727055104154491541966367763466139953161675548075316317067988588663853", "price": "0.79", "size": "0", "side": "SELL", "hash": "318213dee8b4e914ddf9055a17099da14003e55a", "best_bid": "0.22", "best_ask": "0.24"}], "timestamp": "1769384875414", "event_type": "price_change"}}
{"_local_timestamp": "2026-01-25T23:47:55.761905+00:00", "data": {"market": "0x52226ec4393285ffc942019f20e3210e9311fc64cf1c7a9d1e9fbf27237352a6", "price_changes": [{"asset_id": "37047640727055104154491541966367763466139953161675548075316317067988588663853", "price": "0.43", "size": "197.6", "side": "SELL", "hash": "8e76e28085bf2c4a6b773471002239357d985427", "best_bid": "0.22", "best_ask": "0.24"}, {"asset_id": "45200102949427176349999568908324938980741775964477026787123052544602998293488", "price": "0.57", "size": "197.6", "side": "BUY", "hash": "72fca9ba217c0c74f81189f91959e1c727a76d4e", "best_bid": "0.76", "best_ask": "0.78"}], "timestamp": "1769384875604", "event_type": "price_change"}}
{"_local_timestamp": "2026-01-25T23:48:16.075456+00:00", "data": {"market": "0x52226ec4393285ffc942019f20e3210e9311fc64cf1c7a9d1e9fbf27237352a6", "price_changes": [{"asset_id": "37047640727055104154491541966367763466139953161675548075316317067988588663853", "price": "0.43", "size": "100", "side": "SELL", "hash": "48b1f602bd3706d727de2760e3da7c04c0f4d21b", "best_bid": "0.22", "best_ask": "0.24"}, {"asset_id": "45200102949427176349999568908324938980741775964477026787123052544602998293488", "price": "0.57", "size": "100", "side": "BUY", "hash": "44e2955c3a12d9e55d68f745cff2885073ba411b", "best_bid": "0.76", "best_ask": "0.78"}], "timestamp": "1769384896001", "event_type": "price_change"}}
{"_local_timestamp": "2026-01-25T23:48:34.553642+00:00", "data": {"market": "0x52226ec4393285ffc942019f20e3210e9311fc64cf1c7a9d1e9fbf27237352a6", "price_changes": [{"asset_id": "45200102949427176349999568908324938980741775964477026787123052544602998293488", "price": "0.22", "size": "1908", "side": "BUY", "hash": "45ef60db2c34d78b838b990d82d0706864941d46", "best_bid": "0.76", "best_ask": "0.78"}, {"asset_id": "37047640727055104154491541966367763466139953161675548075316317067988588663853", "price": "0.78", "size": "1908", "side": "SELL", "hash": "b7245f74c77c3852e7c65c7773a8fe13b1c9eda9", "best_bid": "0.22", "best_ask": "0.24"}], "timestamp": "1769384914476", "event_type": "price_change"}}
{"_local_timestamp": "2026-01-25T23:49:25.351747+00:00", "data": {"market": "0x52226ec4393285ffc942019f20e3210e9311fc64cf1c7a9d1e9fbf27237352a6", "price_changes": [{"asset_id": "45200102949427176349999568908324938980741775964477026787123052544602998293488", "price": "0.18", "size": "0", "side": "BUY", "hash": "e4c93e5bca36eeb67b1e13f8b1cbaf8260fd9cfe", "best_bid": "0.76", "best_ask": "0.78"}, {"asset_id": "37047640727055104154491541966367763466139953161675548075316317067988588663853", "price": "0.82", "size": "0", "side": "SELL", "hash": "a547036e4b9ad2c6aedfa5eba30e2be2148f8798", "best_bid": "0.22", "best_ask": "0.24"}], "timestamp": "1769384965267", "event_type": "price_change"}}
{"_local_timestamp": "2026-01-25T23:49:25.655762+00:00", "data": {"market": "0x52226ec4393285ffc942019f20e3210e9311fc64cf1c7a9d1e9fbf27237352a6", "price_changes": [{"asset_id": "37047640727055104154491541966367763466139953161675548075316317067988588663853", "price": "0.43", "size": "197.6", "side": "SELL", "hash": "8b7b8fffbfb3b44395613b3676b5f7efc02b39d5", "best_bid": "0.22", "best_ask": "0.24"}, {"asset_id": "45200102949427176349999568908324938980741775964477026787123052544602998293488", "price": "0.57", "size": "197.6", "side": "BUY", "hash": "37197bf06ffe195bb106fd66f0f32f29623e2463", "best_bid": "0.76", "best_ask": "0.78"}], "timestamp": "1769384965584", "event_type": "price_change"}}
{"_local_timestamp": "2026-01-25T23:49:25.959980+00:00", "data": {"market": "0x52226ec4393285ffc942019f20e3210e9311fc64cf1c7a9d1e9fbf27237352a6", "price_changes": [{"asset_id": "45200102949427176349999568908324938980741775964477026787123052544602998293488", "price": "0.17", "size": "1240", "side": "BUY", "hash": "48754ac669bfb7033b0edbd7f5ccafa86c398541", "best_bid": "0.76", "best_ask": "0.78"}, {"asset_id": "37047640727055104154491541966367763466139953161675548075316317067988588663853", "price": "0.83", "size": "1240", "side": "SELL", "hash": "99a5fdff47526376cde855d115c54a6928ce8483", "best_bid": "0.22", "best_ask": "0.24"}], "timestamp": "1769384965783", "event_type": "price_change"}}
{"_local_timestamp": "2026-01-25T23:49:30.477014+00:00", "data": {"market": "0x52226ec4393285ffc942019f20e3210e9311fc64cf1c7a9d1e9fbf27237352a6", "price_changes": [{"asset_id": "45200102949427176349999568908324938980741775964477026787123052544602998293488", "price": "0.24", "size": "0", "side": "BUY", "hash": "addb6521860c461eec9539f7bbdf49497a04653c", "best_bid": "0.76", "best_ask": "0.78"}, {"asset_id": "37047640727055104154491541966367763466139953161675548075316317067988588663853", "price": "0.76", "size": "0", "side": "SELL", "hash": "3adef895939ea646d515d1162a277b5949bc3216", "best_bid": "0.22", "best_ask": "0.24"}], "timestamp": "1769384970075", "event_type": "price_change"}}
{"_local_timestamp": "2026-01-25T23:49:30.478088+00:00", "data": {"market": "0x52226ec4393285ffc942019f20e3210e9311fc64cf1c7a9d1e9fbf27237352a6", "price_changes": [{"asset_id": "45200102949427176349999568908324938980741775964477026787123052544602998293488", "price": "0.2", "size": "140", "side": "BUY", "hash": "addb6521860c461eec9539f7bbdf49497a04653c", "best_bid": "0.76", "best_ask": "0.78"}, {"asset_id": "37047640727055104154491541966367763466139953161675548075316317067988588663853", "price": "0.8", "size": "140", "side": "SELL", "hash": "3adef895939ea646d515d1162a277b5949bc3216", "best_bid": "0.22", "best_ask": "0.24"}], "timestamp": "1769384970075", "event_type": "price_change"}}
{"_local_timestamp": "2026-01-25T23:49:31.114845+00:00", "data": {"market": "0x52226ec4393285ffc942019f20e3210e9311fc64cf1c7a9d1e9fbf27237352a6", "price_changes": [{"asset_id": "45200102949427176349999568908324938980741775964477026787123052544602998293488", "price": "0.17", "size": "1390", "side": "BUY", "hash": "26eb85e0c20cde3659fc6f1647b36a703567484b", "best_bid": "0.76", "best_ask": "0.78"}, {"asset_id": "37047640727055104154491541966367763466139953161675548075316317067988588663853", "price": "0.83", "size": "1390", "side": "SELL", "hash": "8ce283216fff7132e695adacba3db131fbecce4e", "best_bid": "0.22", "best_ask": "0.24"}], "timestamp": "1769384970691", "event_type": "price_change"}}
{"_local_timestamp": "2026-01-25T23:49:31.166046+00:00", "data": {"market": "0x52226ec4393285ffc942019f20e3210e9311fc64cf1c7a9d1e9fbf27237352a6", "price_changes": [{"asset_id": "45200102949427176349999568908324938980741775964477026787123052544602998293488", "price": "0.25", "size": "3318", "side": "BUY", "hash": "7aa31f685e6ef7a36684f124f4114947570b616b", "best_bid": "0.76", "best_ask": "0.78"}, {"asset_id": "37047640727055104154491541966367763466139953161675548075316317067988588663853", "price": "0.75", "size": "3318", "side": "SELL", "hash": "b262eb09e47ec8666ad8cd5ebf491b391ed88bff", "best_bid": "0.22", "best_ask": "0.24"}], "timestamp": "1769384970780", "event_type": "price_change"}}
{"_local_timestamp": "2026-01-25T23:49:45.088550+00:00", "data": {"market": "0x52226ec4393285ffc942019f20e3210e9311fc64cf1c7a9d1e9fbf27237352a6", "price_changes": [{"asset_id": "37047640727055104154491541966367763466139953161675548075316317067988588663853", "price": "0.43", "size": "100", "side": "SELL", "hash": "fa63606e3e3a9f529c2e08c4348c0c83604cdf39", "best_bid": "0.22", "best_ask": "0.24"}, {"asset_id": "45200102949427176349999568908324938980741775964477026787123052544602998293488", "price": "0.57", "size": "100", "side": "BUY", "hash": "d444b3595cc19881d73938f3b35d0886e9becdbe", "best_bid": "0.76", "best_ask": "0.78"}], "timestamp": "1769384985001", "event_type": "price_change"}}
