{"_local_timestamp": "2026-01-25T23:33:25.690488+00:00", "data": [{"market": "0xb57788cf555d65160e9860d8a86f3450803bb5f931ed2a8de833f2b52f271d5e", "asset_id": "65668565116462199424853420687038065868204288900715786773861886981737832765620", "timestamp": "1769383950747", "hash": "5398429a7620f075b40980c6c4a006a2b2055030", "bids": [{"price": "0.01", "size": "5009.71"}, {"price": "0.02", "size": "1000"}, {"price": "0.03", "size": "6328.98"}, {"price": "0.05", "size": "330"}, {"price": "0.06", "size": "33"}, {"price": "0.09", "size": "700"}, {"price": "0.11", "size": "6.03"}, {"price": "0.14", "size": "567.85"}, {"price": "0.18", "size": "177.77"}, {"price": "0.2", "size": "1050"}, {"price": "0.21", "size": "200"}, {"price": "0.23", "size": "121.73"}, {"price": "0.27", "size": "50"}, {"price": "0.28", "size": "92.85"}, {"price": "0.29", "size": "46"}, {"price": "0.32", "size": "75"}, {"price": "0.37", "size": "54.05"}, {"price": "0.38", "size": "225"}, {"price": "0.4", "size": "5"}, {"price": "0.64", "size": "100"}, {"price": "0.88", "size": "165"}, {"price": "0.89", "size": "176.54"}], "asks": [{"price": "0.99", "size": "13.75"}, {"price": "0.98", "size": "250"}, {"price": "0.97", "size": "30.41"}, {"price": "0.93", "size": "147"}, {"price": "0.92", "size": "165"}, {"price": "0.91", "size": "1899.43"}], "event_type": "book", "last_trade_price": ""}, {"market": "0xb57788cf555d65160e9860d8a86f3450803bb5f931ed2a8de833f2b52f271d5e", "asset_id": "82905177601129324963887984800459629991316689636624675047781577226293804624806", "timestamp": "1769383950747", "hash": "815a4d50570765fb344a95fcfc59e80c91e9cdf6", "bids": [{"price": "0.01", "size": "13.75"}, {"price": "0.02", "size": "250"}, {"price": "0.03", "size": "30.41"}, {"price": "0.07", "size": "147"}, {"price": "0.08", "size": "165"}, {"price": "0.09", "size": "1899.43"}], "asks": [{"price": "0.99", "size": "5009.71"}, {"price": "0.98", "size": "1000"}, {"price": "0.97", "size": "6328.98"}, {"price": "0.95", "size": "330"}, {"price": "0.94", "size": "33"}, {"price": "0.91", "size": "700"}, {"price": "0.89", "size": "6.03"}, {"price": "0.86", "size": "567.85"}, {"price": "0.82", "size": "177.77"}, {"price": "0.8", "size": "1050"}, {"price": "0.79", "size": "200"}, {"price": "0.77", "size": "121.73"}, {"price": "0.73", "size": "50"}, {"price": "0.72", "size": "92.85"}, {"price": "0.71", "size": "46"}, {"price": "0.68", "size": "75"}, {"price": "0.63", "size": "54.05"}, {"price": "0.62", "size": "225"}, {"price": "0.6", "size": "5"}, {"price": "0.36", "size": "100"}, {"price": "0.12", "size": "165"}, {"price": "0.11", "size": "176.54"}], "event_type": "book", "last_trade_price": ""}]}
{"_local_timestamp": "2026-01-25T23:33:33.315141+00:00", "data": {"market": "0xb57788cf555d65160e9860d8a86f3450803bb5f931ed2a8de833f2b52f271d5e", "price_changes": [{"asset_id": "65668565116462199424853420687038065868204288900715786773861886981737832765620", "price": "0.21", "size": "150", "side": "BUY", "hash": "5680ca7a6d7c7de355bde3624525a70c37902b22", "best_bid": "0.89", "best_ask": "0.91"}, {"asset_id": "82905177601129324963887984800459629991316689636624675047781577226293804624806", "price": "0.79", "size": "150", "side": "SELL", "hash": "957c998bb1e7a8c06d83ac7e1d0c23fc862b26b5", "best_bid": "0.09", "best_ask": "0.11"}], "timestamp": "1769384013145", "event_type": "price_change"}}
{"_local_timestamp": "2026-01-25T23:33:33.702984+00:00", "data": {"market": "0xb57788cf555d65160e9860d8a86f3450803bb5f931ed2a8de833f2b52f271d5e", "price_changes": [{"asset_id": "65668565116462199424853420687038065868204288900715786773861886981737832765620", "price": "0.2", "size": "1100", "side": "BUY", "hash": "d1d7295a10e769d42ebdad22830c84003f5f4e3f", "best_bid": "0.89", "best_ask": "0.91"}, {"asset_id": "82905177601129324963887984800459629991316689636624675047781577226293804624806", "price": "0.8", "size": "1100", "side": "SELL", "hash": "f52a74d9d9586d8ce58366ec350fbe4120e01557", "best_bid": "0.09", "best_ask": "0.11"}], "timestamp": "1769384013546", "event_type": "price_change"}}
{"_local_timestamp": "2026-01-25T23:33:37.578315+00:00", "data": {"market": "0xb57788cf555d65160e9860d8a86f3450803bb5f931ed2a8de833f2b52f271d5e", "price_changes": [{"asset_id": "65668565116462199424853420687038065868204288900715786773861886981737832765620", "price": "0.22", "size": "1908", "side": "BUY", "hash": "b3c72f4f2478a045e7b130613336cd46fd56d39e", "best_bid": "0.89", "best_ask": "0.91"}, {"asset_id": "82905177601129324963887984800459629991316689636624675047781577226293804624806", "price": "0.78", "size": "1908", "side": "SELL", "hash": "fac0746afcddde4a430e810f5bb4ded873e0251c", "best_bid": "0.09", "best_ask": "0.11"}], "timestamp": "1769384017483", "event_type": "price_change"}}
{"_local_timestamp": "2026-01-25T23:33:40.269750+00:00", "data": {"market": "0xb57788cf555d65160e9860d8a86f3450803bb5f931ed2a8de833f2b52f271d5e", "price_changes": [{"asset_id": "65668565116462199424853420687038065868204288900715786773861886981737832765620", "price": "0.21", "size": "100", "side": "BUY", "hash": "4cfdb980285445b7dcc97e868f02fb56d9a39b68", "best_bid": "0.89", "best_ask": "0.91"}, {"asset_id": "82905177601129324963887984800459629991316689636624675047781577226293804624806", "price": "0.79", "size": "100", "side": "SELL", "hash": "a5195cfff38cec90ef14aabcde550f7e2cb95264", "best_bid": "0.09", "best_ask": "0.11"}], "timestamp": "1769384020096", "event_type": "price_change"}}
{"_local_timestamp": "2026-01-25T23:33:40.768237+00:00", "data": {"market": "0xb57788cf555d65160e9860d8a86f3450803bb5f931ed2a8de833f2b52f271d5e", "price_changes": [{"asset_id": "65668565116462199424853420687038065868204288900715786773861886981737832765620", "price": "0.27", "size": "100", "side": "BUY", "hash": "f63c0d6c0fb603836e46d9ba83dbde3abcf11cde", "best_bid": "0.89", "best_ask": "0.91"}, {"asset_id": "82905177601129324963887984800459629991316689636624675047781577226293804624806", "price": "0.73", "size": "100", "side": "SELL", "hash": "e2f6910c402a2f4fa9daea8b1ceb0630238d87a4", "best_bid": "0.09", "best_ask": "0.11"}], "timestamp": "1769384020556", "event_type": "price_change"}}
