{"_local_timestamp": "2026-01-25T23:40:44.862609+00:00", "data": [{"market": "0x6db6cda864057584d61b1b5ad88a2cfefab33feabeefef18ffe13abe579ef974", "asset_id": "112520326587254198638663761556701131674524731259419135943052015769014705233883", "timestamp": "1769384440602", "hash": "decb44c7e979b45865bf4c896f02700e5f568c63", "bids": [{"price": "0.01", "size": "14070"}, {"price": "0.02", "size": "1006.76"}, {"price": "0.03", "size": "5077.24"}, {"price": "0.04", "size": "1625"}, {"price": "0.05", "size": "440"}, {"price": "0.06", "size": "9.28"}, {"price": "0.07", "size": "25"}, {"price": "0.1", "size": "20"}, {"price": "0.11", "size": "7257.74"}, {"price": "0.12", "size": "566.65"}, {"price": "0.13", "size": "400"}], "asks": [{"price": "0.99", "size": "6014.55"}, {"price": "0.98", "size": "1000"}, {"price": "0.97", "size": "1700"}, {"price": "0.96", "size": "6.29"}, {"price": "0.94", "size": "4069.87"}, {"price": "0.92", "size": "250"}, {"price": "0.91", "size": "400"}, {"price": "0.9", "size": "5.9"}, {"price": "0.87", "size": "261.53"}, {"price": "0.85", "size": "550"}, {"price": "0.84", "size": "1450"}, {"price": "0.82", "size": "177.77"}, {"price": "0.8", "size": "25.27"}, {"price": "0.79", "size": "760"}, {"price": "0.78", "size": "2235.27"}, {"price": "0.75", "size": "100"}, {"price": "0.74", "size": "100"}, {"price": "0.72", "size": "357"}, {"price": "0.69", "size": "77.41"}, {"price": "0.66", "size": "50"}, {"price": "0.65", "size": "57.14"}, {"price": "0.57", "size": "160"}, {"price": "0.47", "size": "5"}, {"price": "0.45", "size": "5"}, {"price": "0.28", "size": "2148.67"}, {"price": "0.22", "size": "195.34"}, {"price": "0.21", "size": "16.45"}, {"price": "0.2", "size": "13.75"}, {"price": "0.19", "size": "10"}, {"price": "0.17", "size": "901.6"}, {"price": "0.16", "size": "647.33"}, {"price": "0.15", "size": "54"}], "event_type": "book", "last_trade_price": "0.880"}, {"market": "0x6db6cda864057584d61b1b5ad88a2cfefab33feabeefef18ffe13abe579ef974", "asset_id": "89614977099306584213591611084155566067625133619562703055238389297472263510387", "timestamp": "1769384440602", "hash": "5dc8bcd98d293b32fccfffc20412e4fec88c9ad6", "bids": [{"price": "0.01", "size": "6014.55"}, {"price": "0.02", "size": "1000"}, {"price": "0.03", "size": "1700"}, {"price": "0.04", "size": "6.29"}, {"price": "0.06", "size": "4069.87"}, {"price": "0.08", "size": "250"}, {"price": "0.09", "size": "400"}, {"price": "0.1", "size": "5.9"}, {"price": "0.13", "size": "261.53"}, {"price": "0.15", "size": "550"}, {"price": "0.16", "size": "1450"}, {"price": "0.18", "size": "177.77"}, {"price": "0.2", "size": "25.27"}, {"price": "0.21", "size": "760"}, {"price": "0.22", "size": "2235.27"}, {"price": "0.25", "size": "100"}, {"price": "0.26", "size": "100"}, {"price": "0.28", "size": "357"}, {"price": "0.31", "size": "77.41"}, {"price": "0.34", "size": "50"}, {"price": "0.35", "size": "57.14"}, {"price": "0.43", "size": "160"}, {"price": "0.53", "size": "5"}, {"price": "0.55", "size": "5"}, {"price": "0.72", "size": "2148.67"}, {"price": "0.78", "size": "195.34"}, {"price": "0.79", "size": "16.45"}, {"price": "0.8", "size": "13.75"}, {"price": "0.81", "size": "10"}, {"price": "0.83", "size": "901.6"}, {"price": "0.84", "size": "647.33"}, {"price": "0.85", "size": "54"}], "asks": [{"price": "0.99", "size": "14070"}, {"price": "0.98", "size": "1006.76"}, {"price": "0.97", "size": "5077.24"}, {"price": "0.96", "size": "1625"}, {"price": "0.95", "size": "440"}, {"price": "0.94", "size": "9.28"}, {"price": "0.93", "size": "25"}, {"price": "0.9", "size": "20"}, {"price": "0.89", "size": "7257.74"}, {"price": "0.88", "size": "566.65"}, {"price": "0.87", "size": "400"}], "event_type": "book", "last_trade_price": "0.880"}]}
{"_local_timestamp": "2026-01-25T23:40:45.079552+00:00", "data": {"market": "0x6db6cda864057584d61b1b5ad88a2cfefab33feabeefef18ffe13abe579ef974", "price_changes": [{"asset_id": "112520326587254198638663761556701131674524731259419135943052015769014705233883", "price": "0.17", "size": "804", "side": "SELL", "hash": "f88333cc4846a0fdd27e793112d35a6e86dacfc8", "best_bid": "0.13", "best_ask": "0.15"}, {"asset_id": "89614977099306584213591611084155566067625133619562703055238389297472263510387", "price": "0.83", "size": "804", "side": "BUY", "hash": "1acc8f07d2c5a7e76ae168c24f49dfee0099e4db", "best_bid": "0.85", "best_ask": "0.87"}], "timestamp": "1769384445000", "event_type": "price_change"}}
{"_local_timestamp": "2026-01-25T23:40:56.099036+00:00", "data": {"market": "0x6db6cda864057584d61b1b5ad88a2cfefab33feabeefef18ffe13abe579ef974", "price_changes": [{"asset_id": "112520326587254198638663761556701131674524731259419135943052015769014705233883", "price": "0.04", "size": "1250", "side": "BUY", "hash": "201afd186f041d73de26dd9c7526260dc0072c9c", "best_bid": "0.13", "best_ask": "0.15"}, {"asset_id": "89614977099306584213591611084155566067625133619562703055238389297472263510387", "price": "0.96", "size": "1250", "side": "SELL", "hash": "2c14a38533781cee714f66ffc1b274884c38d8d1", "best_bid": "0.85", "best_ask": "0.87"}], "timestamp": "1769384456000", "event_type": "price_change"}}
{"_local_timestamp": "2026-01-25T23:40:56.105435+00:00", "data": {"market": "0x6db6cda864057584d61b1b5ad88a2cfefab33feabeefef18ffe13abe579ef974", "price_changes": [{"asset_id": "112520326587254198638663761556701131674524731259419135943052015769014705233883", "price": "0.01", "size": "9070", "side": "BUY", "hash": "d474830963dd4851bde6ea751356919e7d9fcca6", "best_bid": "0.13", "best_ask": "0.15"}, {"asset_id": "89614977099306584213591611084155566067625133619562703055238389297472263510387", "price": "0.99", "size": "9070", "side": "SELL", "hash": "796e9d6c8ae9149b4063eb80e76279a7676f1109", "best_bid": "0.85", "best_ask": "0.87"}], "timestamp": "1769384456004", "event_type": "price_change"}}
{"_local_timestamp": "2026-01-25T23:41:14.686864+00:00", "data": {"market": "0x6db6cda864057584d61b1b5ad88a2cfefab33feabeefef18ffe13abe579ef974", "price_changes": [{"asset_id": "89614977099306584213591611084155566067625133619562703055238389297472263510387", "price": "0.22", "size": "327.27", "side": "BUY", "hash": "f004b6654a91f7c09735a69049a6e50c6daa9fce", "best_bid": "0.85", "best_ask": "0.87"}, {"asset_id": "112520326587254198638663761556701131674524731259419135943052015769014705233883", "price": "0.78", "size": "327.27", "side": "SELL", "hash": "9603acbd60811a3a56dc199274d4d9cb87e1f582", "best_bid": "0.13", "best_ask": "0.15"}], "timestamp": "1769384474534", "event_type": "price_change"}}
{"_local_timestamp": "2026-01-25T23:41:16.760617+00:00", "data": {"market": "0x6db6cda864057584d61b1b5ad88a2cfefab33feabeefef18ffe13abe579ef974", "price_changes": [{"asset_id": "112520326587254198638663761556701131674524731259419135943052015769014705233883", "price": "0.04", "size": "1625", "side": "BUY", "hash": "fa84abba8e42eb049734cdba7b1df03a2a0ba896", "best_bid": "0.13", "best_ask": "0.15"}, {"asset_id": "89614977099306584213591611084155566067625133619562703055238389297472263510387", "price": "0.96", "size": "1625", "side": "SELL", "hash": "1cf0c7a37c0376db2ac1d8f602f1ce27d924c20c", "best_bid": "0.85", "best_ask": "0.87"}], "timestamp": "1769384476668", "event_type": "price_change"}}
{"_local_timestamp": "2026-01-25T23:41:16.764497+00:00", "data": {"market": "0x6db6cda864057584d61b1b5ad88a2cfefab33feabeefef18ffe13abe579ef974", "price_changes": [{"asset_id": "112520326587254198638663761556701131674524731259419135943052015769014705233883", "price": "0.01", "size": "14170", "side": "BUY", "hash": "178e7d83463e864d44c8109e3b5aef08688a5ab8", "best_bid": "0.13", "best_ask": "0.15"}, {"asset_id": "89614977099306584213591611084155566067625133619562703055238389297472263510387", "price": "0.99", "size": "14170", "side": "SELL", "hash": "e5f41d5d165c9615c00702b6cc3d300ab0cb2c7d", "best_bid": "0.85", "best_ask": "0.87"}], "timestamp": "1769384476669", "event_type": "price_change"}}
{"_local_timestamp": "2026-01-25T23:41:29.511279+00:00", "data": {"market": "0x6db6cda864057584d61b1b5ad88a2cfefab33feabeefef18ffe13abe579ef974", "price_changes": [{"asset_id": "89614977099306584213591611084155566067625133619562703055238389297472263510387", "price": "0.26", "size": "1714", "side": "BUY", "hash": "dd8e6eb6d4e231f5124c40ac526273876549523e", "best_bid": "0.85", "best_ask": "0.87"}, {"asset_id": "112520326587254198638663761556701131674524731259419135943052015769014705233883", "price": "0.74", "size": "1714", "side": "SELL", "hash": "06164f59d1327259dff952860e5eacdd2120ced7", "best_bid": "0.13", "best_ask": "0.15"}], "timestamp": "1769384489436", "event_type": "price_change"}}
{"_local_timestamp": "2026-01-25T23:41:43.111253+00:00", "data": {"market": "0x6db6cda864057584d61b1b5ad88a2cfefab33feabeefef18ffe13abe579ef974", "price_changes": [{"asset_id": "112520326587254198638663761556701131674524731259419135943052015769014705233883", "price": "0.04", "size": "1575", "side": "BUY", "hash": "c189467756b18f61ea780acced7675df2d544f03", "best_bid": "0.13", "best_ask": "0.15"}, {"asset_id": "89614977099306584213591611084155566067625133619562703055238389297472263510387", "price": "0.96", "size": "1575", "side": "SELL", "hash": "f3b4d63e84c9a2f79209e82349a823f052d31626", "best_bid": "0.85", "best_ask": "0.87"}], "timestamp": "1769384503036", "event_type": "price_change"}}
{"_local_timestamp": "2026-01-25T23:41:46.382861+00:00", "data": {"market": "0x6db6cda864057584d61b1b5ad88a2cfefab33feabeefef18ffe13abe579ef974", "price_changes": [{"asset_id": "112520326587254198638663761556701131674524731259419135943052015769014705233883", "price": "0.04", "size": "1625", "side": "BUY", "hash": "708ffb70dddfc425845bc6d3c775c0fd3ab2fe39", "best_bid": "0.13", "best_ask": "0.15"}, {"asset_id": "89614977099306584213591611084155566067625133619562703055238389297472263510387", "price": "0.96", "size": "1625", "side": "SELL", "hash": "bdcb86fbef2980d30177f84e2a8a8374892bb2d8", "best_bid": "0.85", "best_ask": "0.87"}], "timestamp": "1769384506305", "event_type": "price_change"}}
{"_local_timestamp": "2026-01-25T23:41:49.470334+00:00", "data": {"market": "0x6db6cda864057584d61b1b5ad88a2cfefab33feabeefef18ffe13abe579ef974", "price_changes": [{"asset_id": "89614977099306584213591611084155566067625133619562703055238389297472263510387", "price": "0.22", "size": "227.27", "side": "BUY", "hash": "c72cd720f986d58580337feea2946b6bc20284f0", "best_bid": "0.85", "best_ask": "0.87"}, {"asset_id": "112520326587254198638663761556701131674524731259419135943052015769014705233883", "price": "0.78", "size": "227.27", "side": "SELL", "hash": "551e269baebc9b308ab50c0b1846788d7e0fd400", "best_bid": "0.13", "best_ask": "0.15"}], "timestamp": "1769384509394", "event_type": "price_change"}}
{"_local_timestamp": "2026-01-25T23:41:49.758652+00:00", "data": {"market": "0x6db6cda864057584d61b1b5ad88a2cfefab33feabeefef18ffe13abe579ef974", "price_changes": [{"asset_id": "89614977099306584213591611084155566067625133619562703055238389297472263510387", "price": "0.21", "size": "860", "side": "BUY", "hash": "b8441636c5bdcb8ba654227a77293602287b9c27", "best_bid": "0.85", "best_ask": "0.87"}, {"asset_id": "112520326587254198638663761556701131674524731259419135943052015769014705233883", "price": "0.79", "size": "860", "side": "SELL", "hash": "06c5f8cd02bc4894a5fc458b865a4ea1e57b9783", "best_bid": "0.13", "best_ask": "0.15"}], "timestamp": "1769384509661", "event_type": "price_change"}}
{"_local_timestamp": "2026-01-25T23:41:50.886213+00:00", "data": {"market": "0x6db6cda864057584d61b1b5ad88a2cfefab33feabeefef18ffe13abe579ef974", "price_changes": [{"asset_id": "89614977099306584213591611084155566067625133619562703055238389297472263510387", "price": "0.25", "size": "0", "side": "BUY", "hash": "83047b5e50f5dd8b743e5d780507706eb5d5d161", "best_bid": "0.85", "best_ask": "0.87"}, {"asset_id": "112520326587254198638663761556701131674524731259419135943052015769014705233883", "price": "0.75", "size": "0", "side": "SELL", "hash": "da8f4540682fa92575cf9966fb64a72006d24572", "best_bid": "0.13", "best_ask": "0.15"}], "timestamp": "1769384510746", "event_type": "price_change"}}
{"_local_timestamp": "2026-01-25T23:41:52.774380+00:00", "data": {"market": "0x6db6cda864057584d61b1b5ad88a2cfefab33feabeefef18ffe13abe579ef974", "price_changes": [{"asset_id": "89614977099306584213591611084155566067625133619562703055238389297472263510387", "price": "0.22", "size": "327.27", "side": "BUY", "hash": "06d2ee3ba838207fd04d1a27e2a99441850769c2", "best_bid": "0.85", "best_ask": "0.87"}, {"asset_id": "112520326587254198638663761556701131674524731259419135943052015769014705233883", "price": "0.78", "size": "327.27", "side": "SELL", "hash": "6a4a518c4d48761e13bb8e7e49a7038d1680fdf5", "best_bid": "0.13", "best_ask": "0.15"}], "timestamp": "1769384511781", "event_type": "price_change"}}
{"_local_timestamp": "2026-01-25T23:41:55.650335+00:00", "data": {"market": "0x6db6cda864057584d61b1b5ad88a2cfefab33feabeefef18ffe13abe579ef974", "price_changes": [{"asset_id": "112520326587254198638663761556701131674524731259419135943052015769014705233883", "price": "0.17", "size": "901.6", "side": "SELL", "hash": "533d7687bbb73185c2a172384a04b5e9cdd51f89", "best_bid": "0.13", "best_ask": "0.15"}, {"asset_id": "89614977099306584213591611084155566067625133619562703055238389297472263510387", "price": "0.83", "size": "901.6", "side": "BUY", "hash": "7f14fb47e75771986075a07b4451907bc6cca6fa", "best_bid": "0.85", "best_ask": "0.87"}], "timestamp": "1769384515573", "event_type": "price_change"}}
{"_local_timestamp": "2026-01-25T23:42:15.113876+00:00", "data": {"market": "0x6db6cda864057584d61b1b5ad88a2cfefab33feabeefef18ffe13abe579ef974", "price_changes": [{"asset_id": "112520326587254198638663761556701131674524731259419135943052015769014705233883", "price": "0.17", "size": "804", "side": "SELL", "hash": "2646c6790d3afb5ecbd5861ab27263f1de113b03", "best_bid": "0.13", "best_ask": "0.15"}, {"asset_id": "89614977099306584213591611084155566067625133619562703055238389297472263510387", "price": "0.83", "size": "804", "side": "BUY", "hash": "daf2ff7c7564acabc158afa64ec1a04953e7704b", "best_bid": "0.85", "best_ask": "0.87"}], "timestamp": "1769384535000", "event_type": "price_change"}}
{"_local_timestamp": "2026-01-25T23:42:25.066286+00:00", "data": {"market": "0x6db6cda864057584d61b1b5ad88a2cfefab33feabeefef18ffe13abe579ef974", "price_changes": [{"asset_id": "89614977099306584213591611084155566067625133619562703055238389297472263510387", "price": "0.28", "size": "307", "side": "BUY", "hash": "dcdc8a3b91f44b7483784c2c25c9d810f60333e7", "best_bid": "0.85", "best_ask": "0.87"}, {"asset_id": "112520326587254198638663761556701131674524731259419135943052015769014705233883", "price": "0.72", "size": "307", "side": "SELL", "hash": "174dad5a409a93b792f91f785329d97469b1a6d8", "best_bid": "0.13", "best_ask": "0.15"}], "timestamp": "1769384544873", "event_type": "price_change"}}
{"_local_timestamp": "2026-01-25T23:42:25.331731+00:00", "data": {"market": "0x6db6cda864057584d61b1b5ad88a2cfefab33feabeefef18ffe13abe579ef974", "price_changes": [{"asset_id": "89614977099306584213591611084155566067625133619562703055238389297472263510387", "price": "0.26", "size": "1764", "side": "BUY", "hash": "913854f5fbaf86d15b8988037e60aada4a442a67", "best_bid": "0.85", "best_ask": "0.87"}, {"asset_id": "112520326587254198638663761556701131674524731259419135943052015769014705233883", "price": "0.74", "size": "1764", "side": "SELL", "hash": "9b5f1af2e60b75b143a01db328b714a70618e50c", "best_bid": "0.13", "best_ask": "0.15"}], "timestamp": "1769384545149", "event_type": "price_change"}}
{"_local_timestamp": "2026-01-25T23:42:47.197766+00:00", "data": {"market": "0x6db6cda864057584d61b1b5ad88a2cfefab33feabeefef18ffe13abe579ef974", "price_changes": [{"asset_id": "89614977099306584213591611084155566067625133619562703055238389297472263510387", "price": "0.26", "size": "150", "side": "BUY", "hash": "7c3c2fd3ce78175a7f171c0b071717e28e172bb5", "best_bid": "0.85", "best_ask": "0.87"}, {"asset_id": "112520326587254198638663761556701131674524731259419135943052015769014705233883", "price": "0.74", "size": "150", "side": "SELL", "hash": "3aac28f473ae74a96f1c31c1a15f3a294b89d136", "best_bid": "0.13", "best_ask": "0.15"}], "timestamp": "1769384566995", "event_type": "price_change"}}
{"_local_timestamp": "2026-01-25T23:43:25.648809+00:00", "data": {"market": "0x6db6cda864057584d61b1b5ad88a2cfefab33feabeefef18ffe13abe579ef974", "price_changes": [{"asset_id": "112520326587254198638663761556701131674524731259419135943052015769014705233883", "price": "0.17", "size": "901.6", "side": "SELL", "hash": "ef9a15977835eefc61bd8102069677e14f4fc6e2", "best_bid": "0.13", "best_ask": "0.15"}, {"asset_id": "89614977099306584213591611084155566067625133619562703055238389297472263510387", "price": "0.83", "size": "901.6", "side": "BUY", "hash": "425c70144c7321dbffb96f9006a6670decaf7133", "best_bid": "0.85", "best_ask": "0.87"}], "timestamp": "1769384605528", "event_type": "price_change"}}
{"_local_timestamp": "2026-01-25T23:43:38.541935+00:00", "data": {"market": "0x6db6cda864057584d61b1b5ad88a2cfefab33feabeefef18ffe13abe579ef974", "price_changes": [{"asset_id": "89614977099306584213591611084155566067625133619562703055238389297472263510387", "price": "0.26", "size": "100", "side": "BUY", "hash": "67b29958758f1b6b149e610145f3699e3a5d6a3e", "best_bid": "0.85", "best_ask": "0.87"}, {"asset_id": "112520326587254198638663761556701131674524731259419135943052015769014705233883", "price": "0.74", "size": "100", "side": "SELL", "hash": "ffd7fdfbf78c1da45fc18e5079731fdef0902177", "best_bid": "0.13", "best_ask": "0.15"}], "timestamp": "1769384618458", "event_type": "price_change"}}
{"_local_timestamp": "2026-01-25T23:43:38.817955+00:00", "data": {"market": "0x6db6cda864057584d61b1b5ad88a2cfefab33feabeefef18ffe13abe579ef974", "price_changes": [{"asset_id": "89614977099306584213591611084155566067625133619562703055238389297472263510387", "price": "0.28", "size": "357", "side": "BUY", "hash": "ae48a2b7b0c7d281ba1dcc0c45b9233f372e293e", "best_bid": "0.85", "best_ask": "0.87"}, {"asset_id": "112520326587254198638663761556701131674524731259419135943052015769014705233883", "price": "0.72", "size": "357", "side": "SELL", "hash": "56ad2e12f3a9101da03fe5cdd3c1f5fa6b4ac3d2", "best_bid": "0.13", "best_ask": "0.15"}], "timestamp": "1769384618716", "event_type": "price_change"}}
{"_local_timestamp": "2026-01-25T23:43:45.065421+00:00", "data": {"market": "0x6db6cda864057584d61b1b5ad88a2cfefab33feabeefef18ffe13abe579ef974", "price_changes": [{"asset_id": "89614977099306584213591611084155566067625133619562703055238389297472263510387", "price": "0.28", "size": "350", "side": "BUY", "hash": "9af8763c32757c58dc0fc7f2adc8fb4a44225d0d", "best_bid": "0.85", "best_ask": "0.87"}, {"asset_id": "112520326587254198638663761556701131674524731259419135943052015769014705233883", "price": "0.72", "size": "350", "side": "SELL", "hash": "c58c7920463657e2525baa653dbae7bea4a1e502", "best_bid": "0.13", "best_ask": "0.15"}], "timestamp": "1769384624975", "event_type": "price_change"}}
{"_local_timestamp": "2026-01-25T23:43:45.100449+00:00", "data": {"market": "0x6db6cda864057584d61b1b5ad88a2cfefab33feabeefef18ffe13abe579ef974", "price_changes": [{"asset_id": "112520326587254198638663761556701131674524731259419135943052015769014705233883", "price": "0.17", "size": "804", "side": "SELL", "hash": "65f86bdaf3d2334c41b16e2763a41f3687c2b761", "best_bid": "0.13", "best_ask": "0.15"}, {"asset_id": "89614977099306584213591611084155566067625133619562703055238389297472263510387", "price": "0.83", "size": "804", "side": "BUY", "hash": "877175e87bce30a3e034090f2495a3b7f49734a6", "best_bid": "0.85", "best_ask": "0.87"}], "timestamp": "1769384625002", "event_type": "price_change"}}
{"_local_timestamp": "2026-01-25T23:43:45.123701+00:00", "data": {"market": "0x6db6cda864057584d61b1b5ad88a2cfefab33feabeefef18ffe13abe579ef974", "price_changes": [{"asset_id": "89614977099306584213591611084155566067625133619562703055238389297472263510387", "price": "0.29", "size": "6", "side": "BUY", "hash": "918e3cf926af5d11ff81c0a9171e8f65ccb6052b", "best_bid": "0.85", "best_ask": "0.87"}, {"asset_id": "112520326587254198638663761556701131674524731259419135943052015769014705233883", "price": "0.71", "size": "6", "side": "SELL", "hash": "e44435a11756d42e7184c19374af2e3acc9bd32d", "best_bid": "0.13", "best_ask": "0.15"}], "timestamp": "1769384625026", "event_type": "price_change"}}
{"_local_timestamp": "2026-01-25T23:43:53.599496+00:00", "data": {"market": "0x6db6cda864057584d61b1b5ad88a2cfefab33feabeefef18ffe13abe579ef974", "price_changes": [{"asset_id": "89614977099306584213591611084155566067625133619562703055238389297472263510387", "price": "0.23", "size": "1826", "side": "BUY", "hash": "1412c37748ae7a4055f8ae2ec8f5eb2ff6f923ee", "best_bid": "0.85", "best_ask": "0.87"}, {"asset_id": "112520326587254198638663761556701131674524731259419135943052015769014705233883", "price": "0.77", "size": "1826", "side": "SELL", "hash": "497f8591e3827f3b70e1e35b9355363eedf7b470", "best_bid": "0.13", "best_ask": "0.15"}], "timestamp": "1769384633365", "event_type": "price_change"}}
{"_local_timestamp": "2026-01-25T23:44:08.856221+00:00", "data": {"market": "0x6db6cda864057584d61b1b5ad88a2cfefab33feabeefef18ffe13abe579ef974", "price_changes": [{"asset_id": "89614977099306584213591611084155566067625133619562703055238389297472263510387", "price": "0.22", "size": "277.27", "side": "BUY", "hash": "f4164b46ae2b097346d901b83ae651310be533bb", "best_bid": "0.85", "best_ask": "0.87"}, {"asset_id": "112520326587254198638663761556701131674524731259419135943052015769014705233883", "price": "0.78", "size": "277.27", "side": "SELL", "hash": "c10991642e6ae58fef339f30799d5b7bda4b99a3", "best_bid": "0.13", "best_ask": "0.15"}], "timestamp": "1769384648433", "event_type": "price_change"}}
{"_local_timestamp": "2026-01-25T23:44:09.202717+00:00", "data": {"market": "0x6db6cda864057584d61b1b5ad88a2cfefab33feabeefef18ffe13abe579ef974", "price_changes": [{"asset_id": "89614977099306584213591611084155566067625133619562703055238389297472263510387", "price": "0.26", "size": "150", "side": "BUY", "hash": "30552e2bba19dcb9ca134228fcf33d0b12113257", "best_bid": "0.85", "best_ask": "0.87"}, {"asset_id": "112520326587254198638663761556701131674524731259419135943052015769014705233883", "price": "0.74", "size": "150", "side": "SELL", "hash": "5d2c2963a7eff8bfb687b0e1ac2e91e17c50e1f3", "best_bid": "0.13", "best_ask": "0.15"}], "timestamp": "1769384648758", "event_type": "price_change"}}
{"_local_timestamp": "2026-01-25T23:44:18.102442+00:00", "data": {"market": "0x6db6cda864057584d61b1b5ad88a2cfefab33feabeefef18ffe13abe579ef974", "price_changes": [{"asset_id": "112520326587254198638663761556701131674524731259419135943052015769014705233883", "price": "0.1", "size": "10", "side": "BUY", "hash": "85edc8f1bf7283f7b98ccf462290a90bf9db52a6", "best_bid": "0.13", "best_ask": "0.15"}, {"asset_id": "89614977099306584213591611084155566067625133619562703055238389297472263510387", "price": "0.9", "size": "10", "side": "SELL", "hash": "e28c57112089429923880c5744e05ba8d7780fee", "best_bid": "0.85", "best_ask": "0.87"}], "timestamp": "1769384658030", "event_type": "price_change"}}
{"_local_timestamp": "2026-01-25T23:44:18.102865+00:00", "data": {"market": "0x6db6cda864057584d61b1b5ad88a2cfefab33feabeefef18ffe13abe579ef974", "price_changes": [{"asset_id": "89614977099306584213591611084155566067625133619562703055238389297472263510387", "price": "0.81", "size": "0", "side": "BUY", "hash": "369674de545691ea50d4627b2c0ecb02851d1a08", "best_bid": "0.85", "best_ask": "0.87"}, {"asset_id": "112520326587254198638663761556701131674524731259419135943052015769014705233883", "price": "0.19", "size": "0", "side": "SELL", "hash": "a4fbfb11a5992c4ddac745be20915e23e3079900", "best_bid": "0.13", "best_ask": "0.15"}], "timestamp": "1769384658031", "event_type": "price_change"}}
{"_local_timestamp": "2026-01-25T23:44:20.677069+00:00", "data": {"market": "0x6db6cda864057584d61b1b5ad88a2cfefab33feabeefef18ffe13abe579ef974", "price_changes": [{"asset_id": "89614977099306584213591611084155566067625133619562703055238389297472263510387", "price": "0.22", "size": "177.27", "side": "BUY", "hash": "e91e607aa3ffd6e809ae8a053e8c8f16880a3156", "best_bid": "0.85", "best_ask": "0.87"}, {"asset_id": "112520326587254198638663761556701131674524731259419135943052015769014705233883", "price": "0.78", "size": "177.27", "side": "SELL", "hash": "68e4387fbb68347496da2c93e10cea540ea1b882", "best_bid": "0.13", "best_ask": "0.15"}], "timestamp": "1769384660484", "event_type": "price_change"}}
{"_local_timestamp": "2026-01-25T23:44:21.236258+00:00", "data": {"market": "0x6db6cda864057584d61b1b5ad88a2cfefab33feabeefef18ffe13abe579ef974", "price_changes": [{"asset_id": "89614977099306584213591611084155566067625133619562703055238389297472263510387", "price": "0.26", "size": "250", "side": "BUY", "hash": "ad8cdaeadf904a95c43fddfa60b144ca3f87af1b", "best_bid": "0.85", "best_ask": "0.87"}, {"asset_id": "112520326587254198638663761556701131674524731259419135943052015769014705233883", "price": "0.74", "size": "250", "side": "SELL", "hash": "162e0d70c9479f2943f61986bfe3b7629c93afa7", "best_bid": "0.13", "best_ask": "0.15"}], "timestamp": "1769384660848", "event_type": "price_change"}}
{"_local_timestamp": "2026-01-25T23:44:55.660526+00:00", "data": {"market": "0x6db6cda864057584d61b1b5ad88a2cfefab33feabeefef18ffe13abe579ef974", "price_changes": [{"asset_id": "112520326587254198638663761556701131674524731259419135943052015769014705233883", "price": "0.17", "size": "901.6", "side": "SELL", "hash": "23a677e13624c91079969248036967587d723283", "best_bid": "0.13", "best_ask": "0.15"}, {"asset_id": "89614977099306584213591611084155566067625133619562703055238389297472263510387", "price": "0.83", "size": "901.6", "side": "BUY", "hash": "8d16d416dfd8634c5038d24104a64772111874eb", "best_bid": "0.85", "best_ask": "0.87"}], "timestamp": "1769384695588", "event_type": "price_change"}}
{"_local_timestamp": "2026-01-25T23:44:56.102898+00:00", "data": {"market": "0x6db6cda864057584d61b1b5ad88a2cfefab33feabeefef18ffe13abe579ef974", "price_changes": [{"asset_id": "112520326587254198638663761556701131674524731259419135943052015769014705233883", "price": "0.03", "size": "5010.24", "side": "BUY", "hash": "7c37395d8c47c3be195b70bb061cf1269569e00f", "best_bid": "0.13", "best_ask": "0.15"}, {"asset_id": "89614977099306584213591611084155566067625133619562703055238389297472263510387", "price": "0.97", "size": "5010.24", "side": "SELL", "hash": "9ed5b100d365c3fdcc153ddcbcffa069b4179833", "best_bid": "0.85", "best_ask": "0.87"}], "timestamp": "1769384696005", "event_type": "price_change"}}
{"_local_timestamp": "2026-01-25T23:44:56.103450+00:00", "data": {"market": "0x6db6cda864057584d61b1b5ad88a2cfefab33feabeefef18ffe13abe579ef974", "price_changes": [{"asset_id": "112520326587254198638663761556701131674524731259419135943052015769014705233883", "price": "0.04", "size": "1600", "side": "BUY", "hash": "c2cd9a3611a13e4fb6c82e0b0d1c62eba4b9c286", "best_bid": "0.13", "best_ask": "0.15"}, {"asset_id": "89614977099306584213591611084155566067625133619562703055238389297472263510387", "price": "0.96", "size": "1600", "side": "SELL", "hash": "4e0e02c8894aa97c159036c5a90a7ef7374299c6", "best_bid": "0.85", "best_ask": "0.87"}], "timestamp": "1769384696006", "event_type": "price_change"}}
{"_local_timestamp": "2026-01-25T23:44:56.106607+00:00", "data": {"market": "0x6db6cda864057584d61b1b5ad88a2cfefab33feabeefef18ffe13abe579ef974", "price_changes": [{"asset_id": "112520326587254198638663761556701131674524731259419135943052015769014705233883", "price": "0.01", "size": "13870", "side": "BUY", "hash": "eb3dcf0f7433433043fd5c9d6d640c50f86c9f16", "best_bid": "0.13", "best_ask": "0.15"}, {"asset_id": "89614977099306584213591611084155566067625133619562703055238389297472263510387", "price": "0.99", "size": "13870", "side": "SELL", "hash": "98fcf95379fad69b7fb425543586380405680eb0", "best_bid": "0.85", "best_ask": "0.87"}], "timestamp": "1769384696007", "event_type": "price_change"}}
{"_local_timestamp": "2026-01-25T23:44:57.527418+00:00", "data": {"market": "0x6db6cda864057584d61b1b5ad88a2cfefab33feabeefef18ffe13abe579ef974", "price_changes": [{"asset_id": "89614977099306584213591611084155566067625133619562703055238389297472263510387", "price": "0.21", "size": "760", "side": "BUY", "hash": "036004e9b6b6a6771fe7c2d13fe04a7025f35652", "best_bid": "0.85", "best_ask": "0.87"}, {"asset_id": "112520326587254198638663761556701131674524731259419135943052015769014705233883", "price": "0.79", "size": "760", "side": "SELL", "hash": "c4348e5b36a60da4c6e46a917d1711625cbf4f6f", "best_bid": "0.13", "best_ask": "0.15"}], "timestamp": "1769384697456", "event_type": "price_change"}}
{"_local_timestamp": "2026-01-25T23:44:57.850957+00:00", "data": {"market": "0x6db6cda864057584d61b1b5ad88a2cfefab33feabeefef18ffe13abe579ef974", "price_changes": [{"asset_id": "89614977099306584213591611084155566067625133619562703055238389297472263510387", "price": "0.23", "size": "1926", "side": "BUY", "hash": "b2c8ac4d6efad95c9722f5c2659419aad942c365", "best_bid": "0.85", "best_ask": "0.87"}, {"asset_id": "112520326587254198638663761556701131674524731259419135943052015769014705233883", "price": "0.77", "size": "1926", "side": "SELL", "hash": "1b74cc0d02e3d8263c8859d23da0f84a8291ec3d", "best_bid": "0.13", "best_ask": "0.15"}], "timestamp": "1769384697732", "event_type": "price_change"}}
{"_local_timestamp": "2026-01-25T23:44:57.851507+00:00", "data": {"market": "0x6db6cda864057584d61b1b5ad88a2cfefab33feabeefef18ffe13abe579ef974", "price_changes": [{"asset_id": "89614977099306584213591611084155566067625133619562703055238389297472263510387", "price": "0.22", "size": "127.27", "side": "BUY", "hash": "4f02f316db6bac4d981470ca5bacfd54a461c699", "best_bid": "0.85", "best_ask": "0.87"}, {"asset_id": "112520326587254198638663761556701131674524731259419135943052015769014705233883", "price": "0.78", "size": "127.27", "side": "SELL", "hash": "4f8b8978a435ffd850f8567a7ea5a488836fb1ef", "best_bid": "0.13", "best_ask": "0.15"}], "timestamp": "1769384697745", "event_type": "price_change"}}
{"_local_timestamp": "2026-01-25T23:44:58.332913+00:00", "data": {"market": "0x6db6cda864057584d61b1b5ad88a2cfefab33feabeefef18ffe13abe579ef974", "price_changes": [{"asset_id": "89614977099306584213591611084155566067625133619562703055238389297472263510387", "price": "0.21", "size": "810", "side": "BUY", "hash": "4f0916b15ac18fa6a39d8c89f120cafe85ba82f7", "best_bid": "0.85", "best_ask": "0.87"}, {"asset_id": "112520326587254198638663761556701131674524731259419135943052015769014705233883", "price": "0.79", "size": "810", "side": "SELL", "hash": "91339066c095bb2d7b732530f7145a000ffbca0e", "best_bid": "0.13", "best_ask": "0.15"}], "timestamp": "1769384698218", "event_type": "price_change"}}
{"_local_timestamp": "2026-01-25T23:45:04.245254+00:00", "data": {"market": "0x6db6cda864057584d61b1b5ad88a2cfefab33feabeefef18ffe13abe579ef974", "price_changes": [{"asset_id": "112520326587254198638663761556701131674524731259419135943052015769014705233883", "price": "0.04", "size": "1625", "side": "BUY", "hash": "09164d8ef3558ee5d669722bfbed32898adaf55f", "best_bid": "0.13", "best_ask": "0.15"}, {"asset_id": "89614977099306584213591611084155566067625133619562703055238389297472263510387", "price": "0.96", "size": "1625", "side": "SELL", "hash": "56b8f5ba308659691e8c794cf5ccdf46f8eb4da7", "best_bid": "0.85", "best_ask": "0.87"}], "timestamp": "1769384704169", "event_type": "price_change"}}
{"_local_timestamp": "2026-01-25T23:45:04.246070+00:00", "data": {"market": "0x6db6cda864057584d61b1b5ad88a2cfefab33feabeefef18ffe13abe579ef974", "price_changes": [{"asset_id": "112520326587254198638663761556701131674524731259419135943052015769014705233883", "price": "0.01", "size": "14170", "side": "BUY", "hash": "56589814358a3d4f9e9a2d42417092ec03410466", "best_bid": "0.13", "best_ask": "0.15"}, {"asset_id": "89614977099306584213591611084155566067625133619562703055238389297472263510387", "price": "0.99", "size": "14170", "side": "SELL", "hash": "0c5c7b752a9395c5132ac67e4c8bbee514325761", "best_bid": "0.85", "best_ask": "0.87"}], "timestamp": "1769384704170", "event_type": "price_change"}}
{"_local_timestamp": "2026-01-25T23:45:04.246435+00:00", "data": {"market": "0x6db6cda864057584d61b1b5ad88a2cfefab33feabeefef18ffe13abe579ef974", "price_changes": [{"asset_id": "112520326587254198638663761556701131674524731259419135943052015769014705233883", "price": "0.03", "size": "5077.24", "side": "BUY", "hash": "e88b56a43aadf7c27319b61e7302b2595ad0f8a0", "best_bid": "0.13", "best_ask": "0.15"}, {"asset_id": "89614977099306584213591611084155566067625133619562703055238389297472263510387", "price": "0.97", "size": "5077.24", "side": "SELL", "hash": "fcaeaa346cc2ccb88a097e38095bc5e9e4378722", "best_bid": "0.85", "best_ask": "0.87"}], "timestamp": "1769384704171", "event_type": "price_change"}}
{"_local_timestamp": "2026-01-25T23:45:12.090274+00:00", "data": {"market": "0x6db6cda864057584d61b1b5ad88a2cfefab33feabeefef18ffe13abe579ef974", "price_changes": [{"asset_id": "112520326587254198638663761556701131674524731259419135943052015769014705233883", "price": "0.01", "size": "13570", "side": "BUY", "hash": "98931fa273bccc77fa07270cf4301a4a3e1aeb40", "best_bid": "0.13", "best_ask": "0.15"}, {"asset_id": "89614977099306584213591611084155566067625133619562703055238389297472263510387", "price": "0.99", "size": "13570", "side": "SELL", "hash": "3550cd91805aae87a39a72f75e187491a58ae95b", "best_bid": "0.85", "best_ask": "0.87"}], "timestamp": "1769384712000", "event_type": "price_change"}}
{"_local_timestamp": "2026-01-25T23:45:12.090766+00:00", "data": {"market": "0x6db6cda864057584d61b1b5ad88a2cfefab33feabeefef18ffe13abe579ef974", "price_changes": [{"asset_id": "112520326587254198638663761556701131674524731259419135943052015769014705233883", "price": "0.04", "size": "1600", "side": "BUY", "hash": "bccd3ed88764552b49bcdb3e02c56966e6fc331f", "best_bid": "0.13", "best_ask": "0.15"}, {"asset_id": "89614977099306584213591611084155566067625133619562703055238389297472263510387", "price": "0.96", "size": "1600", "side": "SELL", "hash": "bc45be0c78d75a92bffcd2a23bd697c7b696e39c", "best_bid": "0.85", "best_ask": "0.87"}], "timestamp": "1769384712003", "event_type": "price_change"}}
{"_local_timestamp": "2026-01-25T23:45:16.103387+00:00", "data": {"market": "0x6db6cda864057584d61b1b5ad88a2cfefab33feabeefef18ffe13abe579ef974", "price_changes": [{"asset_id": "112520326587254198638663761556701131674524731259419135943052015769014705233883", "price": "0.17", "size": "804", "side": "SELL", "hash": "dcfba605380735acc5f6d9518c4fe2c1c91c5937", "best_bid": "0.13", "best_ask": "0.15"}, {"asset_id": "89614977099306584213591611084155566067625133619562703055238389297472263510387", "price": "0.83", "size": "804", "side": "BUY", "hash": "3ecbe8ef3a0cf784ac10497a49f3e578a000ab7f", "best_bid": "0.85", "best_ask": "0.87"}], "timestamp": "1769384716003", "event_type": "price_change"}}
{"_local_timestamp": "2026-01-25T23:45:22.866321+00:00", "data": {"market": "0x6db6cda864057584d61b1b5ad88a2cfefab33feabeefef18ffe13abe579ef974", "price_changes": [{"asset_id": "89614977099306584213591611084155566067625133619562703055238389297472263510387", "price": "0.83", "size": "704", "side": "BUY", "hash": "25300b98920a13027ee985d7225a10a2625460e7", "best_bid": "0.85", "best_ask": "0.87"}, {"asset_id": "112520326587254198638663761556701131674524731259419135943052015769014705233883", "price": "0.17", "size": "704", "side": "SELL", "hash": "075587bc8b097121902ff52bd0912b719477cc85", "best_bid": "0.13", "best_ask": "0.15"}], "timestamp": "1769384722773", "event_type": "price_change"}}
{"_local_timestamp": "2026-01-25T23:45:22.868442+00:00", "data": {"market": "0x6db6cda864057584d61b1b5ad88a2cfefab33feabeefef18ffe13abe579ef974", "price_changes": [{"asset_id": "112520326587254198638663761556701131674524731259419135943052015769014705233883", "price": "0.11", "size": "7157.74", "side": "BUY", "hash": "7056ee65f7f6b11586e51312a4b266f67be5f544", "best_bid": "0.13", "best_ask": "0.15"}, {"asset_id": "89614977099306584213591611084155566067625133619562703055238389297472263510387", "price": "0.89", "size": "7157.74", "side": "SELL", "hash": "83d19f695cd212125867cfae56f32c6ebbb76233", "best_bid": "0.85", "best_ask": "0.87"}], "timestamp": "1769384722777", "event_type": "price_change"}}
{"_local_timestamp": "2026-01-25T23:45:29.543257+00:00", "data": {"market": "0x6db6cda864057584d61b1b5ad88a2cfefab33feabeefef18ffe13abe579ef974", "price_changes": [{"asset_id": "112520326587254198638663761556701131674524731259419135943052015769014705233883", "price": "0.11", "size": "7257.74", "side": "BUY", "hash": "92cd96b41d63b15a8767e0999d3ba1401cfa2136", "best_bid": "0.13", "best_ask": "0.15"}, {"asset_id": "89614977099306584213591611084155566067625133619562703055238389297472263510387", "price": "0.89", "size": "7257.74", "side": "SELL", "hash": "c2f4826ef3855257ccd0c379659fa4ac91e42284", "best_bid": "0.85", "best_ask": "0.87"}], "timestamp": "1769384729468", "event_type": "price_change"}}
{"_local_timestamp": "2026-01-25T23:45:53.269167+00:00", "data": {"market": "0x6db6cda864057584d61b1b5ad88a2cfefab33feabeefef18ffe13abe579ef974", "price_changes": [{"asset_id": "89614977099306584213591611084155566067625133619562703055238389297472263510387", "price": "0.26", "size": "200", "side": "BUY", "hash": "f6c616b9abd7a04646351697176fb1feb1ced686", "best_bid": "0.85", "best_ask": "0.87"}, {"asset_id": "112520326587254198638663761556701131674524731259419135943052015769014705233883", "price": "0.74", "size": "200", "side": "SELL", "hash": "a859225e2971e42d3c580813dfb65faf7c7cea8f", "best_bid": "0.13", "best_ask": "0.15"}], "timestamp": "1769384753027", "event_type": "price_change"}}
{"_local_timestamp": "2026-01-25T23:45:53.702761+00:00", "data": {"market": "0x6db6cda864057584d61b1b5ad88a2cfefab33feabeefef18ffe13abe579ef974", "price_changes": [{"asset_id": "89614977099306584213591611084155566067625133619562703055238389297472263510387", "price": "0.23", "size": "1976", "side": "BUY", "hash": "7092356589afdd381553e8e80235e018e6501c72", "best_bid": "0.85", "best_ask": "0.87"}, {"asset_id": "112520326587254198638663761556701131674524731259419135943052015769014705233883", "price": "0.77", "size": "1976", "side": "SELL", "hash": "2685171326a2165034e1156c20c22dd5f59bc227", "best_bid": "0.13", "best_ask": "0.15"}], "timestamp": "1769384753526", "event_type": "price_change"}}
{"_local_timestamp": "2026-01-25T23:45:56.709855+00:00", "data": {"market": "0x6db6cda864057584d61b1b5ad88a2cfefab33feabeefef18ffe13abe579ef974", "price_changes": [{"asset_id": "112520326587254198638663761556701131674524731259419135943052015769014705233883", "price": "0.01", "size": "14170", "side": "BUY", "hash": "2c8ad7e16d5faa29e4715bce424cfd6e825935d8", "best_bid": "0.13", "best_ask": "0.15"}, {"asset_id": "89614977099306584213591611084155566067625133619562703055238389297472263510387", "price": "0.99", "size": "14170", "side": "SELL", "hash": "37e40280d697088b81b9c2acd9d08bba3565d09a", "best_bid": "0.85", "best_ask": "0.87"}], "timestamp": "1769384756140", "event_type": "price_change"}}
{"_local_timestamp": "2026-01-25T23:45:56.735200+00:00", "data": {"market": "0x6db6cda864057584d61b1b5ad88a2cfefab33feabeefef18ffe13abe579ef974", "price_changes": [{"asset_id": "112520326587254198638663761556701131674524731259419135943052015769014705233883", "price": "0.04", "size": "1625", "side": "BUY", "hash": "65e5a4add38d931a1a6425b13a7fbdecbc70d6d4", "best_bid": "0.13", "best_ask": "0.15"}, {"asset_id": "89614977099306584213591611084155566067625133619562703055238389297472263510387", "price": "0.96", "size": "1625", "side": "SELL", "hash": "bae23b3c85ad32eee258f118a1e0322f5d21ae22", "best_bid": "0.85", "best_ask": "0.87"}], "timestamp": "1769384756142", "event_type": "price_change"}}
{"_local_timestamp": "2026-01-25T23:45:59.035002+00:00", "data": {"market": "0x6db6cda864057584d61b1b5ad88a2cfefab33feabeefef18ffe13abe579ef974", "price_changes": [{"asset_id": "89614977099306584213591611084155566067625133619562703055238389297472263510387", "price": "0.83", "size": "804", "side": "BUY", "hash": "50e8945dfbdfc31763ec04fb77bfa7252146740e", "best_bid": "0.85", "best_ask": "0.87"}, {"asset_id": "112520326587254198638663761556701131674524731259419135943052015769014705233883", "price": "0.17", "size": "804", "side": "SELL", "hash": "252e86233241d846238291175c7875e7931d95ba", "best_bid": "0.13", "best_ask": "0.15"}], "timestamp": "1769384758967", "event_type": "price_change"}}
{"_local_timestamp": "2026-01-25T23:46:10.548344+00:00", "data": {"market": "0x6db6cda864057584d61b1b5ad88a2cfefab33feabeefef18ffe13abe579ef974", "price_changes": [{"asset_id": "89614977099306584213591611084155566067625133619562703055238389297472263510387", "price": "0.23", "size": "150", "side": "BUY", "hash": "d3d0dc70801f343f3cddae29049b4225e2f7a6bd", "best_bid": "0.85", "best_ask": "0.87"}, {"asset_id": "112520326587254198638663761556701131674524731259419135943052015769014705233883", "price": "0.77", "size": "150", "side": "SELL", "hash": "ef8c5028dac666305e5c75e42c9a30b91ac36cbc", "best_bid": "0.13", "best_ask": "0.15"}], "timestamp": "1769384770459", "event_type": "price_change"}}
{"_local_timestamp": "2026-01-25T23:46:25.637877+00:00", "data": {"market": "0x6db6cda864057584d61b1b5ad88a2cfefab33feabeefef18ffe13abe579ef974", "price_changes": [{"asset_id": "112520326587254198638663761556701131674524731259419135943052015769014705233883", "price": "0.17", "size": "901.6", "side": "SELL", "hash": "3079353b20c300b70f9cb73c1beac6e0b49bba69", "best_bid": "0.13", "best_ask": "0.15"}, {"asset_id": "89614977099306584213591611084155566067625133619562703055238389297472263510387", "price": "0.83", "size": "901.6", "side": "BUY", "hash": "42f3b2ec9d6085550f33e7d437b4cdf1863f26e1", "best_bid": "0.85", "best_ask": "0.87"}], "timestamp": "1769384785565", "event_type": "price_change"}}
{"_local_timestamp": "2026-01-25T23:46:45.100041+00:00", "data": {"market": "0x6db6cda864057584d61b1b5ad88a2cfefab33feabeefef18ffe13abe579ef974", "price_changes": [{"asset_id": "112520326587254198638663761556701131674524731259419135943052015769014705233883", "price": "0.17", "size": "804", "side": "SELL", "hash": "58bedaa8bddee2d9db77541f9d515db8043e79fc", "best_bid": "0.13", "best_ask": "0.15"}, {"asset_id": "89614977099306584213591611084155566067625133619562703055238389297472263510387", "price": "0.83", "size": "804", "side": "BUY", "hash": "58cef04bfc0860cb4cc16784e0e103764256d13d", "best_bid": "0.85", "best_ask": "0.87"}], "timestamp": "1769384805003", "event_type": "price_change"}}
{"_local_timestamp": "2026-01-25T23:46:50.866405+00:00", "data": {"market": "0x6db6cda864057584d61b1b5ad88a2cfefab33feabeefef18ffe13abe579ef974", "price_changes": [{"asset_id": "89614977099306584213591611084155566067625133619562703055238389297472263510387", "price": "0.26", "size": "100", "side": "BUY", "hash": "937d414a020a4483130271ff79dcebaa63172515", "best_bid": "0.85", "best_ask": "0.87"}, {"asset_id": "112520326587254198638663761556701131674524731259419135943052015769014705233883", "price": "0.74", "size": "100", "side": "SELL", "hash": "bbd650407cbd7fd4011ba3270ef5727df99ff888", "best_bid": "0.13", "best_ask": "0.15"}], "timestamp": "1769384810655", "event_type": "price_change"}}
{"_local_timestamp": "2026-01-25T23:46:51.185146+00:00", "data": {"market": "0x6db6cda864057584d61b1b5ad88a2cfefab33feabeefef18ffe13abe579ef974", "price_changes": [{"asset_id": "89614977099306584213591611084155566067625133619562703055238389297472263510387", "price": "0.27", "size": "1554", "side": "BUY", "hash": "878e4c20b2c6e6184abbe9c6e36dd9769cced1c3", "best_bid": "0.85", "best_ask": "0.87"}, {"asset_id": "112520326587254198638663761556701131674524731259419135943052015769014705233883", "price": "0.73", "size": "1554", "side": "SELL", "hash": "e4352a76744c0c9bf66f589908d121889012ee53", "best_bid": "0.13", "best_ask": "0.15"}], "timestamp": "1769384810948", "event_type": "price_change"}}
{"_local_timestamp": "2026-01-25T23:46:51.628327+00:00", "data": {"market": "0x6db6cda864057584d61b1b5ad88a2cfefab33feabeefef18ffe13abe579ef974", "price_changes": [{"asset_id": "89614977099306584213591611084155566067625133619562703055238389297472263510387", "price": "0.23", "size": "250", "side": "BUY", "hash": "87fe5b09ca83e845929f86488f5b07b8873a8a5b", "best_bid": "0.85", "best_ask": "0.87"}, {"asset_id": "112520326587254198638663761556701131674524731259419135943052015769014705233883", "price": "0.77", "size": "250", "side": "SELL", "hash": "35571d74a3f6e85f8f56f97a3cfa17a300523e26", "best_bid": "0.13", "best_ask": "0.15"}], "timestamp": "1769384811238", "event_type": "price_change"}}
{"_local_timestamp": "2026-01-25T23:46:58.974677+00:00", "data": {"market": "0x6db6cda864057584d61b1b5ad88a2cfefab33feabeefef18ffe13abe579ef974", "price_changes": [{"asset_id": "89614977099306584213591611084155566067625133619562703055238389297472263510387", "price": "0.23", "size": "150", "side": "BUY", "hash": "4224bc50e495a5cfda3f88b744154b47f974207c", "best_bid": "0.85", "best_ask": "0.87"}, {"asset_id": "112520326587254198638663761556701131674524731259419135943052015769014705233883", "price": "0.77", "size": "150", "side": "SELL", "hash": "200856006c3eb5233c5aa2613a44ed3890886a86", "best_bid": "0.13", "best_ask": "0.15"}], "timestamp": "1769384818866", "event_type": "price_change"}}
{"_local_timestamp": "2026-01-25T23:46:59.321385+00:00", "data": {"market": "0x6db6cda864057584d61b1b5ad88a2cfefab33feabeefef18ffe13abe579ef974", "price_changes": [{"asset_id": "89614977099306584213591611084155566067625133619562703055238389297472263510387", "price": "0.21", "size": "910", "side": "BUY", "hash": "c93fcb10cb3a75fb90061e53d4134712f2dccb28", "best_bid": "0.85", "best_ask": "0.87"}, {"asset_id": "112520326587254198638663761556701131674524731259419135943052015769014705233883", "price": "0.79", "size": "910", "side": "SELL", "hash": "a7c55ffdce70906831ccb8634cdda8ed13b4e9fc", "best_bid": "0.13", "best_ask": "0.15"}], "timestamp": "1769384819184", "event_type": "price_change"}}
{"_local_timestamp": "2026-01-25T23:47:23.598250+00:00", "data": {"market": "0x6db6cda864057584d61b1b5ad88a2cfefab33feabeefef18ffe13abe579ef974", "price_changes": [{"asset_id": "89614977099306584213591611084155566067625133619562703055238389297472263510387", "price": "0.21", "size": "860", "side": "BUY", "hash": "d5568ae6711d2ba71824b2d99ed31f9b0a079911", "best_bid": "0.85", "best_ask": "0.87"}, {"asset_id": "112520326587254198638663761556701131674524731259419135943052015769014705233883", "price": "0.79", "size": "860", "side": "SELL", "hash": "31da27c512c7901f8f63c013448465804f5766bd", "best_bid": "0.13", "best_ask": "0.15"}], "timestamp": "1769384843410", "event_type": "price_change"}}
{"_local_timestamp": "2026-01-25T23:47:23.918554+00:00", "data": {"market": "0x6db6cda864057584d61b1b5ad88a2cfefab33feabeefef18ffe13abe579ef974", "price_changes": [{"asset_id": "89614977099306584213591611084155566067625133619562703055238389297472263510387", "price": "0.23", "size": "200", "side": "BUY", "hash": "16b60c2a565a15372433151e2e1c68f811c52a9c", "best_bid": "0.85", "best_ask": "0.87"}, {"asset_id": "112520326587254198638663761556701131674524731259419135943052015769014705233883", "price": "0.77", "size": "200", "side": "SELL", "hash": "1a8aa9bdb1bdb94b6e2d0206348f498b2a2ebf82", "best_bid": "0.13", "best_ask": "0.15"}], "timestamp": "1769384843813", "event_type": "price_change"}}
{"_local_timestamp": "2026-01-25T23:47:37.431935+00:00", "data": {"market": "0x6db6cda864057584d61b1b5ad88a2cfefab33feabeefef18ffe13abe579ef974", "price_changes": [{"asset_id": "89614977099306584213591611084155566067625133619562703055238389297472263510387", "price": "0.28", "size": "300", "side": "BUY", "hash": "ea2b49ce7ad07b23b2d2cdba0b82e91825f70aab", "best_bid": "0.85", "best_ask": "0.87"}, {"asset_id": "112520326587254198638663761556701131674524731259419135943052015769014705233883", "price": "0.72", "size": "300", "side": "SELL", "hash": "b54eb8475121c952c6c9d5a4f8912807cdd2548f", "best_bid": "0.13", "best_ask": "0.15"}], "timestamp": "1769384857305", "event_type": "price_change"}}
{"_local_timestamp": "2026-01-25T23:47:37.908306+00:00", "data": {"market": "0x6db6cda864057584d61b1b5ad88a2cfefab33feabeefef18ffe13abe579ef974", "price_changes": [{"asset_id": "89614977099306584213591611084155566067625133619562703055238389297472263510387", "price": "0.27", "size": "1604", "side": "BUY", "hash": "68ab89dac0f1e20f58edebc8094c46104460cdf5", "best_bid": "0.85", "best_ask": "0.87"}, {"asset_id": "112520326587254198638663761556701131674524731259419135943052015769014705233883", "price": "0.73", "size": "1604", "side": "SELL", "hash": "3ac293f721d3efdd3529efaeb0f1dd384981a3a4", "best_bid": "0.13", "best_ask": "0.15"}], "timestamp": "1769384857598", "event_type": "price_change"}}
{"_local_timestamp": "2026-01-25T23:47:55.648194+00:00", "data": {"market": "0x6db6cda864057584d61b1b5ad88a2cfefab33feabeefef18ffe13abe579ef974", "price_changes": [{"asset_id": "89614977099306584213591611084155566067625133619562703055238389297472263510387", "price": "0.27", "size": "50", "side": "BUY", "hash": "b04a66090c0c4b69120c9e1cc0b9f01c7c012ef4", "best_bid": "0.85", "best_ask": "0.87"}, {"asset_id": "112520326587254198638663761556701131674524731259419135943052015769014705233883", "price": "0.73", "size": "50", "side": "SELL", "hash": "3415e0dec7ab71e29189ba770109bdba5ad9037d", "best_bid": "0.13", "best_ask": "0.15"}], "timestamp": "1769384875410", "event_type": "price_change"}}
{"_local_timestamp": "2026-01-25T23:47:55.853773+00:00", "data": {"market": "0x6db6cda864057584d61b1b5ad88a2cfefab33feabeefef18ffe13abe579ef974", "price_changes": [{"asset_id": "112520326587254198638663761556701131674524731259419135943052015769014705233883", "price": "0.17", "size": "901.6", "side": "SELL", "hash": "4bc296bd1338ebeca00d108c109e3e0935588d77", "best_bid": "0.13", "best_ask": "0.15"}, {"asset_id": "89614977099306584213591611084155566067625133619562703055238389297472263510387", "price": "0.83", "size": "901.6", "side": "BUY", "hash": "44592d7af5b1b4903e1751ad7526b5e142b7ff30", "best_bid": "0.85", "best_ask": "0.87"}], "timestamp": "1769384875604", "event_type": "price_change"}}
{"_local_timestamp": "2026-01-25T23:48:05.202708+00:00", "data": {"market": "0x6db6cda864057584d61b1b5ad88a2cfefab33feabeefef18ffe13abe579ef974", "price_changes": [{"asset_id": "112520326587254198638663761556701131674524731259419135943052015769014705233883", "price": "0.01", "size": "11270", "side": "BUY", "hash": "15b1ca8858a2672169e6f95d5b1f1f985e70bbf1", "best_bid": "0.13", "best_ask": "0.15"}, {"asset_id": "89614977099306584213591611084155566067625133619562703055238389297472263510387", "price": "0.99", "size": "11270", "side": "SELL", "hash": "00e7479e526e65b5723ed3dfa7dc530a2ffacea4", "best_bid": "0.85", "best_ask": "0.87"}], "timestamp": "1769384885002", "event_type": "price_change"}}
{"_local_timestamp": "2026-01-25T23:48:16.253093+00:00", "data": {"market": "0x6db6cda864057584d61b1b5ad88a2cfefab33feabeefef18ffe13abe579ef974", "price_changes": [{"asset_id": "112520326587254198638663761556701131674524731259419135943052015769014705233883", "price": "0.17", "size": "804", "side": "SELL", "hash": "6466523676867c794ebb3bd85862901e1291cebe", "best_bid": "0.13", "best_ask": "0.15"}, {"asset_id": "89614977099306584213591611084155566067625133619562703055238389297472263510387", "price": "0.83", "size": "804", "side": "BUY", "hash": "d6fa5d96856534858cf0bb7b8d050e4f0a057115", "best_bid": "0.85", "best_ask": "0.87"}], "timestamp": "1769384896001", "event_type": "price_change"}}
{"_local_timestamp": "2026-01-25T23:48:48.702745+00:00", "data": {"market": "0x6db6cda864057584d61b1b5ad88a2cfefab33feabeefef18ffe13abe579ef974", "price_changes": [{"asset_id": "89614977099306584213591611084155566067625133619562703055238389297472263510387", "price": "0.27", "size": "0", "side": "BUY", "hash": "54fcbd0bfc466327d3c95398973133bee603d533", "best_bid": "0.85", "best_ask": "0.87"}, {"asset_id": "112520326587254198638663761556701131674524731259419135943052015769014705233883", "price": "0.73", "size": "0", "side": "SELL", "hash": "a5b16a805745bc3fc3439991ca42c41b8994bdaa", "best_bid": "0.13", "best_ask": "0.15"}], "timestamp": "1769384928593", "event_type": "price_change"}}
{"_local_timestamp": "2026-01-25T23:48:48.941062+00:00", "data": {"market": "0x6db6cda864057584d61b1b5ad88a2cfefab33feabeefef18ffe13abe579ef974", "price_changes": [{"asset_id": "89614977099306584213591611084155566067625133619562703055238389297472263510387", "price": "0.28", "size": "350", "side": "BUY", "hash": "4159d87b760cf455279a0cb18a92f298c73266ef", "best_bid": "0.85", "best_ask": "0.87"}, {"asset_id": "112520326587254198638663761556701131674524731259419135943052015769014705233883", "price": "0.72", "size": "350", "side": "SELL", "hash": "35b22ecae6aa9e07ac91d71724c159256926908e", "best_bid": "0.13", "best_ask": "0.15"}], "timestamp": "1769384928841", "event_type": "price_change"}}
{"_local_timestamp": "2026-01-25T23:49:05.278187+00:00", "data": {"market": "0x6db6cda864057584d61b1b5ad88a2cfefab33feabeefef18ffe13abe579ef974", "price_changes": [{"asset_id": "89614977099306584213591611084155566067625133619562703055238389297472263510387", "price": "0.24", "size": "1748", "side": "BUY", "hash": "8829d26b6b39ff02b41ae041b9b15958ae621f9d", "best_bid": "0.85", "best_ask": "0.87"}, {"asset_id": "112520326587254198638663761556701131674524731259419135943052015769014705233883", "price": "0.76", "size": "1748", "side": "SELL", "hash": "8ecacc94c8bed549c128ff6ac8c63d21d0f778fb", "best_bid": "0.13", "best_ask": "0.15"}], "timestamp": "1769384945208", "event_type": "price_change"}}
{"_local_timestamp": "2026-01-25T23:49:08.082155+00:00", "data": {"market": "0x6db6cda864057584d61b1b5ad88a2cfefab33feabeefef18ffe13abe579ef974", "price_changes": [{"asset_id": "112520326587254198638663761556701131674524731259419135943052015769014705233883", "price": "0.01", "size": "7770", "side": "BUY", "hash": "2c0c5df5b7bd2832be0e4e026c68ff9d300229b5", "best_bid": "0.13", "best_ask": "0.15"}, {"asset_id": "89614977099306584213591611084155566067625133619562703055238389297472263510387", "price": "0.99", "size": "7770", "side": "SELL", "hash": "951aec52cc5810079209a20cc5ec98b8e9d1ee50", "best_bid": "0.85", "best_ask": "0.87"}], "timestamp": "1769384948000", "event_type": "price_change"}}
{"_local_timestamp": "2026-01-25T23:49:08.097427+00:00", "data": {"market": "0x6db6cda864057584d61b1b5ad88a2cfefab33feabeefef18ffe13abe579ef974", "price_changes": [{"asset_id": "112520326587254198638663761556701131674524731259419135943052015769014705233883", "price": "0.04", "size": "1325", "side": "BUY", "hash": "e98626cfb8b994f4b67cf31fd635bb0c726483a7", "best_bid": "0.13", "best_ask": "0.15"}, {"asset_id": "89614977099306584213591611084155566067625133619562703055238389297472263510387", "price": "0.96", "size": "1325", "side": "SELL", "hash": "22c8270eda489599145950116539cc3a5f1a9af0", "best_bid": "0.85", "best_ask": "0.87"}], "timestamp": "1769384948001", "event_type": "price_change"}}
{"_local_timestamp": "2026-01-25T23:49:08.098875+00:00", "data": {"market": "0x6db6cda864057584d61b1b5ad88a2cfefab33feabeefef18ffe13abe579ef974", "price_changes": [{"asset_id": "112520326587254198638663761556701131674524731259419135943052015769014705233883", "price": "0.03", "size": "3077.24", "side": "BUY", "hash": "ab8107dd0e6e3adbdb1067154fda72c052ae6db8", "best_bid": "0.13", "best_ask": "0.15"}, {"asset_id": "89614977099306584213591611084155566067625133619562703055238389297472263510387", "price": "0.97", "size": "3077.24", "side": "SELL", "hash": "ea130baf2501e9cb2e8790c00ad9aa1b730724ec", "best_bid": "0.85", "best_ask": "0.87"}], "timestamp": "1769384948003", "event_type": "price_change"}}
{"_local_timestamp": "2026-01-25T23:49:08.133015+00:00", "data": {"market": "0x6db6cda864057584d61b1b5ad88a2cfefab33feabeefef18ffe13abe579ef974", "price_changes": [{"asset_id": "112520326587254198638663761556701131674524731259419135943052015769014705233883", "price": "0.2", "size": "414.75", "side": "SELL", "hash": "abd4b885b4647850cf166a7e264aed23614becc7", "best_bid": "0.13", "best_ask": "0.15"}, {"asset_id": "89614977099306584213591611084155566067625133619562703055238389297472263510387", "price": "0.8", "size": "414.75", "side": "BUY", "hash": "6f105345518cf84cdfd99cb665871d50e1c66cc1", "best_bid": "0.85", "best_ask": "0.87"}], "timestamp": "1769384948049", "event_type": "price_change"}}
{"_local_timestamp": "2026-01-25T23:49:08.379784+00:00", "data": {"market": "0x6db6cda864057584d61b1b5ad88a2cfefab33feabeefef18ffe13abe579ef974", "price_changes": [{"asset_id": "112520326587254198638663761556701131674524731259419135943052015769014705233883", "price": "0.01", "size": "10670", "side": "BUY", "hash": "4cd30427454d8ca366c82a40eb735e5d793aa863", "best_bid": "0.13", "best_ask": "0.15"}, {"asset_id": "89614977099306584213591611084155566067625133619562703055238389297472263510387", "price": "0.99", "size": "10670", "side": "SELL", "hash": "84fa5bfa0bb843684004b94fa86ef6d2a8455151", "best_bid": "0.85", "best_ask": "0.87"}], "timestamp": "1769384948307", "event_type": "price_change"}}
{"_local_timestamp": "2026-01-25T23:49:11.514748+00:00", "data": {"market": "0x6db6cda864057584d61b1b5ad88a2cfefab33feabeefef18ffe13abe579ef974", "price_changes": [{"asset_id": "112520326587254198638663761556701131674524731259419135943052015769014705233883", "price": "0.03", "size": "5077.24", "side": "BUY", "hash": "cc892d0b5b2cb5a6f58204f99ffe90a6f1aabed5", "best_bid": "0.13", "best_ask": "0.15"}, {"asset_id": "89614977099306584213591611084155566067625133619562703055238389297472263510387", "price": "0.97", "size": "5077.24", "side": "SELL", "hash": "25c6e41ebbe95d839c98f1c7bb8fd417d67e69e8", "best_bid": "0.85", "best_ask": "0.87"}], "timestamp": "1769384951436", "event_type": "price_change"}}
{"_local_timestamp": "2026-01-25T23:49:11.515357+00:00", "data": {"market": "0x6db6cda864057584d61b1b5ad88a2cfefab33feabeefef18ffe13abe579ef974", "price_changes": [{"asset_id": "112520326587254198638663761556701131674524731259419135943052015769014705233883", "price": "0.04", "size": "1625", "side": "BUY", "hash": "30c11b4dce97d7c618a7b8f1208fe80f056e7249", "best_bid": "0.13", "best_ask": "0.15"}, {"asset_id": "89614977099306584213591611084155566067625133619562703055238389297472263510387", "price": "0.96", "size": "1625", "side": "SELL", "hash": "df9f01ab24a007619dadfe9369751549c7cf65f7", "best_bid": "0.85", "best_ask": "0.87"}], "timestamp": "1769384951437", "event_type": "price_change"}}
{"_local_timestamp": "2026-01-25T23:49:11.515834+00:00", "data": {"market": "0x6db6cda864057584d61b1b5ad88a2cfefab33feabeefef18ffe13abe579ef974", "price_changes": [{"asset_id": "112520326587254198638663761556701131674524731259419135943052015769014705233883", "price": "0.01", "size": "14170", "side": "BUY", "hash": "c0c598232cbc14d146cbcd7d842729b31c250b00", "best_bid": "0.13", "best_ask": "0.15"}, {"asset_id": "89614977099306584213591611084155566067625133619562703055238389297472263510387", "price": "0.99", "size": "14170", "side": "SELL", "hash": "157f263a636919371e259b4b6051dffdc616f2da", "best_bid": "0.85", "best_ask": "0.87"}], "timestamp": "1769384951438", "event_type": "price_change"}}
{"_local_timestamp": "2026-01-25T23:49:25.446512+00:00", "data": {"market": "0x6db6cda864057584d61b1b5ad88a2cfefab33feabeefef18ffe13abe579ef974", "price_changes": [{"asset_id": "89614977099306584213591611084155566067625133619562703055238389297472263510387", "price": "0.23", "size": "150", "side": "BUY", "hash": "44744a894c299a10ab1e056fc29c7a951d160d8e", "best_bid": "0.85", "best_ask": "0.87"}, {"asset_id": "112520326587254198638663761556701131674524731259419135943052015769014705233883", "price": "0.77", "size": "150", "side": "SELL", "hash": "05f3231e9464031ef61fec750acfa9b4cf45a086", "best_bid": "0.13", "best_ask": "0.15"}], "timestamp": "1769384965281", "event_type": "price_change"}}
{"_local_timestamp": "2026-01-25T23:49:25.659349+00:00", "data": {"market": "0x6db6cda864057584d61b1b5ad88a2cfefab33feabeefef18ffe13abe579ef974", "price_changes": [{"asset_id": "112520326587254198638663761556701131674524731259419135943052015769014705233883", "price": "0.17", "size": "901.6", "side": "SELL", "hash": "0eb7be2f7f5516e72edf7532cebd61066ed2b09c", "best_bid": "0.13", "best_ask": "0.15"}, {"asset_id": "89614977099306584213591611084155566067625133619562703055238389297472263510387", "price": "0.83", "size": "901.6", "side": "BUY", "hash": "85c41ff71f3c8cb0b10fc1c6ae9ab69eb80360bb", "best_bid": "0.85", "best_ask": "0.87"}], "timestamp": "1769384965584", "event_type": "price_change"}}
{"_local_timestamp": "2026-01-25T23:49:25.980835+00:00", "data": {"market": "0x6db6cda864057584d61b1b5ad88a2cfefab33feabeefef18ffe13abe579ef974", "price_changes": [{"asset_id": "89614977099306584213591611084155566067625133619562703055238389297472263510387", "price": "0.27", "size": "50", "side": "BUY", "hash": "c52ad5ab0f61842b67800bb62d304d3018ec320a", "best_bid": "0.85", "best_ask": "0.87"}, {"asset_id": "112520326587254198638663761556701131674524731259419135943052015769014705233883", "price": "0.73", "size": "50", "side": "SELL", "hash": "77f73cba427c66113f76f973cb4889c21b0d6a96", "best_bid": "0.13", "best_ask": "0.15"}], "timestamp": "1769384965790", "event_type": "price_change"}}
{"_local_timestamp": "2026-01-25T23:49:30.312946+00:00", "data": {"market": "0x6db6cda864057584d61b1b5ad88a2cfefab33feabeefef18ffe13abe579ef974", "price_changes": [{"asset_id": "89614977099306584213591611084155566067625133619562703055238389297472263510387", "price": "0.23", "size": "50", "side": "BUY", "hash": "51c6971b31a26189e534e555cb3151b4d08844b3", "best_bid": "0.85", "best_ask": "0.87"}, {"asset_id": "112520326587254198638663761556701131674524731259419135943052015769014705233883", "price": "0.77", "size": "50", "side": "SELL", "hash": "7dadefd22e27ce626167f404a27be68af077b57c", "best_bid": "0.13", "best_ask": "0.15"}], "timestamp": "1769384970051", "event_type": "price_change"}}
{"_local_timestamp": "2026-01-25T23:49:30.972451+00:00", "data": {"market": "0x6db6cda864057584d61b1b5ad88a2cfefab33feabeefef18ffe13abe579ef974", "price_changes": [{"asset_id": "89614977099306584213591611084155566067625133619562703055238389297472263510387", "price": "0.27", "size": "150", "side": "BUY", "hash": "bfeed32843bc9dd2abb70d4bf787a410e7877813", "best_bid": "0.85", "best_ask": "0.87"}, {"asset_id": "112520326587254198638663761556701131674524731259419135943052015769014705233883", "price": "0.73", "size": "150", "side": "SELL", "hash": "feec581e98d52c1c920e6fdcb02cfffba3640807", "best_bid": "0.13", "best_ask": "0.15"}], "timestamp": "1769384970625", "event_type": "price_change"}}
{"_local_timestamp": "2026-01-25T23:49:41.864191+00:00", "data": {"market": "0x6db6cda864057584d61b1b5ad88a2cfefab33feabeefef18ffe13abe579ef974", "price_changes": [{"asset_id": "89614977099306584213591611084155566067625133619562703055238389297472263510387", "price": "0.28", "size": "300", "side": "BUY", "hash": "f165479dc2b5ca52613e73a1b9f40306230e6609", "best_bid": "0.85", "best_ask": "0.87"}, {"asset_id": "112520326587254198638663761556701131674524731259419135943052015769014705233883", "price": "0.72", "size": "300", "side": "SELL", "hash": "e089270e166da452668d2645b12a894a2dcd42ec", "best_bid": "0.13", "best_ask": "0.15"}], "timestamp": "1769384981720", "event_type": "price_change"}}
{"_local_timestamp": "2026-01-25T23:49:41.865142+00:00", "data": {"market": "0x6db6cda864057584d61b1b5ad88a2cfefab33feabeefef18ffe13abe579ef974", "price_changes": [{"asset_id": "89614977099306584213591611084155566067625133619562703055238389297472263510387", "price": "0.23", "size": "0", "side": "BUY", "hash": "f165479dc2b5ca52613e73a1b9f40306230e6609", "best_bid": "0.85", "best_ask": "0.87"}, {"asset_id": "112520326587254198638663761556701131674524731259419135943052015769014705233883", "price": "0.77", "size": "0", "side": "SELL", "hash": "e089270e166da452668d2645b12a894a2dcd42ec", "best_bid": "0.13", "best_ask": "0.15"}], "timestamp": "1769384981720", "event_type": "price_change"}}
{"_local_timestamp": "2026-01-25T23:49:42.431773+00:00", "data": {"market": "0x6db6cda864057584d61b1b5ad88a2cfefab33feabeefef18ffe13abe579ef974", "price_changes": [{"asset_id": "89614977099306584213591611084155566067625133619562703055238389297472263510387", "price": "0.21", "size": "910", "side": "BUY", "hash": "bc25419f75fb7802a1f7c78d5c4e135e2c8e2e5f", "best_bid": "0.85", "best_ask": "0.87"}, {"asset_id": "112520326587254198638663761556701131674524731259419135943052015769014705233883", "price": "0.79", "size": "910", "side": "SELL", "hash": "80e4a4260f765f57b26c2f6a0981226ab8fb4828", "best_bid": "0.13", "best_ask": "0.15"}], "timestamp": "1769384982238", "event_type": "price_change"}}
{"_local_timestamp": "2026-01-25T23:49:42.440854+00:00", "data": {"market": "0x6db6cda864057584d61b1b5ad88a2cfefab33feabeefef18ffe13abe579ef974", "price_changes": [{"asset_id": "89614977099306584213591611084155566067625133619562703055238389297472263510387", "price": "0.27", "size": "200", "side": "BUY", "hash": "569da259207bba9d5b39133f10ab70a6be7cf717", "best_bid": "0.85", "best_ask": "0.87"}, {"asset_id": "112520326587254198638663761556701131674524731259419135943052015769014705233883", "price": "0.73", "size": "200", "side": "SELL", "hash": "e89190f1a56e94244e0edc3c3d00617f7289b568", "best_bid": "0.13", "best_ask": "0.15"}], "timestamp": "1769384982264", "event_type": "price_change"}}
{"_local_timestamp": "2026-01-25T23:49:42.471099+00:00", "data": {"market": "0x6db6cda864057584d61b1b5ad88a2cfefab33feabeefef18ffe13abe579ef974", "price_changes": [{"asset_id": "112520326587254198638663761556701131674524731259419135943052015769014705233883", "price": "0.12", "size": "591.65", "side": "BUY", "hash": "c619b7547bef27f699ae9367b17c2c4a325d3d9c", "best_bid": "0.13", "best_ask": "0.15"}, {"asset_id": "89614977099306584213591611084155566067625133619562703055238389297472263510387", "price": "0.88", "size": "591.65", "side": "SELL", "hash": "ff3ccb2f8d9d632154bf970135af22c0e1576e10", "best_bid": "0.85", "best_ask": "0.87"}], "timestamp": "1769384982382", "event_type": "price_change"}}
{"_local_timestamp": "2026-01-25T23:49:45.078744+00:00", "data": {"market": "0x6db6cda864057584d61b1b5ad88a2cfefab33feabeefef18ffe13abe579ef974", "price_changes": [{"asset_id": "112520326587254198638663761556701131674524731259419135943052015769014705233883", "price": "0.17", "size": "804", "side": "SELL", "hash": "a9b5b52e6069283b6f425dec088cb077278c228d", "best_bid": "0.13", "best_ask": "0.15"}, {"asset_id": "89614977099306584213591611084155566067625133619562703055238389297472263510387", "price": "0.83", "size": "804", "side": "BUY", "hash": "6afb6f3315b0d0b44d8f0b1e0b5185d7ca4621c3", "best_bid": "0.85", "best_ask": "0.87"}], "timestamp": "1769384985000", "event_type": "price_change"}}
{"_local_timestamp": "2026-01-25T23:50:02.384132+00:00", "data": {"market": "0x6db6cda864057584d61b1b5ad88a2cfefab33feabeefef18ffe13abe579ef974", "price_changes": [{"asset_id": "89614977099306584213591611084155566067625133619562703055238389297472263510387", "price": "0.21", "size": "150", "side": "BUY", "hash": "e4ced692fa7774f242c4b2369666228318b2b2ed", "best_bid": "0.85", "best_ask": "0.87"}, {"asset_id": "112520326587254198638663761556701131674524731259419135943052015769014705233883", "price": "0.79", "size": "150", "side": "SELL", "hash": "f88e8073f8dc69944dcbb40ba0bc4ae541be08f0", "best_bid": "0.13", "best_ask": "0.15"}], "timestamp": "1769385002268", "event_type": "price_change"}}
{"_local_timestamp": "2026-01-25T23:50:03.162726+00:00", "data": {"market": "0x6db6cda864057584d61b1b5ad88a2cfefab33feabeefef18ffe13abe579ef974", "price_changes": [{"asset_id": "89614977099306584213591611084155566067625133619562703055238389297472263510387", "price": "0.16", "size": "450", "side": "BUY", "hash": "00bf8c6e6390464e71b1ec56587f8ed4d427b668", "best_bid": "0.85", "best_ask": "0.87"}, {"asset_id": "112520326587254198638663761556701131674524731259419135943052015769014705233883", "price": "0.84", "size": "450", "side": "SELL", "hash": "0175c07b5e91eddb74a6a359b1fe6b977ada9011", "best_bid": "0.13", "best_ask": "0.15"}], "timestamp": "1769385002725", "event_type": "price_change"}}
{"_local_timestamp": "2026-01-25T23:50:05.542990+00:00", "data": {"market": "0x6db6cda864057584d61b1b5ad88a2cfefab33feabeefef18ffe13abe579ef974", "price_changes": [{"asset_id": "89614977099306584213591611084155566067625133619562703055238389297472263510387", "price": "0.21", "size": "50", "side": "BUY", "hash": "e4ca6f1a82ff8a73f01051895d4607c1517dd8c5", "best_bid": "0.85", "best_ask": "0.87"}, {"asset_id": "112520326587254198638663761556701131674524731259419135943052015769014705233883", "price": "0.79", "size": "50", "side": "SELL", "hash": "80b2ef5e5c5c14b9d2cc2972750d130166d9c496", "best_bid": "0.13", "best_ask": "0.15"}], "timestamp": "1769385005458", "event_type": "price_change"}}
{"_local_timestamp": "2026-01-25T23:50:05.842446+00:00", "data": {"market": "0x6db6cda864057584d61b1b5ad88a2cfefab33feabeefef18ffe13abe579ef974", "price_changes": [{"asset_id": "89614977099306584213591611084155566067625133619562703055238389297472263510387", "price": "0.24", "size": "1848", "side": "BUY", "hash": "63531e60348dc89080414dbae2f1b55bcf49711a", "best_bid": "0.85", "best_ask": "0.87"}, {"asset_id": "112520326587254198638663761556701131674524731259419135943052015769014705233883", "price": "0.76", "size": "1848", "side": "SELL", "hash": "31450e489bb9e7753000deb046af668d3a009cce", "best_bid": "0.13", "best_ask": "0.15"}], "timestamp": "1769385005723", "event_type": "price_change"}}
{"_local_timestamp": "2026-01-25T23:50:08.125058+00:00", "data": {"market": "0x6db6cda864057584d61b1b5ad88a2cfefab33feabeefef18ffe13abe579ef974", "price_changes": [{"asset_id": "112520326587254198638663761556701131674524731259419135943052015769014705233883", "price": "0.04", "size": "1250", "side": "BUY", "hash": "355cd208f959101b38393cd5759ac58ae9b7f1a5", "best_bid": "0.13", "best_ask": "0.15"}, {"asset_id": "89614977099306584213591611084155566067625133619562703055238389297472263510387", "price": "0.96", "size": "1250", "side": "SELL", "hash": "4e3af78ba47ce629f846118ff3a289a933f60ef3", "best_bid": "0.85", "best_ask": "0.87"}], "timestamp": "1769385008000", "event_type": "price_change"}}
{"_local_timestamp": "2026-01-25T23:50:08.125835+00:00", "data": {"market": "0x6db6cda864057584d61b1b5ad88a2cfefab33feabeefef18ffe13abe579ef974", "price_changes": [{"asset_id": "112520326587254198638663761556701131674524731259419135943052015769014705233883", "price": "0.01", "size": "9070", "side": "BUY", "hash": "a2970216a4bd873809661856fc3fd566fe66f06e", "best_bid": "0.13", "best_ask": "0.15"}, {"asset_id": "89614977099306584213591611084155566067625133619562703055238389297472263510387", "price": "0.99", "size": "9070", "side": "SELL", "hash": "b427add8b32e125b65a6a2c861bae3ab56a874b3", "best_bid": "0.85", "best_ask": "0.87"}], "timestamp": "1769385008005", "event_type": "price_change"}}
{"_local_timestamp": "2026-01-25T23:50:08.177542+00:00", "data": {"market": "0x6db6cda864057584d61b1b5ad88a2cfefab33feabeefef18ffe13abe579ef974", "price_changes": [{"asset_id": "112520326587254198638663761556701131674524731259419135943052015769014705233883", "price": "0.12", "size": "566.65", "side": "BUY", "hash": "84cf71f89ba674f7efdcbad2800b7010bcb08eca", "best_bid": "0.13", "best_ask": "0.15"}, {"asset_id": "89614977099306584213591611084155566067625133619562703055238389297472263510387", "price": "0.88", "size": "566.65", "side": "SELL", "hash": "cf1acb9708e93ce13a52f4bfd07c0230c29bb95c", "best_bid": "0.85", "best_ask": "0.87"}], "timestamp": "1769385008094", "event_type": "price_change"}}
{"_local_timestamp": "2026-01-25T23:50:08.749011+00:00", "data": {"market": "0x6db6cda864057584d61b1b5ad88a2cfefab33feabeefef18ffe13abe579ef974", "price_changes": [{"asset_id": "112520326587254198638663761556701131674524731259419135943052015769014705233883", "price": "0.05", "size": "460", "side": "BUY", "hash": "83c76ed65a2872d9c886a1794ee9693a4154a5f9", "best_bid": "0.13", "best_ask": "0.15"}, {"asset_id": "89614977099306584213591611084155566067625133619562703055238389297472263510387", "price": "0.95", "size": "460", "side": "SELL", "hash": "da84d8ceabaddf9e45b68a091e6e2577a29ca126", "best_bid": "0.85", "best_ask": "0.87"}], "timestamp": "1769385008669", "event_type": "price_change"}}
{"_local_timestamp": "2026-01-25T23:50:08.756458+00:00", "data": {"market": "0x6db6cda864057584d61b1b5ad88a2cfefab33feabeefef18ffe13abe579ef974", "price_changes": [{"asset_id": "112520326587254198638663761556701131674524731259419135943052015769014705233883", "price": "0.11", "size": "7266.74", "side": "BUY", "hash": "60cdd368c7a2541960ea160eefe44f9202d93637", "best_bid": "0.13", "best_ask": "0.15"}, {"asset_id": "89614977099306584213591611084155566067625133619562703055238389297472263510387", "price": "0.89", "size": "7266.74", "side": "SELL", "hash": "523bca81b9707cab60c82f5b0e2f228ecbd05304", "best_bid": "0.85", "best_ask": "0.87"}], "timestamp": "1769385008670", "event_type": "price_change"}}
{"_local_timestamp": "2026-01-25T23:50:47.077445+00:00", "data": {"market": "0x6db6cda864057584d61b1b5ad88a2cfefab33feabeefef18ffe13abe579ef974", "price_changes": [{"asset_id": "112520326587254198638663761556701131674524731259419135943052015769014705233883", "price": "0.04", "size": "1200", "side": "BUY", "hash": "1525f9b49ef25b53deaefc1faade287e49988897", "best_bid": "0.13", "best_ask": "0.15"}, {"asset_id": "89614977099306584213591611084155566067625133619562703055238389297472263510387", "price": "0.96", "size": "1200", "side": "SELL", "hash": "988a24e40ee279306f948daec0cfe0e609c624a0", "best_bid": "0.85", "best_ask": "0.87"}], "timestamp": "1769385047001", "event_type": "price_change"}}
{"_local_timestamp": "2026-01-25T23:50:55.813831+00:00", "data": {"market": "0x6db6cda864057584d61b1b5ad88a2cfefab33feabeefef18ffe13abe579ef974", "price_changes": [{"asset_id": "112520326587254198638663761556701131674524731259419135943052015769014705233883", "price": "0.17", "size": "901.6", "side": "SELL", "hash": "860124f4617432e32322a8aebb0e11422101b69d", "best_bid": "0.13", "best_ask": "0.15"}, {"asset_id": "89614977099306584213591611084155566067625133619562703055238389297472263510387", "price": "0.83", "size": "901.6", "side": "BUY", "hash": "9d605fb5d5ce85c2c66c5a7bd3fef07d48614669", "best_bid": "0.85", "best_ask": "0.87"}], "timestamp": "1769385055722", "event_type": "price_change"}}
{"_local_timestamp": "2026-01-25T23:51:05.649625+00:00", "data": {"market": "0x6db6cda864057584d61b1b5ad88a2cfefab33feabeefef18ffe13abe579ef974", "price_changes": [{"asset_id": "89614977099306584213591611084155566067625133619562703055238389297472263510387", "price": "0.27", "size": "150", "side": "BUY", "hash": "5ce0bba56b0fddcc31f2ea7b2715fef81aa6a40c", "best_bid": "0.85", "best_ask": "0.87"}, {"asset_id": "112520326587254198638663761556701131674524731259419135943052015769014705233883", "price": "0.73", "size": "150", "side": "SELL", "hash": "9d316a70d7179fa0960a1e8115c04d625f538f17", "best_bid": "0.13", "best_ask": "0.15"}], "timestamp": "1769385065438", "event_type": "price_change"}}
{"_local_timestamp": "2026-01-25T23:51:05.804116+00:00", "data": {"market": "0x6db6cda864057584d61b1b5ad88a2cfefab33feabeefef18ffe13abe579ef974", "price_changes": [{"asset_id": "112520326587254198638663761556701131674524731259419135943052015769014705233883", "price": "0.05", "size": "360", "side": "BUY", "hash": "75916d3c6658883c64700ebe3e42072f09f531c2", "best_bid": "0.13", "best_ask": "0.15"}, {"asset_id": "89614977099306584213591611084155566067625133619562703055238389297472263510387", "price": "0.95", "size": "360", "side": "SELL", "hash": "01e2f404fc44b1ef1fddebd2712c5d1c33f5dcd4", "best_bid": "0.85", "best_ask": "0.87"}], "timestamp": "1769385065657", "event_type": "price_change"}}
{"_local_timestamp": "2026-01-25T23:51:05.804700+00:00", "data": {"market": "0x6db6cda864057584d61b1b5ad88a2cfefab33feabeefef18ffe13abe579ef974", "price_changes": [{"asset_id": "112520326587254198638663761556701131674524731259419135943052015769014705233883", "price": "0.11", "size": "7239.74", "side": "BUY", "hash": "75916d3c6658883c64700ebe3e42072f09f531c2", "best_bid": "0.13", "best_ask": "0.15"}, {"asset_id": "89614977099306584213591611084155566067625133619562703055238389297472263510387", "price": "0.89", "size": "7239.74", "side": "SELL", "hash": "01e2f404fc44b1ef1fddebd2712c5d1c33f5dcd4", "best_bid": "0.85", "best_ask": "0.87"}], "timestamp": "1769385065657", "event_type": "price_change"}}
{"_local_timestamp": "2026-01-25T23:51:05.805275+00:00", "data": {"market": "0x6db6cda864057584d61b1b5ad88a2cfefab33feabeefef18ffe13abe579ef974", "price_changes": [{"asset_id": "112520326587254198638663761556701131674524731259419135943052015769014705233883", "price": "0.03", "size": "3077.24", "side": "BUY", "hash": "75916d3c6658883c64700ebe3e42072f09f531c2", "best_bid": "0.13", "best_ask": "0.15"}, {"asset_id": "89614977099306584213591611084155566067625133619562703055238389297472263510387", "price": "0.97", "size": "3077.24", "side": "SELL", "hash": "01e2f404fc44b1ef1fddebd2712c5d1c33f5dcd4", "best_bid": "0.85", "best_ask": "0.87"}], "timestamp": "1769385065657", "event_type": "price_change"}}
{"_local_timestamp": "2026-01-25T23:51:05.805880+00:00", "data": {"market": "0x6db6cda864057584d61b1b5ad88a2cfefab33feabeefef18ffe13abe579ef974", "price_changes": [{"asset_id": "112520326587254198638663761556701131674524731259419135943052015769014705233883", "price": "0.15", "size": "40", "side": "SELL", "hash": "75916d3c6658883c64700ebe3e42072f09f531c2", "best_bid": "0.13", "best_ask": "0.15"}, {"asset_id": "89614977099306584213591611084155566067625133619562703055238389297472263510387", "price": "0.85", "size": "40", "side": "BUY", "hash": "01e2f404fc44b1ef1fddebd2712c5d1c33f5dcd4", "best_bid": "0.85", "best_ask": "0.87"}], "timestamp": "1769385065657", "event_type": "price_change"}}
{"_local_timestamp": "2026-01-25T23:51:06.020044+00:00", "data": {"market": "0x6db6cda864057584d61b1b5ad88a2cfefab33feabeefef18ffe13abe579ef974", "price_changes": [{"asset_id": "89614977099306584213591611084155566067625133619562703055238389297472263510387", "price": "0.24", "size": "1898", "side": "BUY", "hash": "9bef96f7b86556899d91a2b036e7c13f58e77585", "best_bid": "0.85", "best_ask": "0.87"}, {"asset_id": "112520326587254198638663761556701131674524731259419135943052015769014705233883", "price": "0.76", "size": "1898", "side": "SELL", "hash": "a76db7e2af770ce44ac841373e48108ba3d53369", "best_bid": "0.13", "best_ask": "0.15"}], "timestamp": "1769385065796", "event_type": "price_change"}}
{"_local_timestamp": "2026-01-25T23:51:06.027668+00:00", "data": {"market": "0x6db6cda864057584d61b1b5ad88a2cfefab33feabeefef18ffe13abe579ef974", "price_changes": [{"asset_id": "112520326587254198638663761556701131674524731259419135943052015769014705233883", "price": "0.16", "size": "661.33", "side": "SELL", "hash": "e1e8e8053403d995dbc837e1ccfbc8a59938df05", "best_bid": "0.13", "best_ask": "0.15"}, {"asset_id": "89614977099306584213591611084155566067625133619562703055238389297472263510387", "price": "0.84", "size": "661.33", "side": "BUY", "hash": "20603fb1cdd7e26aef79c4f7f42044ca0e4d17c7", "best_bid": "0.85", "best_ask": "0.87"}], "timestamp": "1769385065816", "event_type": "price_change"}}
{"_local_timestamp": "2026-01-25T23:51:06.054950+00:00", "data": {"market": "0x6db6cda864057584d61b1b5ad88a2cfefab33feabeefef18ffe13abe579ef974", "price_changes": [{"asset_id": "112520326587254198638663761556701131674524731259419135943052015769014705233883", "price": "0.03", "size": "4610.24", "side": "BUY", "hash": "c17f7277fa123f8fddf52fc7e41a05e48e0e96f5", "best_bid": "0.13", "best_ask": "0.15"}, {"asset_id": "89614977099306584213591611084155566067625133619562703055238389297472263510387", "price": "0.97", "size": "4610.24", "side": "SELL", "hash": "e065814c9e21a9847acadf3ebfee634620e1cf08", "best_bid": "0.85", "best_ask": "0.87"}], "timestamp": "1769385065817", "event_type": "price_change"}}
{"_local_timestamp": "2026-01-25T23:51:06.063888+00:00", "data": {"market": "0x6db6cda864057584d61b1b5ad88a2cfefab33feabeefef18ffe13abe579ef974", "price_changes": [{"asset_id": "112520326587254198638663761556701131674524731259419135943052015769014705233883", "price": "0.01", "size": "11270", "side": "BUY", "hash": "e24de17fca321502be50d3e291e93a0de1b600ad", "best_bid": "0.13", "best_ask": "0.15"}, {"asset_id": "89614977099306584213591611084155566067625133619562703055238389297472263510387", "price": "0.99", "size": "11270", "side": "SELL", "hash": "e32f8a68037df745e0b61eba78a1509e69e43036", "best_bid": "0.85", "best_ask": "0.87"}], "timestamp": "1769385065819", "event_type": "price_change"}}
{"_local_timestamp": "2026-01-25T23:51:06.070038+00:00", "data": {"market": "0x6db6cda864057584d61b1b5ad88a2cfefab33feabeefef18ffe13abe579ef974", "price_changes": [{"asset_id": "112520326587254198638663761556701131674524731259419135943052015769014705233883", "price": "0.04", "size": "1450", "side": "BUY", "hash": "a7bd8997fa8162042bfb3fad31dfde378b029c0a", "best_bid": "0.13", "best_ask": "0.15"}, {"asset_id": "89614977099306584213591611084155566067625133619562703055238389297472263510387", "price": "0.96", "size": "1450", "side": "SELL", "hash": "56bf9d7affc758d80e838ee5ebdb8831595e33d0", "best_bid": "0.85", "best_ask": "0.87"}], "timestamp": "1769385065821", "event_type": "price_change"}}
{"_local_timestamp": "2026-01-25T23:51:16.082387+00:00", "data": {"market": "0x6db6cda864057584d61b1b5ad88a2cfefab33feabeefef18ffe13abe579ef974", "price_changes": [{"asset_id": "112520326587254198638663761556701131674524731259419135943052015769014705233883", "price": "0.17", "size": "804", "side": "SELL", "hash": "f4a53b1d67931c8520c4173627608352c6dccfa8", "best_bid": "0.13", "best_ask": "0.15"}, {"asset_id": "89614977099306584213591611084155566067625133619562703055238389297472263510387", "price": "0.83", "size": "804", "side": "BUY", "hash": "52bca1ba24ab25ddab4a7d39eb5003e2abdc6a62", "best_bid": "0.85", "best_ask": "0.87"}], "timestamp": "1769385076000", "event_type": "price_change"}}
{"_local_timestamp": "2026-01-25T23:51:25.699626+00:00", "data": {"market": "0x6db6cda864057584d61b1b5ad88a2cfefab33feabeefef18ffe13abe579ef974", "price_changes": [{"asset_id": "89614977099306584213591611084155566067625133619562703055238389297472263510387", "price": "0.16", "size": "400", "side": "BUY", "hash": "3b50e51b06dd9945406f52d80bdf2b6a54b7a437", "best_bid": "0.85", "best_ask": "0.87"}, {"asset_id": "112520326587254198638663761556701131674524731259419135943052015769014705233883", "price": "0.84", "size": "400", "side": "SELL", "hash": "f78dda39de1979e752b3a4db414ec0ca466d32b8", "best_bid": "0.13", "best_ask": "0.15"}], "timestamp": "1769385085597", "event_type": "price_change"}}
{"_local_timestamp": "2026-01-25T23:51:26.109332+00:00", "data": {"market": "0x6db6cda864057584d61b1b5ad88a2cfefab33feabeefef18ffe13abe579ef974", "price_changes": [{"asset_id": "89614977099306584213591611084155566067625133619562703055238389297472263510387", "price": "0.15", "size": "600", "side": "BUY", "hash": "2bb6db315fd5c28a13f2f2be26775774965b5105", "best_bid": "0.85", "best_ask": "0.87"}, {"asset_id": "112520326587254198638663761556701131674524731259419135943052015769014705233883", "price": "0.85", "size": "600", "side": "SELL", "hash": "ff0b4791968055c4ea255388437b313ae72cae31", "best_bid": "0.13", "best_ask": "0.15"}], "timestamp": "1769385086004", "event_type": "price_change"}}
{"_local_timestamp": "2026-01-25T23:51:28.031112+00:00", "data": {"market": "0x6db6cda864057584d61b1b5ad88a2cfefab33feabeefef18ffe13abe579ef974", "price_changes": [{"asset_id": "89614977099306584213591611084155566067625133619562703055238389297472263510387", "price": "0.24", "size": "150", "side": "BUY", "hash": "0151303a779b80fe20fd16f97945da544daeeebd", "best_bid": "0.85", "best_ask": "0.87"}, {"asset_id": "112520326587254198638663761556701131674524731259419135943052015769014705233883", "price": "0.76", "size": "150", "side": "SELL", "hash": "8a818650de3bf3ee8a1e18adb8485381625271c3", "best_bid": "0.13", "best_ask": "0.15"}], "timestamp": "1769385087777", "event_type": "price_change"}}
