{"_local_timestamp": "2026-01-25T23:33:34.264360+00:00", "data": [{"market": "0x5ae2789de1987f9725e8a98b0a590cb4e9bf778b5444c9ae7205c2f5a2a4de44", "asset_id": "42588817374350255174819336775326493408529088172554433048302066536138243596805", "timestamp": "1769384004289", "hash": "13d974a62dc14fd0c12ba8901d600e823b2c9992", "bids": [{"price": "0.01", "size": "7509.82"}, {"price": "0.02", "size": "1000"}, {"price": "0.03", "size": "10.23"}, {"price": "0.04", "size": "2000"}, {"price": "0.05", "size": "280"}, {"price": "0.06", "size": "33"}, {"price": "0.07", "size": "100"}, {"price": "0.09", "size": "900"}, {"price": "0.1", "size": "4003"}, {"price": "0.11", "size": "5.4"}, {"price": "0.14", "size": "242.85"}, {"price": "0.15", "size": "550"}, {"price": "0.19", "size": "168.42"}, {"price": "0.2", "size": "400"}, {"price": "0.21", "size": "810"}, {"price": "0.22", "size": "2008"}, {"price": "0.23", "size": "121.73"}, {"price": "0.27", "size": "250"}, {"price": "0.28", "size": "92.85"}, {"price": "0.33", "size": "72.72"}, {"price": "0.37", "size": "54.05"}, {"price": "0.38", "size": "1628"}, {"price": "0.39", "size": "380"}, {"price": "0.77", "size": "9.13"}, {"price": "0.88", "size": "300"}, {"price": "0.9", "size": "150.22"}, {"price": "0.91", "size": "102.67"}], "asks": [{"price": "0.99", "size": "2500"}, {"price": "0.98", "size": "266.82"}, {"price": "0.97", "size": "282.37"}, {"price": "0.96", "size": "10.06"}, {"price": "0.95", "size": "451.57"}, {"price": "0.94", "size": "184"}, {"price": "0.93", "size": "247.22"}, {"price": "0.92", "size": "850"}], "event_type": "book", "last_trade_price": "0.090"}, {"market": "0x5ae2789de1987f9725e8a98b0a590cb4e9bf778b5444c9ae7205c2f5a2a4de44", "asset_id": "46359198888085059339386074227770752989088144333736898490719631934988513190818", "timestamp": "1769384004289", "hash": "d1511b86112e686cb7d73ae70250c7a2b7fd3da6", "bids": [{"price": "0.01", "size": "2500"}, {"price": "0.02", "size": "266.82"}, {"price": "0.03", "size": "282.37"}, {"price": "0.04", "size": "10.06"}, {"price": "0.05", "size": "451.57"}, {"price": "0.06", "size": "184"}, {"price": "0.07", "size": "247.22"}, {"price": "0.08", "size": "850"}], "asks": [{"price": "0.99", "size": "7509.82"}, {"price": "0.98", "size": "1000"}, {"price": "0.97", "size": "10.23"}, {"price": "0.96", "size": "2000"}, {"price": "0.95", "size": "280"}, {"price": "0.94", "size": "33"}, {"price": "0.93", "size": "100"}, {"price": "0.91", "size": "900"}, {"price": "0.9", "size": "4003"}, {"price": "0.89", "size": "5.4"}, {"price": "0.86", "size": "242.85"}, {"price": "0.85", "size": "550"}, {"price": "0.81", "size": "168.42"}, {"price": "0.8", "size": "400"}, {"price": "0.79", "size": "810"}, {"price": "0.78", "size": "2008"}, {"price": "0.77", "size": "121.73"}, {"price": "0.73", "size": "250"}, {"price": "0.72", "size": "92.85"}, {"price": "0.67", "size": "72.72"}, {"price": "0.63", "size": "54.05"}, {"price": "0.62", "size": "1628"}, {"price": "0.61", "size": "380"}, {"price": "0.23", "size": "9.13"}, {"price": "0.12", "size": "300"}, {"price": "0.1", "size": "150.22"}, {"price": "0.09", "size": "102.67"}], "event_type": "book", "last_trade_price": "0.090"}]}
{"_local_timestamp": "2026-01-25T23:33:51.235131+00:00", "data": {"market": "0x5ae2789de1987f9725e8a98b0a590cb4e9bf778b5444c9ae7205c2f5a2a4de44", "price_changes": [{"asset_id": "42588817374350255174819336775326493408529088172554433048302066536138243596805", "price": "0.1", "size": "1000", "side": "BUY", "hash": "832047082d4b87d987d12ba36af1ded2556c19ac", "best_bid": "0.91", "best_ask": "0.92"}, {"asset_id": "46359198888085059339386074227770752989088144333736898490719631934988513190818", "price": "0.9", "size": "1000", "side": "SELL", "hash": "b6f0985b0f918665dc3a994389ab9493343366a5", "best_bid": "0.08", "best_ask": "0.09"}], "timestamp": "1769384031141", "event_type": "price_change"}}
{"_local_timestamp": "2026-01-25T23:33:51.375988+00:00", "data": {"market": "0x5ae2789de1987f9725e8a98b0a590cb4e9bf778b5444c9ae7205c2f5a2a4de44", "price_changes": [{"asset_id": "42588817374350255174819336775326493408529088172554433048302066536138243596805", "price": "0.1", "size": "4047", "side": "BUY", "hash": "7e63606caf6e76de60ad69bac30c6083e6de70d9", "best_bid": "0.91", "best_ask": "0.92"}, {"asset_id": "46359198888085059339386074227770752989088144333736898490719631934988513190818", "price": "0.9", "size": "4047", "side": "SELL", "hash": "7cf654dd92d4c576632b477da8a5cee708e52b30", "best_bid": "0.08", "best_ask": "0.09"}], "timestamp": "1769384031303", "event_type": "price_change"}}
{"_local_timestamp": "2026-01-25T23:34:18.656501+00:00", "data": {"market": "0x5ae2789de1987f9725e8a98b0a590cb4e9bf778b5444c9ae7205c2f5a2a4de44", "price_changes": [{"asset_id": "42588817374350255174819336775326493408529088172554433048302066536138243596805", "price": "0.36", "size": "5", "side": "BUY", "hash": "fde99a048971211732b85066a24b984b719b0b71", "best_bid": "0.91", "best_ask": "0.92"}, {"asset_id": "46359198888085059339386074227770752989088144333736898490719631934988513190818", "price": "0.64", "size": "5", "side": "SELL", "hash": "458d69fc404910e56286ee44e7ff60e17ad3e27b", "best_bid": "0.08", "best_ask": "0.09"}], "timestamp": "1769384058409", "event_type": "price_change"}}
{"_local_timestamp": "2026-01-25T23:34:20.046198+00:00", "data": {"market": "0x5ae2789de1987f9725e8a98b0a590cb4e9bf778b5444c9ae7205c2f5a2a4de44", "price_changes": [{"asset_id": "42588817374350255174819336775326493408529088172554433048302066536138243596805", "price": "0.22", "size": "100", "side": "BUY", "hash": "3e96bc04e27010e70b64a9bae53470c9e987a9e9", "best_bid": "0.91", "best_ask": "0.92"}, {"asset_id": "46359198888085059339386074227770752989088144333736898490719631934988513190818", "price": "0.78", "size": "100", "side": "SELL", "hash": "d0fbfb2f1a9eef82a4d1e8476241378e40ee66eb", "best_bid": "0.08", "best_ask": "0.09"}], "timestamp": "1769384059761", "event_type": "price_change"}}
{"_local_timestamp": "2026-01-25T23:34:25.268162+00:00", "data": {"market": "0x5ae2789de1987f9725e8a98b0a590cb4e9bf778b5444c9ae7205c2f5a2a4de44", "price_changes": [{"asset_id": "42588817374350255174819336775326493408529088172554433048302066536138243596805", "price": "0.28", "size": "1590.85", "side": "BUY", "hash": "3a6aaaef6043ac0e4e17f8d6161b1beabe65486d", "best_bid": "0.91", "best_ask": "0.92"}, {"asset_id": "46359198888085059339386074227770752989088144333736898490719631934988513190818", "price": "0.72", "size": "1590.85", "side": "SELL", "hash": "408716e9ad6c98012ac5cb9bbf676bbb9ef3d05b", "best_bid": "0.08", "best_ask": "0.09"}], "timestamp": "1769384065014", "event_type": "price_change"}}
{"_local_timestamp": "2026-01-25T23:35:01.955763+00:00", "data": {"market": "0x5ae2789de1987f9725e8a98b0a590cb4e9bf778b5444c9ae7205c2f5a2a4de44", "price_changes": [{"asset_id": "42588817374350255174819336775326493408529088172554433048302066536138243596805", "price": "0.9", "size": "200.22", "side": "BUY", "hash": "e81b43e6e8b4e66e09a58749f836d7fa21e6ea39", "best_bid": "0.91", "best_ask": "0.92"}, {"asset_id": "46359198888085059339386074227770752989088144333736898490719631934988513190818", "price": "0.1", "size": "200.22", "side": "SELL", "hash": "0ab46a1c7985aa27a6ce0f6c476b8402a5b94bea", "best_bid": "0.08", "best_ask": "0.09"}], "timestamp": "1769384101884", "event_type": "price_change"}}
{"_local_timestamp": "2026-01-25T23:35:01.963282+00:00", "data": {"market": "0x5ae2789de1987f9725e8a98b0a590cb4e9bf778b5444c9ae7205c2f5a2a4de44", "price_changes": [{"asset_id": "46359198888085059339386074227770752989088144333736898490719631934988513190818", "price": "0.07", "size": "297.22", "side": "BUY", "hash": "316c029139deb1b16103df989d3282e1bc63e225", "best_bid": "0.08", "best_ask": "0.09"}, {"asset_id": "42588817374350255174819336775326493408529088172554433048302066536138243596805", "price": "0.93", "size": "297.22", "side": "SELL", "hash": "51e7b934b5daf8682a1d16626d5e27318da82df4", "best_bid": "0.91", "best_ask": "0.92"}], "timestamp": "1769384101885", "event_type": "price_change"}}
{"_local_timestamp": "2026-01-25T23:35:11.182212+00:00", "data": {"market": "0x5ae2789de1987f9725e8a98b0a590cb4e9bf778b5444c9ae7205c2f5a2a4de44", "price_changes": [{"asset_id": "42588817374350255174819336775326493408529088172554433048302066536138243596805", "price": "0.36", "size": "0", "side": "BUY", "hash": "97c5ac5f19ab3458c3bc5d621bec821b2bb61ced", "best_bid": "0.91", "best_ask": "0.92"}, {"asset_id": "46359198888085059339386074227770752989088144333736898490719631934988513190818", "price": "0.64", "size": "0", "side": "SELL", "hash": "13b1ba053cffbece5779a1774b340cc82bd59ff4", "best_bid": "0.08", "best_ask": "0.09"}], "timestamp": "1769384111118", "event_type": "price_change"}}
{"_local_timestamp": "2026-01-25T23:35:11.665542+00:00", "data": {"market": "0x5ae2789de1987f9725e8a98b0a590cb4e9bf778b5444c9ae7205c2f5a2a4de44", "price_changes": [{"asset_id": "42588817374350255174819336775326493408529088172554433048302066536138243596805", "price": "0.36", "size": "5", "side": "BUY", "hash": "3471818469233701f8a853f380a8adcad599c68b", "best_bid": "0.91", "best_ask": "0.92"}, {"asset_id": "46359198888085059339386074227770752989088144333736898490719631934988513190818", "price": "0.64", "size": "5", "side": "SELL", "hash": "c118bbabbc9b1995b925f7d3a18ad3ebafd099bb", "best_bid": "0.08", "best_ask": "0.09"}], "timestamp": "1769384111597", "event_type": "price_change"}}
{"_local_timestamp": "2026-01-25T23:35:13.335128+00:00", "data": {"market": "0x5ae2789de1987f9725e8a98b0a590cb4e9bf778b5444c9ae7205c2f5a2a4de44", "price_changes": [{"asset_id": "42588817374350255174819336775326493408529088172554433048302066536138243596805", "price": "0.36", "size": "0", "side": "BUY", "hash": "cb6b3bcd2f00e83084d8cb37c15eeaca3589bbde", "best_bid": "0.91", "best_ask": "0.92"}, {"asset_id": "46359198888085059339386074227770752989088144333736898490719631934988513190818", "price": "0.64", "size": "0", "side": "SELL", "hash": "3e0a82b37da935e3f0ac092693a06f4e46816637", "best_bid": "0.08", "best_ask": "0.09"}], "timestamp": "1769384113223", "event_type": "price_change"}}
{"_local_timestamp": "2026-01-25T23:35:13.760985+00:00", "data": {"market": "0x5ae2789de1987f9725e8a98b0a590cb4e9bf778b5444c9ae7205c2f5a2a4de44", "price_changes": [{"asset_id": "42588817374350255174819336775326493408529088172554433048302066536138243596805", "price": "0.36", "size": "5", "side": "BUY", "hash": "585d599bbb9f5b32008c620629c0b6597f7c4fde", "best_bid": "0.91", "best_ask": "0.92"}, {"asset_id": "46359198888085059339386074227770752989088144333736898490719631934988513190818", "price": "0.64", "size": "5", "side": "SELL", "hash": "0934aff2e660c79854547553f74621f5ee50205f", "best_bid": "0.08", "best_ask": "0.09"}], "timestamp": "1769384113657", "event_type": "price_change"}}
{"_local_timestamp": "2026-01-25T23:35:16.071016+00:00", "data": {"market": "0x5ae2789de1987f9725e8a98b0a590cb4e9bf778b5444c9ae7205c2f5a2a4de44", "price_changes": [{"asset_id": "42588817374350255174819336775326493408529088172554433048302066536138243596805", "price": "0.36", "size": "0", "side": "BUY", "hash": "ed155949aec3aa4a92b47c85c2d70ffebb446faa", "best_bid": "0.91", "best_ask": "0.92"}, {"asset_id": "46359198888085059339386074227770752989088144333736898490719631934988513190818", "price": "0.64", "size": "0", "side": "SELL", "hash": "7ee81374a42b5a3a01280096836b2e3c9a722954", "best_bid": "0.08", "best_ask": "0.09"}], "timestamp": "1769384115991", "event_type": "price_change"}}
{"_local_timestamp": "2026-01-25T23:35:16.310993+00:00", "data": {"market": "0x5ae2789de1987f9725e8a98b0a590cb4e9bf778b5444c9ae7205c2f5a2a4de44", "price_changes": [{"asset_id": "42588817374350255174819336775326493408529088172554433048302066536138243596805", "price": "0.36", "size": "5", "side": "BUY", "hash": "971ca7854d7f80d34f544da97e0eba9831ffd075", "best_bid": "0.91", "best_ask": "0.92"}, {"asset_id": "46359198888085059339386074227770752989088144333736898490719631934988513190818", "price": "0.64", "size": "5", "side": "SELL", "hash": "0b26db8cd42a045f50a982ffb779c3cfff097d87", "best_bid": "0.08", "best_ask": "0.09"}], "timestamp": "1769384116243", "event_type": "price_change"}}
{"_local_timestamp": "2026-01-25T23:35:18.612416+00:00", "data": {"market": "0x5ae2789de1987f9725e8a98b0a590cb4e9bf778b5444c9ae7205c2f5a2a4de44", "price_changes": [{"asset_id": "42588817374350255174819336775326493408529088172554433048302066536138243596805", "price": "0.36", "size": "0", "side": "BUY", "hash": "3f528ff7afd414e52624e06131a67df8be862b7f", "best_bid": "0.91", "best_ask": "0.92"}, {"asset_id": "46359198888085059339386074227770752989088144333736898490719631934988513190818", "price": "0.64", "size": "0", "side": "SELL", "hash": "02aeee24ee7fced49c7bcfada11a9a7aa9f1d207", "best_bid": "0.08", "best_ask": "0.09"}], "timestamp": "1769384118545", "event_type": "price_change"}}
{"_local_timestamp": "2026-01-25T23:35:18.964569+00:00", "data": {"market": "0x5ae2789de1987f9725e8a98b0a590cb4e9bf778b5444c9ae7205c2f5a2a4de44", "price_changes": [{"asset_id": "42588817374350255174819336775326493408529088172554433048302066536138243596805", "price": "0.36", "size": "5", "side": "BUY", "hash": "1a403bb7cc96883f6477d2cf23b87906244a842d", "best_bid": "0.91", "best_ask": "0.92"}, {"asset_id": "46359198888085059339386074227770752989088144333736898490719631934988513190818", "price": "0.64", "size": "5", "side": "SELL", "hash": "236c2ccbd916ea75e98bb2a60d55be7ba8893ade", "best_bid": "0.08", "best_ask": "0.09"}], "timestamp": "1769384118893", "event_type": "price_change"}}
{"_local_timestamp": "2026-01-25T23:35:21.901105+00:00", "data": {"market": "0x5ae2789de1987f9725e8a98b0a590cb4e9bf778b5444c9ae7205c2f5a2a4de44", "price_changes": [{"asset_id": "42588817374350255174819336775326493408529088172554433048302066536138243596805", "price": "0.36", "size": "0", "side": "BUY", "hash": "8ce3dc2a878889ff67ec58080a3659ccae1a15cd", "best_bid": "0.91", "best_ask": "0.92"}, {"asset_id": "46359198888085059339386074227770752989088144333736898490719631934988513190818", "price": "0.64", "size": "0", "side": "SELL", "hash": "adff96698724340d869d5deea26410fbf65af018", "best_bid": "0.08", "best_ask": "0.09"}], "timestamp": "1769384121834", "event_type": "price_change"}}
{"_local_timestamp": "2026-01-25T23:35:22.154678+00:00", "data": {"market": "0x5ae2789de1987f9725e8a98b0a590cb4e9bf778b5444c9ae7205c2f5a2a4de44", "price_changes": [{"asset_id": "42588817374350255174819336775326493408529088172554433048302066536138243596805", "price": "0.36", "size": "5", "side": "BUY", "hash": "3008a3f9b6c4330c13e07608c2a9fe95138d51ce", "best_bid": "0.91", "best_ask": "0.92"}, {"asset_id": "46359198888085059339386074227770752989088144333736898490719631934988513190818", "price": "0.64", "size": "5", "side": "SELL", "hash": "6a4e57899bab85e0c6df29a9d4fd3b43dbff3c7d", "best_bid": "0.08", "best_ask": "0.09"}], "timestamp": "1769384122064", "event_type": "price_change"}}
{"_local_timestamp": "2026-01-25T23:35:23.778505+00:00", "data": {"market": "0x5ae2789de1987f9725e8a98b0a590cb4e9bf778b5444c9ae7205c2f5a2a4de44", "price_changes": [{"asset_id": "42588817374350255174819336775326493408529088172554433048302066536138243596805", "price": "0.27", "size": "200", "side": "BUY", "hash": "ab8b0b28b4ab6b751a2cbbcd5b731d2e7b7ba130", "best_bid": "0.91", "best_ask": "0.92"}, {"asset_id": "46359198888085059339386074227770752989088144333736898490719631934988513190818", "price": "0.73", "size": "200", "side": "SELL", "hash": "da354f5b5ebe934554e64a80268c39c53d71745c", "best_bid": "0.08", "best_ask": "0.09"}], "timestamp": "1769384123673", "event_type": "price_change"}}
{"_local_timestamp": "2026-01-25T23:35:23.779034+00:00", "data": {"market": "0x5ae2789de1987f9725e8a98b0a590cb4e9bf778b5444c9ae7205c2f5a2a4de44", "price_changes": [{"asset_id": "42588817374350255174819336775326493408529088172554433048302066536138243596805", "price": "0.22", "size": "0", "side": "BUY", "hash": "ab8b0b28b4ab6b751a2cbbcd5b731d2e7b7ba130", "best_bid": "0.91", "best_ask": "0.92"}, {"asset_id": "46359198888085059339386074227770752989088144333736898490719631934988513190818", "price": "0.78", "size": "0", "side": "SELL", "hash": "da354f5b5ebe934554e64a80268c39c53d71745c", "best_bid": "0.08", "best_ask": "0.09"}], "timestamp": "1769384123673", "event_type": "price_change"}}
{"_local_timestamp": "2026-01-25T23:35:24.223423+00:00", "data": {"market": "0x5ae2789de1987f9725e8a98b0a590cb4e9bf778b5444c9ae7205c2f5a2a4de44", "price_changes": [{"asset_id": "42588817374350255174819336775326493408529088172554433048302066536138243596805", "price": "0.21", "size": "910", "side": "BUY", "hash": "f6535bbeed9e55917e9d38cf998a3f83bb6bd17b", "best_bid": "0.91", "best_ask": "0.92"}, {"asset_id": "46359198888085059339386074227770752989088144333736898490719631934988513190818", "price": "0.79", "size": "910", "side": "SELL", "hash": "82cf9811da9a56abadbaa4dd49564082c4023eae", "best_bid": "0.08", "best_ask": "0.09"}], "timestamp": "1769384123939", "event_type": "price_change"}}
{"_local_timestamp": "2026-01-25T23:35:24.318642+00:00", "data": {"market": "0x5ae2789de1987f9725e8a98b0a590cb4e9bf778b5444c9ae7205c2f5a2a4de44", "price_changes": [{"asset_id": "42588817374350255174819336775326493408529088172554433048302066536138243596805", "price": "0.28", "size": "1640.85", "side": "BUY", "hash": "b564191e38d1d908261a04455de40a35b7d6ff69", "best_bid": "0.91", "best_ask": "0.92"}, {"asset_id": "46359198888085059339386074227770752989088144333736898490719631934988513190818", "price": "0.72", "size": "1640.85", "side": "SELL", "hash": "78a1e6500869e965de134ffacea9bd972266e173", "best_bid": "0.08", "best_ask": "0.09"}], "timestamp": "1769384124057", "event_type": "price_change"}}
{"_local_timestamp": "2026-01-25T23:35:24.319090+00:00", "data": {"market": "0x5ae2789de1987f9725e8a98b0a590cb4e9bf778b5444c9ae7205c2f5a2a4de44", "price_changes": [{"asset_id": "42588817374350255174819336775326493408529088172554433048302066536138243596805", "price": "0.36", "size": "0", "side": "BUY", "hash": "1ef3881e8c7d03e97f97fecba87d0881f9d81074", "best_bid": "0.91", "best_ask": "0.92"}, {"asset_id": "46359198888085059339386074227770752989088144333736898490719631934988513190818", "price": "0.64", "size": "0", "side": "SELL", "hash": "cb6aa78be443be335f4b9f452706de97632315c1", "best_bid": "0.08", "best_ask": "0.09"}], "timestamp": "1769384124097", "event_type": "price_change"}}
{"_local_timestamp": "2026-01-25T23:35:24.542538+00:00", "data": {"market": "0x5ae2789de1987f9725e8a98b0a590cb4e9bf778b5444c9ae7205c2f5a2a4de44", "price_changes": [{"asset_id": "42588817374350255174819336775326493408529088172554433048302066536138243596805", "price": "0.36", "size": "5", "side": "BUY", "hash": "f9803046157af4af2da87a0a838ba3076a6f527c", "best_bid": "0.91", "best_ask": "0.92"}, {"asset_id": "46359198888085059339386074227770752989088144333736898490719631934988513190818", "price": "0.64", "size": "5", "side": "SELL", "hash": "be9ca949c6ebabd88273a658310b7c1f1099265c", "best_bid": "0.08", "best_ask": "0.09"}], "timestamp": "1769384124323", "event_type": "price_change"}}
{"_local_timestamp": "2026-01-25T23:35:25.664162+00:00", "data": {"market": "0x5ae2789de1987f9725e8a98b0a590cb4e9bf778b5444c9ae7205c2f5a2a4de44", "price_changes": [{"asset_id": "42588817374350255174819336775326493408529088172554433048302066536138243596805", "price": "0.36", "size": "0", "side": "BUY", "hash": "9e6e0310938fbc01703ad87dc5b416f683d586a8", "best_bid": "0.91", "best_ask": "0.92"}, {"asset_id": "46359198888085059339386074227770752989088144333736898490719631934988513190818", "price": "0.64", "size": "0", "side": "SELL", "hash": "1c00e0d8a51b5c0fa1d665dbbf1ed23c2aeee309", "best_bid": "0.08", "best_ask": "0.09"}], "timestamp": "1769384125596", "event_type": "price_change"}}
{"_local_timestamp": "2026-01-25T23:35:26.038795+00:00", "data": {"market": "0x5ae2789de1987f9725e8a98b0a590cb4e9bf778b5444c9ae7205c2f5a2a4de44", "price_changes": [{"asset_id": "42588817374350255174819336775326493408529088172554433048302066536138243596805", "price": "0.36", "size": "5", "side": "BUY", "hash": "c65cb278db254086fc89ed045b1369f9c88f6f7b", "best_bid": "0.91", "best_ask": "0.92"}, {"asset_id": "46359198888085059339386074227770752989088144333736898490719631934988513190818", "price": "0.64", "size": "5", "side": "SELL", "hash": "c22114d68bffcebdfada4023d5088b2e703a92b4", "best_bid": "0.08", "best_ask": "0.09"}], "timestamp": "1769384125951", "event_type": "price_change"}}
{"_local_timestamp": "2026-01-25T23:35:26.772674+00:00", "data": {"market": "0x5ae2789de1987f9725e8a98b0a590cb4e9bf778b5444c9ae7205c2f5a2a4de44", "price_changes": [{"asset_id": "42588817374350255174819336775326493408529088172554433048302066536138243596805", "price": "0.27", "size": "150", "side": "BUY", "hash": "b4f70f3db8a8ae3e23b103ea1dba6eb7e73bd8f3", "best_bid": "0.91", "best_ask": "0.92"}, {"asset_id": "46359198888085059339386074227770752989088144333736898490719631934988513190818", "price": "0.73", "size": "150", "side": "SELL", "hash": "f63a427df8985603790dc6e43b33de005d78b760", "best_bid": "0.08", "best_ask": "0.09"}], "timestamp": "1769384126581", "event_type": "price_change"}}
{"_local_timestamp": "2026-01-25T23:35:27.072794+00:00", "data": {"market": "0x5ae2789de1987f9725e8a98b0a590cb4e9bf778b5444c9ae7205c2f5a2a4de44", "price_changes": [{"asset_id": "42588817374350255174819336775326493408529088172554433048302066536138243596805", "price": "0.22", "size": "50", "side": "BUY", "hash": "bd451d8b395455ab00ae72cd6b2d3a3db854badc", "best_bid": "0.91", "best_ask": "0.92"}, {"asset_id": "46359198888085059339386074227770752989088144333736898490719631934988513190818", "price": "0.78", "size": "50", "side": "SELL", "hash": "61d7c5be020c34cec47cb9d6f80345d061c6bb9a", "best_bid": "0.08", "best_ask": "0.09"}], "timestamp": "1769384126897", "event_type": "price_change"}}
{"_local_timestamp": "2026-01-25T23:35:28.515541+00:00", "data": {"market": "0x5ae2789de1987f9725e8a98b0a590cb4e9bf778b5444c9ae7205c2f5a2a4de44", "price_changes": [{"asset_id": "42588817374350255174819336775326493408529088172554433048302066536138243596805", "price": "0.36", "size": "0", "side": "BUY", "hash": "25e7a705ee95995954c67ce80aa27a79ae9bb3b6", "best_bid": "0.91", "best_ask": "0.92"}, {"asset_id": "46359198888085059339386074227770752989088144333736898490719631934988513190818", "price": "0.64", "size": "0", "side": "SELL", "hash": "14d376bb06e623971416f39b51efa46948782216", "best_bid": "0.08", "best_ask": "0.09"}], "timestamp": "1769384128448", "event_type": "price_change"}}
{"_local_timestamp": "2026-01-25T23:35:28.957569+00:00", "data": {"market": "0x5ae2789de1987f9725e8a98b0a590cb4e9bf778b5444c9ae7205c2f5a2a4de44", "price_changes": [{"asset_id": "42588817374350255174819336775326493408529088172554433048302066536138243596805", "price": "0.36", "size": "5", "side": "BUY", "hash": "2d0b2c981d983517e18b58d762365757a258fa57", "best_bid": "0.91", "best_ask": "0.92"}, {"asset_id": "46359198888085059339386074227770752989088144333736898490719631934988513190818", "price": "0.64", "size": "5", "side": "SELL", "hash": "c83b3bb8ec25b516f28ab57e606a1dd42c0d88e2", "best_bid": "0.08", "best_ask": "0.09"}], "timestamp": "1769384128880", "event_type": "price_change"}}
{"_local_timestamp": "2026-01-25T23:35:30.671439+00:00", "data": {"market": "0x5ae2789de1987f9725e8a98b0a590cb4e9bf778b5444c9ae7205c2f5a2a4de44", "price_changes": [{"asset_id": "42588817374350255174819336775326493408529088172554433048302066536138243596805", "price": "0.36", "size": "0", "side": "BUY", "hash": "263dee37d4c64c23967949c64b48553c37a1f17b", "best_bid": "0.91", "best_ask": "0.92"}, {"asset_id": "46359198888085059339386074227770752989088144333736898490719631934988513190818", "price": "0.64", "size": "0", "side": "SELL", "hash": "371add6c8253c664e898293f4ba180dc05dacf9a", "best_bid": "0.08", "best_ask": "0.09"}], "timestamp": "1769384130593", "event_type": "price_change"}}
{"_local_timestamp": "2026-01-25T23:35:30.860439+00:00", "data": {"market": "0x5ae2789de1987f9725e8a98b0a590cb4e9bf778b5444c9ae7205c2f5a2a4de44", "price_changes": [{"asset_id": "42588817374350255174819336775326493408529088172554433048302066536138243596805", "price": "0.36", "size": "5", "side": "BUY", "hash": "e6cf9f4a20d2bd1907c6efb0b2f8225e4f586fae", "best_bid": "0.91", "best_ask": "0.92"}, {"asset_id": "46359198888085059339386074227770752989088144333736898490719631934988513190818", "price": "0.64", "size": "5", "side": "SELL", "hash": "a078a95353c67180d4d73ea8950b8e94c116d6e3", "best_bid": "0.08", "best_ask": "0.09"}], "timestamp": "1769384130787", "event_type": "price_change"}}
{"_local_timestamp": "2026-01-25T23:35:32.791370+00:00", "data": {"market": "0x5ae2789de1987f9725e8a98b0a590cb4e9bf778b5444c9ae7205c2f5a2a4de44", "price_changes": [{"asset_id": "42588817374350255174819336775326493408529088172554433048302066536138243596805", "price": "0.36", "size": "0", "side": "BUY", "hash": "c2079895d4fe3148b13a96d6849834438c39e111", "best_bid": "0.91", "best_ask": "0.92"}, {"asset_id": "46359198888085059339386074227770752989088144333736898490719631934988513190818", "price": "0.64", "size": "0", "side": "SELL", "hash": "8cd980384e3800c4961a4386d68cbe6d4d5e68bf", "best_bid": "0.08", "best_ask": "0.09"}], "timestamp": "1769384132728", "event_type": "price_change"}}
{"_local_timestamp": "2026-01-25T23:35:32.973052+00:00", "data": {"market": "0x5ae2789de1987f9725e8a98b0a590cb4e9bf778b5444c9ae7205c2f5a2a4de44", "price_changes": [{"asset_id": "42588817374350255174819336775326493408529088172554433048302066536138243596805", "price": "0.36", "size": "5", "side": "BUY", "hash": "d918825d08db5d0772ed7601301a637eed92ed26", "best_bid": "0.91", "best_ask": "0.92"}, {"asset_id": "46359198888085059339386074227770752989088144333736898490719631934988513190818", "price": "0.64", "size": "5", "side": "SELL", "hash": "6c5cbcaf5155624aa7e2ee83beeece4dc1c80e0c", "best_bid": "0.08", "best_ask": "0.09"}], "timestamp": "1769384132902", "event_type": "price_change"}}
{"_local_timestamp": "2026-01-25T23:35:34.651068+00:00", "data": {"market": "0x5ae2789de1987f9725e8a98b0a590cb4e9bf778b5444c9ae7205c2f5a2a4de44", "price_changes": [{"asset_id": "42588817374350255174819336775326493408529088172554433048302066536138243596805", "price": "0.36", "size": "0", "side": "BUY", "hash": "4189149226d78f8060c576c6506bcee46e5548bf", "best_bid": "0.91", "best_ask": "0.92"}, {"asset_id": "46359198888085059339386074227770752989088144333736898490719631934988513190818", "price": "0.64", "size": "0", "side": "SELL", "hash": "c16f91db7186fcedd79a2dbfb59a17576c8a6bc2", "best_bid": "0.08", "best_ask": "0.09"}], "timestamp": "1769384134585", "event_type": "price_change"}}
{"_local_timestamp": "2026-01-25T23:35:34.984561+00:00", "data": {"market": "0x5ae2789de1987f9725e8a98b0a590cb4e9bf778b5444c9ae7205c2f5a2a4de44", "price_changes": [{"asset_id": "42588817374350255174819336775326493408529088172554433048302066536138243596805", "price": "0.36", "size": "5", "side": "BUY", "hash": "a3a692816d2607501b8e2b3d5a212746f6fb6f44", "best_bid": "0.91", "best_ask": "0.92"}, {"asset_id": "46359198888085059339386074227770752989088144333736898490719631934988513190818", "price": "0.64", "size": "5", "side": "SELL", "hash": "236bad015b090ccc2432ac9580aaa35369ea9e88", "best_bid": "0.08", "best_ask": "0.09"}], "timestamp": "1769384134910", "event_type": "price_change"}}
{"_local_timestamp": "2026-01-25T23:35:37.402596+00:00", "data": {"market": "0x5ae2789de1987f9725e8a98b0a590cb4e9bf778b5444c9ae7205c2f5a2a4de44", "price_changes": [{"asset_id": "42588817374350255174819336775326493408529088172554433048302066536138243596805", "price": "0.36", "size": "0", "side": "BUY", "hash": "a7e813a616143dca95067a2b31988561273cc202", "best_bid": "0.91", "best_ask": "0.92"}, {"asset_id": "46359198888085059339386074227770752989088144333736898490719631934988513190818", "price": "0.64", "size": "0", "side": "SELL", "hash": "990e9c2c2d2fcb0fef52d9549bca6333b40eff46", "best_bid": "0.08", "best_ask": "0.09"}], "timestamp": "1769384137338", "event_type": "price_change"}}
{"_local_timestamp": "2026-01-25T23:35:37.835209+00:00", "data": {"market": "0x5ae2789de1987f9725e8a98b0a590cb4e9bf778b5444c9ae7205c2f5a2a4de44", "price_changes": [{"asset_id": "42588817374350255174819336775326493408529088172554433048302066536138243596805", "price": "0.36", "size": "5", "side": "BUY", "hash": "3618f2ace48a3ef4a3ca4b8fb0c192cb89df0819", "best_bid": "0.91", "best_ask": "0.92"}, {"asset_id": "46359198888085059339386074227770752989088144333736898490719631934988513190818", "price": "0.64", "size": "5", "side": "SELL", "hash": "8748826a281effc18d68fb9264ce48ba51e6db45", "best_bid": "0.08", "best_ask": "0.09"}], "timestamp": "1769384137742", "event_type": "price_change"}}
{"_local_timestamp": "2026-01-25T23:35:39.086751+00:00", "data": {"market": "0x5ae2789de1987f9725e8a98b0a590cb4e9bf778b5444c9ae7205c2f5a2a4de44", "price_changes": [{"asset_id": "42588817374350255174819336775326493408529088172554433048302066536138243596805", "price": "0.36", "size": "0", "side": "BUY", "hash": "ec7f8a0d87abf9be60e60936b915e9a0d9358df8", "best_bid": "0.91", "best_ask": "0.92"}, {"asset_id": "46359198888085059339386074227770752989088144333736898490719631934988513190818", "price": "0.64", "size": "0", "side": "SELL", "hash": "3faf3dd8325948e2819e5eb92b4cc1b2805a8f11", "best_bid": "0.08", "best_ask": "0.09"}], "timestamp": "1769384138999", "event_type": "price_change"}}
{"_local_timestamp": "2026-01-25T23:35:39.494171+00:00", "data": {"market": "0x5ae2789de1987f9725e8a98b0a590cb4e9bf778b5444c9ae7205c2f5a2a4de44", "price_changes": [{"asset_id": "42588817374350255174819336775326493408529088172554433048302066536138243596805", "price": "0.36", "size": "5", "side": "BUY", "hash": "518ee408e8a26defb65a49602e91cf1b72870db2", "best_bid": "0.91", "best_ask": "0.92"}, {"asset_id": "46359198888085059339386074227770752989088144333736898490719631934988513190818", "price": "0.64", "size": "5", "side": "SELL", "hash": "911080ee8ebac822103667620d849fd7d70aa343", "best_bid": "0.08", "best_ask": "0.09"}], "timestamp": "1769384139395", "event_type": "price_change"}}
{"_local_timestamp": "2026-01-25T23:35:41.599440+00:00", "data": {"market": "0x5ae2789de1987f9725e8a98b0a590cb4e9bf778b5444c9ae7205c2f5a2a4de44", "price_changes": [{"asset_id": "42588817374350255174819336775326493408529088172554433048302066536138243596805", "price": "0.36", "size": "0", "side": "BUY", "hash": "661468610336d54f31faf595b29badddfc963f88", "best_bid": "0.91", "best_ask": "0.92"}, {"asset_id": "46359198888085059339386074227770752989088144333736898490719631934988513190818", "price": "0.64", "size": "0", "side": "SELL", "hash": "1c5fc757a76351bc68e715bda5e3e179f47d8408", "best_bid": "0.08", "best_ask": "0.09"}], "timestamp": "1769384141527", "event_type": "price_change"}}
{"_local_timestamp": "2026-01-25T23:35:41.914319+00:00", "data": {"market": "0x5ae2789de1987f9725e8a98b0a590cb4e9bf778b5444c9ae7205c2f5a2a4de44", "price_changes": [{"asset_id": "42588817374350255174819336775326493408529088172554433048302066536138243596805", "price": "0.36", "size": "5", "side": "BUY", "hash": "620cb7895f08e2f73fd8b8ed8ad88300ec146dc8", "best_bid": "0.91", "best_ask": "0.92"}, {"asset_id": "46359198888085059339386074227770752989088144333736898490719631934988513190818", "price": "0.64", "size": "5", "side": "SELL", "hash": "c7c072ae2bfb94f53d6667a04d15117849564e41", "best_bid": "0.08", "best_ask": "0.09"}], "timestamp": "1769384141849", "event_type": "price_change"}}
{"_local_timestamp": "2026-01-25T23:35:44.234920+00:00", "data": {"market": "0x5ae2789de1987f9725e8a98b0a590cb4e9bf778b5444c9ae7205c2f5a2a4de44", "price_changes": [{"asset_id": "42588817374350255174819336775326493408529088172554433048302066536138243596805", "price": "0.36", "size": "0", "side": "BUY", "hash": "9cfe0d341bd6d4dbd796b126382978b06d31ddff", "best_bid": "0.91", "best_ask": "0.92"}, {"asset_id": "46359198888085059339386074227770752989088144333736898490719631934988513190818", "price": "0.64", "size": "0", "side": "SELL", "hash": "e64f156171ebcd718c20bdfa968ae07aab9ab83d", "best_bid": "0.08", "best_ask": "0.09"}], "timestamp": "1769384144164", "event_type": "price_change"}}
{"_local_timestamp": "2026-01-25T23:35:44.722349+00:00", "data": {"market": "0x5ae2789de1987f9725e8a98b0a590cb4e9bf778b5444c9ae7205c2f5a2a4de44", "price_changes": [{"asset_id": "42588817374350255174819336775326493408529088172554433048302066536138243596805", "price": "0.36", "size": "5", "side": "BUY", "hash": "f1926611118ed9b23b47a36e554063e682194677", "best_bid": "0.91", "best_ask": "0.92"}, {"asset_id": "46359198888085059339386074227770752989088144333736898490719631934988513190818", "price": "0.64", "size": "5", "side": "SELL", "hash": "8c97f8b07e16a364a36720b8e29803a2fdb990b3", "best_bid": "0.08", "best_ask": "0.09"}], "timestamp": "1769384144641", "event_type": "price_change"}}
{"_local_timestamp": "2026-01-25T23:35:46.159169+00:00", "data": {"market": "0x5ae2789de1987f9725e8a98b0a590cb4e9bf778b5444c9ae7205c2f5a2a4de44", "price_changes": [{"asset_id": "42588817374350255174819336775326493408529088172554433048302066536138243596805", "price": "0.36", "size": "0", "side": "BUY", "hash": "6bf672ffaec5cbdbf6c70eb0558feaefe10f06ec", "best_bid": "0.91", "best_ask": "0.92"}, {"asset_id": "46359198888085059339386074227770752989088144333736898490719631934988513190818", "price": "0.64", "size": "0", "side": "SELL", "hash": "4882ef2d422af491e0f774cccc6e6bbd8cad2646", "best_bid": "0.08", "best_ask": "0.09"}], "timestamp": "1769384146092", "event_type": "price_change"}}
{"_local_timestamp": "2026-01-25T23:35:46.470774+00:00", "data": {"market": "0x5ae2789de1987f9725e8a98b0a590cb4e9bf778b5444c9ae7205c2f5a2a4de44", "price_changes": [{"asset_id": "42588817374350255174819336775326493408529088172554433048302066536138243596805", "price": "0.36", "size": "5", "side": "BUY", "hash": "7522c688b5e92fa5679b70e8df679c328dc64da3", "best_bid": "0.91", "best_ask": "0.92"}, {"asset_id": "46359198888085059339386074227770752989088144333736898490719631934988513190818", "price": "0.64", "size": "5", "side": "SELL", "hash": "d28297063b4b6f0674938d2869605666434e8fcc", "best_bid": "0.08", "best_ask": "0.09"}], "timestamp": "1769384146401", "event_type": "price_change"}}
{"_local_timestamp": "2026-01-25T23:35:48.318597+00:00", "data": {"market": "0x5ae2789de1987f9725e8a98b0a590cb4e9bf778b5444c9ae7205c2f5a2a4de44", "price_changes": [{"asset_id": "42588817374350255174819336775326493408529088172554433048302066536138243596805", "price": "0.36", "size": "0", "side": "BUY", "hash": "f00fe0c48088afed906df581d6ce42751ec4cf2d", "best_bid": "0.91", "best_ask": "0.92"}, {"asset_id": "46359198888085059339386074227770752989088144333736898490719631934988513190818", "price": "0.64", "size": "0", "side": "SELL", "hash": "b6542ed3e9db4ec1131f04bcb1bb38bbbadcc3f4", "best_bid": "0.08", "best_ask": "0.09"}], "timestamp": "1769384148242", "event_type": "price_change"}}
{"_local_timestamp": "2026-01-25T23:35:48.671758+00:00", "data": {"market": "0x5ae2789de1987f9725e8a98b0a590cb4e9bf778b5444c9ae7205c2f5a2a4de44", "price_changes": [{"asset_id": "42588817374350255174819336775326493408529088172554433048302066536138243596805", "price": "0.36", "size": "5", "side": "BUY", "hash": "6571bf60aaa32a0f05e58b82ac1cf1efc84441fb", "best_bid": "0.91", "best_ask": "0.92"}, {"asset_id": "46359198888085059339386074227770752989088144333736898490719631934988513190818", "price": "0.64", "size": "5", "side": "SELL", "hash": "6e7d03a1d81b7a1d62c742190510b367583809f5", "best_bid": "0.08", "best_ask": "0.09"}], "timestamp": "1769384148603", "event_type": "price_change"}}
{"_local_timestamp": "2026-01-25T23:35:50.619447+00:00", "data": {"market": "0x5ae2789de1987f9725e8a98b0a590cb4e9bf778b5444c9ae7205c2f5a2a4de44", "price_changes": [{"asset_id": "42588817374350255174819336775326493408529088172554433048302066536138243596805", "price": "0.36", "size": "0", "side": "BUY", "hash": "0b7959df90f9929e161b960e92fcd29f8f5f55d5", "best_bid": "0.91", "best_ask": "0.92"}, {"asset_id": "46359198888085059339386074227770752989088144333736898490719631934988513190818", "price": "0.64", "size": "0", "side": "SELL", "hash": "934e5d10f015775b174cd93a8bb0a989a00445ec", "best_bid": "0.08", "best_ask": "0.09"}], "timestamp": "1769384150549", "event_type": "price_change"}}
{"_local_timestamp": "2026-01-25T23:35:51.047726+00:00", "data": {"market": "0x5ae2789de1987f9725e8a98b0a590cb4e9bf778b5444c9ae7205c2f5a2a4de44", "price_changes": [{"asset_id": "42588817374350255174819336775326493408529088172554433048302066536138243596805", "price": "0.36", "size": "5", "side": "BUY", "hash": "839f42086010feebebc396066dbfdef5417a5a71", "best_bid": "0.91", "best_ask": "0.92"}, {"asset_id": "46359198888085059339386074227770752989088144333736898490719631934988513190818", "price": "0.64", "size": "5", "side": "SELL", "hash": "f809bff84d15443c833e3b283a57f6f235f3f2c9", "best_bid": "0.08", "best_ask": "0.09"}], "timestamp": "1769384150978", "event_type": "price_change"}}
{"_local_timestamp": "2026-01-25T23:35:52.978951+00:00", "data": {"market": "0x5ae2789de1987f9725e8a98b0a590cb4e9bf778b5444c9ae7205c2f5a2a4de44", "price_changes": [{"asset_id": "42588817374350255174819336775326493408529088172554433048302066536138243596805", "price": "0.36", "size": "0", "side": "BUY", "hash": "c50bf9fbf56c5b26026d1669a6fd995c99a41ded", "best_bid": "0.91", "best_ask": "0.92"}, {"asset_id": "46359198888085059339386074227770752989088144333736898490719631934988513190818", "price": "0.64", "size": "0", "side": "SELL", "hash": "ce2a09a8f0d387dc564ad3e58ac1c19084990a55", "best_bid": "0.08", "best_ask": "0.09"}], "timestamp": "1769384152915", "event_type": "price_change"}}
{"_local_timestamp": "2026-01-25T23:35:53.363326+00:00", "data": {"market": "0x5ae2789de1987f9725e8a98b0a590cb4e9bf778b5444c9ae7205c2f5a2a4de44", "price_changes": [{"asset_id": "42588817374350255174819336775326493408529088172554433048302066536138243596805", "price": "0.36", "size": "5", "side": "BUY", "hash": "a6f927b8158f42431e5d683d56eaabf35574f7fc", "best_bid": "0.91", "best_ask": "0.92"}, {"asset_id": "46359198888085059339386074227770752989088144333736898490719631934988513190818", "price": "0.64", "size": "5", "side": "SELL", "hash": "7fcfe9f9bc93ee44d9de1c540494da5e3442189d", "best_bid": "0.08", "best_ask": "0.09"}], "timestamp": "1769384153296", "event_type": "price_change"}}
{"_local_timestamp": "2026-01-25T23:35:54.272505+00:00", "data": {"market": "0x5ae2789de1987f9725e8a98b0a590cb4e9bf778b5444c9ae7205c2f5a2a4de44", "price_changes": [{"asset_id": "42588817374350255174819336775326493408529088172554433048302066536138243596805", "price": "0.36", "size": "0", "side": "BUY", "hash": "6fd7696a95b1d606ea8384057875c4aead919bd0", "best_bid": "0.91", "best_ask": "0.92"}, {"asset_id": "46359198888085059339386074227770752989088144333736898490719631934988513190818", "price": "0.64", "size": "0", "side": "SELL", "hash": "8d639324c19982496ab5fca134a6cd1744490147", "best_bid": "0.08", "best_ask": "0.09"}], "timestamp": "1769384154190", "event_type": "price_change"}}
{"_local_timestamp": "2026-01-25T23:35:54.561992+00:00", "data": {"market": "0x5ae2789de1987f9725e8a98b0a590cb4e9bf778b5444c9ae7205c2f5a2a4de44", "price_changes": [{"asset_id": "42588817374350255174819336775326493408529088172554433048302066536138243596805", "price": "0.36", "size": "5", "side": "BUY", "hash": "c9c343e816450edab2652de9b7230d50f830e0ae", "best_bid": "0.91", "best_ask": "0.92"}, {"asset_id": "46359198888085059339386074227770752989088144333736898490719631934988513190818", "price": "0.64", "size": "5", "side": "SELL", "hash": "419e8f2d041381a7a5f26b4725af4bd5ae246fe3", "best_bid": "0.08", "best_ask": "0.09"}], "timestamp": "1769384154495", "event_type": "price_change"}}
{"_local_timestamp": "2026-01-25T23:35:56.290901+00:00", "data": {"market": "0x5ae2789de1987f9725e8a98b0a590cb4e9bf778b5444c9ae7205c2f5a2a4de44", "price_changes": [{"asset_id": "42588817374350255174819336775326493408529088172554433048302066536138243596805", "price": "0.36", "size": "0", "side": "BUY", "hash": "a2a928cbf51412cdb77c547d7584a655104aca0e", "best_bid": "0.91", "best_ask": "0.92"}, {"asset_id": "46359198888085059339386074227770752989088144333736898490719631934988513190818", "price": "0.64", "size": "0", "side": "SELL", "hash": "8947ec8e0644e8925707fd686e557445144bdd7b", "best_bid": "0.08", "best_ask": "0.09"}], "timestamp": "1769384156225", "event_type": "price_change"}}
{"_local_timestamp": "2026-01-25T23:35:56.476492+00:00", "data": {"market": "0x5ae2789de1987f9725e8a98b0a590cb4e9bf778b5444c9ae7205c2f5a2a4de44", "price_changes": [{"asset_id": "42588817374350255174819336775326493408529088172554433048302066536138243596805", "price": "0.21", "size": "860", "side": "BUY", "hash": "81ed6cc5febc2c926122d88ab897dca6cba01200", "best_bid": "0.91", "best_ask": "0.92"}, {"asset_id": "46359198888085059339386074227770752989088144333736898490719631934988513190818", "price": "0.79", "size": "860", "side": "SELL", "hash": "b77c191690c209d225b14bfcdb455f7dd27ae1cc", "best_bid": "0.08", "best_ask": "0.09"}], "timestamp": "1769384156307", "event_type": "price_change"}}
{"_local_timestamp": "2026-01-25T23:35:56.704715+00:00", "data": {"market": "0x5ae2789de1987f9725e8a98b0a590cb4e9bf778b5444c9ae7205c2f5a2a4de44", "price_changes": [{"asset_id": "42588817374350255174819336775326493408529088172554433048302066536138243596805", "price": "0.36", "size": "5", "side": "BUY", "hash": "66237f5147eb8e551153e783451d233d52d579c3", "best_bid": "0.91", "best_ask": "0.92"}, {"asset_id": "46359198888085059339386074227770752989088144333736898490719631934988513190818", "price": "0.64", "size": "5", "side": "SELL", "hash": "a707fab842ec803427b81f63adb700de8c0fbbd2", "best_bid": "0.08", "best_ask": "0.09"}], "timestamp": "1769384156636", "event_type": "price_change"}}
{"_local_timestamp": "2026-01-25T23:35:56.848403+00:00", "data": {"market": "0x5ae2789de1987f9725e8a98b0a590cb4e9bf778b5444c9ae7205c2f5a2a4de44", "price_changes": [{"asset_id": "42588817374350255174819336775326493408529088172554433048302066536138243596805", "price": "0.22", "size": "100", "side": "BUY", "hash": "df4ac9b3185a5e124774e7e8302cff6a06faecb3", "best_bid": "0.91", "best_ask": "0.92"}, {"asset_id": "46359198888085059339386074227770752989088144333736898490719631934988513190818", "price": "0.78", "size": "100", "side": "SELL", "hash": "e66bc4b38974d4597a9e3f8b418cd8aa87bd73fc", "best_bid": "0.08", "best_ask": "0.09"}], "timestamp": "1769384156722", "event_type": "price_change"}}
{"_local_timestamp": "2026-01-25T23:35:57.909001+00:00", "data": {"market": "0x5ae2789de1987f9725e8a98b0a590cb4e9bf778b5444c9ae7205c2f5a2a4de44", "price_changes": [{"asset_id": "42588817374350255174819336775326493408529088172554433048302066536138243596805", "price": "0.36", "size": "0", "side": "BUY", "hash": "707f44a14560b263d250b99cdd73a89745d8e598", "best_bid": "0.91", "best_ask": "0.92"}, {"asset_id": "46359198888085059339386074227770752989088144333736898490719631934988513190818", "price": "0.64", "size": "0", "side": "SELL", "hash": "5a24ff166eb34996be5ccfdeb9053dabf79b16ed", "best_bid": "0.08", "best_ask": "0.09"}], "timestamp": "1769384157805", "event_type": "price_change"}}
{"_local_timestamp": "2026-01-25T23:35:58.312252+00:00", "data": {"market": "0x5ae2789de1987f9725e8a98b0a590cb4e9bf778b5444c9ae7205c2f5a2a4de44", "price_changes": [{"asset_id": "42588817374350255174819336775326493408529088172554433048302066536138243596805", "price": "0.36", "size": "5", "side": "BUY", "hash": "1cb198d33d6a1e569f5caefea614d9b62c6b2da9", "best_bid": "0.91", "best_ask": "0.92"}, {"asset_id": "46359198888085059339386074227770752989088144333736898490719631934988513190818", "price": "0.64", "size": "5", "side": "SELL", "hash": "e6264424a20c79299d008e083a73fb690632979c", "best_bid": "0.08", "best_ask": "0.09"}], "timestamp": "1769384158241", "event_type": "price_change"}}
{"_local_timestamp": "2026-01-25T23:36:00.359009+00:00", "data": {"market": "0x5ae2789de1987f9725e8a98b0a590cb4e9bf778b5444c9ae7205c2f5a2a4de44", "price_changes": [{"asset_id": "42588817374350255174819336775326493408529088172554433048302066536138243596805", "price": "0.36", "size": "0", "side": "BUY", "hash": "a37ac9cb6aebcf024013b57e2e1c0e18f3bcc792", "best_bid": "0.91", "best_ask": "0.92"}, {"asset_id": "46359198888085059339386074227770752989088144333736898490719631934988513190818", "price": "0.64", "size": "0", "side": "SELL", "hash": "0559e505c8b44d6bd33789fe191ec3143137b3f3", "best_bid": "0.08", "best_ask": "0.09"}], "timestamp": "1769384160280", "event_type": "price_change"}}
{"_local_timestamp": "2026-01-25T23:36:00.694214+00:00", "data": {"market": "0x5ae2789de1987f9725e8a98b0a590cb4e9bf778b5444c9ae7205c2f5a2a4de44", "price_changes": [{"asset_id": "42588817374350255174819336775326493408529088172554433048302066536138243596805", "price": "0.36", "size": "5", "side": "BUY", "hash": "5051d732f560ba5e19023cc9e2f47f28bedf26c8", "best_bid": "0.91", "best_ask": "0.92"}, {"asset_id": "46359198888085059339386074227770752989088144333736898490719631934988513190818", "price": "0.64", "size": "5", "side": "SELL", "hash": "061bce1076ca5f5d7ab81b47fb15a572c2d92e46", "best_bid": "0.08", "best_ask": "0.09"}], "timestamp": "1769384160624", "event_type": "price_change"}}
{"_local_timestamp": "2026-01-25T23:36:02.017569+00:00", "data": {"market": "0x5ae2789de1987f9725e8a98b0a590cb4e9bf778b5444c9ae7205c2f5a2a4de44", "price_changes": [{"asset_id": "42588817374350255174819336775326493408529088172554433048302066536138243596805", "price": "0.36", "size": "0", "side": "BUY", "hash": "db5afb0c45f1f7190477988099aee1c2770c3a6d", "best_bid": "0.91", "best_ask": "0.92"}, {"asset_id": "46359198888085059339386074227770752989088144333736898490719631934988513190818", "price": "0.64", "size": "0", "side": "SELL", "hash": "edc905eccecce788ec7eee6a1931128069171c16", "best_bid": "0.08", "best_ask": "0.09"}], "timestamp": "1769384161945", "event_type": "price_change"}}
{"_local_timestamp": "2026-01-25T23:36:02.487357+00:00", "data": {"market": "0x5ae2789de1987f9725e8a98b0a590cb4e9bf778b5444c9ae7205c2f5a2a4de44", "price_changes": [{"asset_id": "42588817374350255174819336775326493408529088172554433048302066536138243596805", "price": "0.36", "size": "5", "side": "BUY", "hash": "cc1b3a9dd2a1a61ca7128160b26ce57ce0c0bd13", "best_bid": "0.91", "best_ask": "0.92"}, {"asset_id": "46359198888085059339386074227770752989088144333736898490719631934988513190818", "price": "0.64", "size": "5", "side": "SELL", "hash": "58325f454bd81be2c1c2069686fd505912fb55f4", "best_bid": "0.08", "best_ask": "0.09"}], "timestamp": "1769384162416", "event_type": "price_change"}}
{"_local_timestamp": "2026-01-25T23:36:04.639190+00:00", "data": {"market": "0x5ae2789de1987f9725e8a98b0a590cb4e9bf778b5444c9ae7205c2f5a2a4de44", "price_changes": [{"asset_id": "42588817374350255174819336775326493408529088172554433048302066536138243596805", "price": "0.36", "size": "0", "side": "BUY", "hash": "4e6ac344cef43ebb0ea77cd3a671bc7d37b38e8d", "best_bid": "0.91", "best_ask": "0.92"}, {"asset_id": "46359198888085059339386074227770752989088144333736898490719631934988513190818", "price": "0.64", "size": "0", "side": "SELL", "hash": "9a3f6bdeaa90bac486e2763c5d09f96dbe0ce4b6", "best_bid": "0.08", "best_ask": "0.09"}], "timestamp": "1769384164566", "event_type": "price_change"}}
{"_local_timestamp": "2026-01-25T23:36:04.986685+00:00", "data": {"market": "0x5ae2789de1987f9725e8a98b0a590cb4e9bf778b5444c9ae7205c2f5a2a4de44", "price_changes": [{"asset_id": "42588817374350255174819336775326493408529088172554433048302066536138243596805", "price": "0.36", "size": "5", "side": "BUY", "hash": "359021549d3cec36215ee3ef4682a77afdaf44b8", "best_bid": "0.91", "best_ask": "0.92"}, {"asset_id": "46359198888085059339386074227770752989088144333736898490719631934988513190818", "price": "0.64", "size": "5", "side": "SELL", "hash": "fcd4af160371237d006f331b540e272ed420873a", "best_bid": "0.08", "best_ask": "0.09"}], "timestamp": "1769384164919", "event_type": "price_change"}}
{"_local_timestamp": "2026-01-25T23:36:07.230753+00:00", "data": {"market": "0x5ae2789de1987f9725e8a98b0a590cb4e9bf778b5444c9ae7205c2f5a2a4de44", "price_changes": [{"asset_id": "42588817374350255174819336775326493408529088172554433048302066536138243596805", "price": "0.36", "size": "0", "side": "BUY", "hash": "9988feab34349ff8a93b203fd7d644fd6a2fbb82", "best_bid": "0.91", "best_ask": "0.92"}, {"asset_id": "46359198888085059339386074227770752989088144333736898490719631934988513190818", "price": "0.64", "size": "0", "side": "SELL", "hash": "da80eb35e9a4b08203dda203e0e5cebdeb5d96cd", "best_bid": "0.08", "best_ask": "0.09"}], "timestamp": "1769384167163", "event_type": "price_change"}}
{"_local_timestamp": "2026-01-25T23:36:07.607525+00:00", "data": {"market": "0x5ae2789de1987f9725e8a98b0a590cb4e9bf778b5444c9ae7205c2f5a2a4de44", "price_changes": [{"asset_id": "42588817374350255174819336775326493408529088172554433048302066536138243596805", "price": "0.36", "size": "5", "side": "BUY", "hash": "bb34f1c7ff64a2fe7094a209a1ce674c48702e5b", "best_bid": "0.91", "best_ask": "0.92"}, {"asset_id": "46359198888085059339386074227770752989088144333736898490719631934988513190818", "price": "0.64", "size": "5", "side": "SELL", "hash": "8aedbb1359c2481a8d4208fd2b54ea39b118b364", "best_bid": "0.08", "best_ask": "0.09"}], "timestamp": "1769384167527", "event_type": "price_change"}}
{"_local_timestamp": "2026-01-25T23:36:09.072240+00:00", "data": {"market": "0x5ae2789de1987f9725e8a98b0a590cb4e9bf778b5444c9ae7205c2f5a2a4de44", "price_changes": [{"asset_id": "42588817374350255174819336775326493408529088172554433048302066536138243596805", "price": "0.36", "size": "0", "side": "BUY", "hash": "13cc210021866b9b8cffc2226ae06841008c8a1d", "best_bid": "0.91", "best_ask": "0.92"}, {"asset_id": "46359198888085059339386074227770752989088144333736898490719631934988513190818", "price": "0.64", "size": "0", "side": "SELL", "hash": "513b862e547e35750e4563883245d27c44d435b1", "best_bid": "0.08", "best_ask": "0.09"}], "timestamp": "1769384169000", "event_type": "price_change"}}
{"_local_timestamp": "2026-01-25T23:36:09.426952+00:00", "data": {"market": "0x5ae2789de1987f9725e8a98b0a590cb4e9bf778b5444c9ae7205c2f5a2a4de44", "price_changes": [{"asset_id": "42588817374350255174819336775326493408529088172554433048302066536138243596805", "price": "0.36", "size": "5", "side": "BUY", "hash": "2f23c2db2703cfd2a3b88e0203d36a936dc6c47c", "best_bid": "0.91", "best_ask": "0.92"}, {"asset_id": "46359198888085059339386074227770752989088144333736898490719631934988513190818", "price": "0.64", "size": "5", "side": "SELL", "hash": "932ef12192ae7208b0f8ef1ef17b6c2815f612f5", "best_bid": "0.08", "best_ask": "0.09"}], "timestamp": "1769384169360", "event_type": "price_change"}}
{"_local_timestamp": "2026-01-25T23:36:10.803459+00:00", "data": {"market": "0x5ae2789de1987f9725e8a98b0a590cb4e9bf778b5444c9ae7205c2f5a2a4de44", "price_changes": [{"asset_id": "42588817374350255174819336775326493408529088172554433048302066536138243596805", "price": "0.36", "size": "0", "side": "BUY", "hash": "190720e2fce72c21d592dc5b097e00321c228836", "best_bid": "0.91", "best_ask": "0.92"}, {"asset_id": "46359198888085059339386074227770752989088144333736898490719631934988513190818", "price": "0.64", "size": "0", "side": "SELL", "hash": "fe76aa4f5d609f00c838ac92787e67402c45db73", "best_bid": "0.08", "best_ask": "0.09"}], "timestamp": "1769384170725", "event_type": "price_change"}}
{"_local_timestamp": "2026-01-25T23:36:11.125067+00:00", "data": {"market": "0x5ae2789de1987f9725e8a98b0a590cb4e9bf778b5444c9ae7205c2f5a2a4de44", "price_changes": [{"asset_id": "42588817374350255174819336775326493408529088172554433048302066536138243596805", "price": "0.36", "size": "5", "side": "BUY", "hash": "6417fb41ef6d07b6c97a7c8859ad7fbe9b419012", "best_bid": "0.91", "best_ask": "0.92"}, {"asset_id": "46359198888085059339386074227770752989088144333736898490719631934988513190818", "price": "0.64", "size": "5", "side": "SELL", "hash": "1e7dea1f5d860db346bf2a95d2b797eb2665f951", "best_bid": "0.08", "best_ask": "0.09"}], "timestamp": "1769384171059", "event_type": "price_change"}}
{"_local_timestamp": "2026-01-25T23:36:13.404192+00:00", "data": {"market": "0x5ae2789de1987f9725e8a98b0a590cb4e9bf778b5444c9ae7205c2f5a2a4de44", "price_changes": [{"asset_id": "42588817374350255174819336775326493408529088172554433048302066536138243596805", "price": "0.36", "size": "0", "side": "BUY", "hash": "5f175194624a4f2f275d608b2d5801b9612c1771", "best_bid": "0.91", "best_ask": "0.92"}, {"asset_id": "46359198888085059339386074227770752989088144333736898490719631934988513190818", "price": "0.64", "size": "0", "side": "SELL", "hash": "bfd1d591e6e0510c5efe867d686a6692c801abae", "best_bid": "0.08", "best_ask": "0.09"}], "timestamp": "1769384173334", "event_type": "price_change"}}
{"_local_timestamp": "2026-01-25T23:36:13.777950+00:00", "data": {"market": "0x5ae2789de1987f9725e8a98b0a590cb4e9bf778b5444c9ae7205c2f5a2a4de44", "price_changes": [{"asset_id": "42588817374350255174819336775326493408529088172554433048302066536138243596805", "price": "0.36", "size": "5", "side": "BUY", "hash": "f2d46441afd4251367d49c912c5d194d3e7ad923", "best_bid": "0.91", "best_ask": "0.92"}, {"asset_id": "46359198888085059339386074227770752989088144333736898490719631934988513190818", "price": "0.64", "size": "5", "side": "SELL", "hash": "e15b1519ab82057071a9b2847ba5101f46ac87dd", "best_bid": "0.08", "best_ask": "0.09"}], "timestamp": "1769384173714", "event_type": "price_change"}}
{"_local_timestamp": "2026-01-25T23:36:15.580548+00:00", "data": {"market": "0x5ae2789de1987f9725e8a98b0a590cb4e9bf778b5444c9ae7205c2f5a2a4de44", "price_changes": [{"asset_id": "42588817374350255174819336775326493408529088172554433048302066536138243596805", "price": "0.36", "size": "0", "side": "BUY", "hash": "61c0f0722f57a80fb0ccef8f422dfed90360cbee", "best_bid": "0.91", "best_ask": "0.92"}, {"asset_id": "46359198888085059339386074227770752989088144333736898490719631934988513190818", "price": "0.64", "size": "0", "side": "SELL", "hash": "dd6e627a2e659ab728db49ede56d82bc0af7218c", "best_bid": "0.08", "best_ask": "0.09"}], "timestamp": "1769384175501", "event_type": "price_change"}}
{"_local_timestamp": "2026-01-25T23:36:16.003622+00:00", "data": {"market": "0x5ae2789de1987f9725e8a98b0a590cb4e9bf778b5444c9ae7205c2f5a2a4de44", "price_changes": [{"asset_id": "42588817374350255174819336775326493408529088172554433048302066536138243596805", "price": "0.36", "size": "5", "side": "BUY", "hash": "61ec56d877777285e6e1bbbbb03abb8cfd7667f0", "best_bid": "0.91", "best_ask": "0.92"}, {"asset_id": "46359198888085059339386074227770752989088144333736898490719631934988513190818", "price": "0.64", "size": "5", "side": "SELL", "hash": "863e9fb1e02a92c7078aaad8033a54a18bd4a058", "best_bid": "0.08", "best_ask": "0.09"}], "timestamp": "1769384175933", "event_type": "price_change"}}
