{"_local_timestamp": "2026-01-25T23:33:21.040595+00:00", "data": [{"market": "0x921330240e4d92f8535d54bcb34b31750fc235761f97b064d92e54a48c2f9dca", "asset_id": "106102449360267073046637097096598048592436928340059823162151571020807191828087", "timestamp": "1769384000256", "hash": "212781a3ad5e824f4c81293e998b82f91487c9c4", "bids": [{"price": "0.01", "size": "7515.44"}, {"price": "0.02", "size": "5448.09"}, {"price": "0.03", "size": "500"}, {"price": "0.04", "size": "507.01"}, {"price": "0.05", "size": "500"}, {"price": "0.06", "size": "600"}, {"price": "0.08", "size": "1076"}, {"price": "0.1", "size": "3780.41"}, {"price": "0.11", "size": "2121.02"}, {"price": "0.12", "size": "600"}, {"price": "0.13", "size": "100"}, {"price": "0.14", "size": "1342"}, {"price": "0.15", "size": "225"}, {"price": "0.16", "size": "2624"}, {"price": "0.17", "size": "152.94"}, {"price": "0.18", "size": "272.22"}, {"price": "0.2", "size": "3621"}, {"price": "0.21", "size": "300"}, {"price": "0.22", "size": "90.9"}, {"price": "0.25", "size": "700"}, {"price": "0.26", "size": "1568.53"}, {"price": "0.27", "size": "20"}, {"price": "0.29", "size": "281"}, {"price": "0.3", "size": "677"}, {"price": "0.35", "size": "120"}, {"price": "0.38", "size": "21.8"}, {"price": "0.4", "size": "5237.11"}, {"price": "0.41", "size": "156.7"}, {"price": "0.43", "size": "25.58"}, {"price": "0.44", "size": "60"}, {"price": "0.49", "size": "30"}, {"price": "0.51", "size": "126"}, {"price": "0.52", "size": "200"}, {"price": "0.53", "size": "134"}], "asks": [{"price": "0.99", "size": "7505.45"}, {"price": "0.98", "size": "3205.15"}, {"price": "0.97", "size": "250"}, {"price": "0.96", "size": "6.31"}, {"price": "0.95", "size": "730"}, {"price": "0.94", "size": "250"}, {"price": "0.93", "size": "735.71"}, {"price": "0.92", "size": "500"}, {"price": "0.91", "size": "905.55"}, {"price": "0.9", "size": "2105.9"}, {"price": "0.88", "size": "233.33"}, {"price": "0.87", "size": "250"}, {"price": "0.86", "size": "3783.71"}, {"price": "0.85", "size": "250"}, {"price": "0.84", "size": "150"}, {"price": "0.82", "size": "128.96"}, {"price": "0.8", "size": "377.01"}, {"price": "0.78", "size": "1997.41"}, {"price": "0.77", "size": "8"}, {"price": "0.75", "size": "419.38"}, {"price": "0.72", "size": "46.42"}, {"price": "0.7", "size": "16.66"}, {"price": "0.69", "size": "90.9"}, {"price": "0.68", "size": "297"}, {"price": "0.57", "size": "352.02"}, {"price": "0.56", "size": "201.1"}], "event_type": "book", "last_trade_price": "0.530"}, {"market": "0x921330240e4d92f8535d54bcb34b31750fc235761f97b064d92e54a48c2f9dca", "asset_id": "86934023414665345422427506679433864279296027898426531732170959339104415335162", "timestamp": "1769384000256", "hash": "6a9748a2304077c9fc80d2d7860d9549db11ffb2", "bids": [{"price": "0.01", "size": "7505.45"}, {"price": "0.02", "size": "3205.15"}, {"price": "0.03", "size": "250"}, {"price": "0.04", "size": "6.31"}, {"price": "0.05", "size": "730"}, {"price": "0.06", "size": "250"}, {"price": "0.07", "size": "735.71"}, {"price": "0.08", "size": "500"}, {"price": "0.09", "size": "905.55"}, {"price": "0.1", "size": "2105.9"}, {"price": "0.12", "size": "233.33"}, {"price": "0.13", "size": "250"}, {"price": "0.14", "size": "3783.71"}, {"price": "0.15", "size": "250"}, {"price": "0.16", "size": "150"}, {"price": "0.18", "size": "128.96"}, {"price": "0.2", "size": "377.01"}, {"price": "0.22", "size": "1997.41"}, {"price": "0.23", "size": "8"}, {"price": "0.25", "size": "419.38"}, {"price": "0.28", "size": "46.42"}, {"price": "0.3", "size": "16.66"}, {"price": "0.31", "size": "90.9"}, {"price": "0.32", "size": "297"}, {"price": "0.43", "size": "352.02"}, {"price": "0.44", "size": "201.1"}], "asks": [{"price": "0.99", "size": "7515.44"}, {"price": "0.98", "size": "5448.09"}, {"price": "0.97", "size": "500"}, {"price": "0.96", "size": "507.01"}, {"price": "0.95", "size": "500"}, {"price": "0.94", "size": "600"}, {"price": "0.92", "size": "1076"}, {"price": "0.9", "size": "3780.41"}, {"price": "0.89", "size": "2121.02"}, {"price": "0.88", "size": "600"}, {"price": "0.87", "size": "100"}, {"price": "0.86", "size": "1342"}, {"price": "0.85", "size": "225"}, {"price": "0.84", "size": "2624"}, {"price": "0.83", "size": "152.94"}, {"price": "0.82", "size": "272.22"}, {"price": "0.8", "size": "3621"}, {"price": "0.79", "size": "300"}, {"price": "0.78", "size": "90.9"}, {"price": "0.75", "size": "700"}, {"price": "0.74", "size": "1568.53"}, {"price": "0.73", "size": "20"}, {"price": "0.71", "size": "281"}, {"price": "0.7", "size": "677"}, {"price": "0.65", "size": "120"}, {"price": "0.62", "size": "21.8"}, {"price": "0.6", "size": "5237.11"}, {"price": "0.59", "size": "156.7"}, {"price": "0.57", "size": "25.58"}, {"price": "0.56", "size": "60"}, {"price": "0.51", "size": "30"}, {"price": "0.49", "size": "126"}, {"price": "0.48", "size": "200"}, {"price": "0.47", "size": "134"}], "event_type": "book", "last_trade_price": "0.530"}]}
{"_local_timestamp": "2026-01-25T23:33:23.857048+00:00", "data": {"market": "0x921330240e4d92f8535d54bcb34b31750fc235761f97b064d92e54a48c2f9dca", "price_changes": [{"asset_id": "106102449360267073046637097096598048592436928340059823162151571020807191828087", "price": "0.15", "size": "0", "side": "BUY", "hash": "6d7ff007d32eefebc47361ec070bf75bc80254dc", "best_bid": "0.53", "best_ask": "0.56"}, {"asset_id": "86934023414665345422427506679433864279296027898426531732170959339104415335162", "price": "0.85", "size": "0", "side": "SELL", "hash": "396239c96a2704728f13bc53bbe88287436446da", "best_bid": "0.44", "best_ask": "0.47"}], "timestamp": "1769384003774", "event_type": "price_change"}}
{"_local_timestamp": "2026-01-25T23:33:24.379235+00:00", "data": {"market": "0x921330240e4d92f8535d54bcb34b31750fc235761f97b064d92e54a48c2f9dca", "price_changes": [{"asset_id": "106102449360267073046637097096598048592436928340059823162151571020807191828087", "price": "0.11", "size": "2346.02", "side": "BUY", "hash": "8ae76724a7a8594d868592ed390c6e9bd1a1937b", "best_bid": "0.53", "best_ask": "0.56"}, {"asset_id": "86934023414665345422427506679433864279296027898426531732170959339104415335162", "price": "0.89", "size": "2346.02", "side": "SELL", "hash": "e1ecb768eb19d69d1ebef2a978703f9daedcf51c", "best_bid": "0.44", "best_ask": "0.47"}], "timestamp": "1769384004280", "event_type": "price_change"}}
{"_local_timestamp": "2026-01-25T23:33:29.358997+00:00", "data": {"market": "0x921330240e4d92f8535d54bcb34b31750fc235761f97b064d92e54a48c2f9dca", "price_changes": [{"asset_id": "106102449360267073046637097096598048592436928340059823162151571020807191828087", "price": "0.69", "size": "0", "side": "SELL", "hash": "d0e4953b04c616b269f3a54ada30c137ec0825a9", "best_bid": "0.53", "best_ask": "0.56"}, {"asset_id": "86934023414665345422427506679433864279296027898426531732170959339104415335162", "price": "0.31", "size": "0", "side": "BUY", "hash": "5d43f154ab798fdc546daa878f7cedfdcb6ee242", "best_bid": "0.44", "best_ask": "0.47"}], "timestamp": "1769384009289", "event_type": "price_change"}}
{"_local_timestamp": "2026-01-25T23:33:29.389487+00:00", "data": {"market": "0x921330240e4d92f8535d54bcb34b31750fc235761f97b064d92e54a48c2f9dca", "price_changes": [{"asset_id": "106102449360267073046637097096598048592436928340059823162151571020807191828087", "price": "0.68", "size": "0", "side": "SELL", "hash": "f96df61617510ebee0af11a16d854256d51890fd", "best_bid": "0.53", "best_ask": "0.56"}, {"asset_id": "86934023414665345422427506679433864279296027898426531732170959339104415335162", "price": "0.32", "size": "0", "side": "BUY", "hash": "2def0ee10e2bfcfad35896e460c0db83ba3f0ab8", "best_bid": "0.44", "best_ask": "0.47"}], "timestamp": "1769384009314", "event_type": "price_change"}}
{"_local_timestamp": "2026-01-25T23:33:29.433254+00:00", "data": {"market": "0x921330240e4d92f8535d54bcb34b31750fc235761f97b064d92e54a48c2f9dca", "price_changes": [{"asset_id": "106102449360267073046637097096598048592436928340059823162151571020807191828087", "price": "0.7", "size": "330.66", "side": "SELL", "hash": "6d35e909376c7fa67c7195a072a35e3556f487c2", "best_bid": "0.53", "best_ask": "0.56"}, {"asset_id": "86934023414665345422427506679433864279296027898426531732170959339104415335162", "price": "0.3", "size": "330.66", "side": "BUY", "hash": "8c3121d997add3c0da99ada20371cb052ab15fd7", "best_bid": "0.44", "best_ask": "0.47"}], "timestamp": "1769384009367", "event_type": "price_change"}}
{"_local_timestamp": "2026-01-25T23:33:40.165193+00:00", "data": {"market": "0x921330240e4d92f8535d54bcb34b31750fc235761f97b064d92e54a48c2f9dca", "price_changes": [{"asset_id": "106102449360267073046637097096598048592436928340059823162151571020807191828087", "price": "0.11", "size": "2221.02", "side": "BUY", "hash": "b42776248a5e3cdab0c5c056d1ec77cdc3f8bfbf", "best_bid": "0.53", "best_ask": "0.56"}, {"asset_id": "86934023414665345422427506679433864279296027898426531732170959339104415335162", "price": "0.89", "size": "2221.02", "side": "SELL", "hash": "20394f0779b8007c698fd0ba17707d1d138f820c", "best_bid": "0.44", "best_ask": "0.47"}], "timestamp": "1769384020078", "event_type": "price_change"}}
{"_local_timestamp": "2026-01-25T23:33:40.789640+00:00", "data": {"market": "0x921330240e4d92f8535d54bcb34b31750fc235761f97b064d92e54a48c2f9dca", "price_changes": [{"asset_id": "106102449360267073046637097096598048592436928340059823162151571020807191828087", "price": "0.15", "size": "125", "side": "BUY", "hash": "572d460761c76be9b5dfb5d3d039a48c0bbcd566", "best_bid": "0.53", "best_ask": "0.56"}, {"asset_id": "86934023414665345422427506679433864279296027898426531732170959339104415335162", "price": "0.85", "size": "125", "side": "SELL", "hash": "4188336ddbfc0e08530a4aea75217b053b7d3663", "best_bid": "0.44", "best_ask": "0.47"}], "timestamp": "1769384020561", "event_type": "price_change"}}
{"_local_timestamp": "2026-01-25T23:34:19.956530+00:00", "data": {"market": "0x921330240e4d92f8535d54bcb34b31750fc235761f97b064d92e54a48c2f9dca", "price_changes": [{"asset_id": "106102449360267073046637097096598048592436928340059823162151571020807191828087", "price": "0.16", "size": "0", "side": "BUY", "hash": "895a8410e9ff30d3f4f76f104195c1594be40d12", "best_bid": "0.53", "best_ask": "0.56"}, {"asset_id": "86934023414665345422427506679433864279296027898426531732170959339104415335162", "price": "0.84", "size": "0", "side": "SELL", "hash": "04b80d4b64d85b9ec48c5adf095267ec042bb5d8", "best_bid": "0.44", "best_ask": "0.47"}], "timestamp": "1769384059757", "event_type": "price_change"}}
{"_local_timestamp": "2026-01-25T23:34:27.882830+00:00", "data": {"market": "0x921330240e4d92f8535d54bcb34b31750fc235761f97b064d92e54a48c2f9dca", "price_changes": [{"asset_id": "106102449360267073046637097096598048592436928340059823162151571020807191828087", "price": "0.11", "size": "2021.02", "side": "BUY", "hash": "2f5187f6cee130e58406b35a85f878d1b9ad83ee", "best_bid": "0.53", "best_ask": "0.56"}, {"asset_id": "86934023414665345422427506679433864279296027898426531732170959339104415335162", "price": "0.89", "size": "2021.02", "side": "SELL", "hash": "9e3a78b0844783dedac3dbb9509f757f8edf2f35", "best_bid": "0.44", "best_ask": "0.47"}], "timestamp": "1769384067610", "event_type": "price_change"}}
{"_local_timestamp": "2026-01-25T23:34:28.608449+00:00", "data": {"market": "0x921330240e4d92f8535d54bcb34b31750fc235761f97b064d92e54a48c2f9dca", "price_changes": [{"asset_id": "106102449360267073046637097096598048592436928340059823162151571020807191828087", "price": "0.15", "size": "325", "side": "BUY", "hash": "453201f1e8d41873206a6c2e16bbf840c50f0b3b", "best_bid": "0.53", "best_ask": "0.56"}, {"asset_id": "86934023414665345422427506679433864279296027898426531732170959339104415335162", "price": "0.85", "size": "325", "side": "SELL", "hash": "3beecbb9d739649f0dd5d40b05d1259aa3aba573", "best_bid": "0.44", "best_ask": "0.47"}], "timestamp": "1769384068168", "event_type": "price_change"}}
{"_local_timestamp": "2026-01-25T23:34:28.617250+00:00", "data": {"market": "0x921330240e4d92f8535d54bcb34b31750fc235761f97b064d92e54a48c2f9dca", "price_changes": [{"asset_id": "106102449360267073046637097096598048592436928340059823162151571020807191828087", "price": "0.26", "size": "1668.53", "side": "BUY", "hash": "92dacf02194c5360e2c64669abf71508ddd9edcc", "best_bid": "0.53", "best_ask": "0.56"}, {"asset_id": "86934023414665345422427506679433864279296027898426531732170959339104415335162", "price": "0.74", "size": "1668.53", "side": "SELL", "hash": "aa8010a6da6c12b7e4f937dac0f27cb8c1b607f2", "best_bid": "0.44", "best_ask": "0.47"}], "timestamp": "1769384068248", "event_type": "price_change"}}
{"_local_timestamp": "2026-01-25T23:34:35.727167+00:00", "data": {"market": "0x921330240e4d92f8535d54bcb34b31750fc235761f97b064d92e54a48c2f9dca", "price_changes": [{"asset_id": "106102449360267073046637097096598048592436928340059823162151571020807191828087", "price": "0.56", "size": "279.28", "side": "SELL", "hash": "157b7892028bb8e74b2caefc8361e8cf9df4aaf2", "best_bid": "0.53", "best_ask": "0.56"}, {"asset_id": "86934023414665345422427506679433864279296027898426531732170959339104415335162", "price": "0.44", "size": "279.28", "side": "BUY", "hash": "3196a074b9932a96f52c795a7afb66942cbbd155", "best_bid": "0.44", "best_ask": "0.47"}], "timestamp": "1769384075656", "event_type": "price_change"}}
{"_local_timestamp": "2026-01-25T23:35:23.313223+00:00", "data": {"market": "0x921330240e4d92f8535d54bcb34b31750fc235761f97b064d92e54a48c2f9dca", "price_changes": [{"asset_id": "106102449360267073046637097096598048592436928340059823162151571020807191828087", "price": "0.15", "size": "3123", "side": "BUY", "hash": "98cc0872da255591dfbbfbb419f189e6277f690f", "best_bid": "0.53", "best_ask": "0.56"}, {"asset_id": "86934023414665345422427506679433864279296027898426531732170959339104415335162", "price": "0.85", "size": "3123", "side": "SELL", "hash": "6660d075d5fbdba3d5e8e260a30379fd20bcf54b", "best_bid": "0.44", "best_ask": "0.47"}], "timestamp": "1769384123097", "event_type": "price_change"}}
{"_local_timestamp": "2026-01-25T23:35:26.780806+00:00", "data": {"market": "0x921330240e4d92f8535d54bcb34b31750fc235761f97b064d92e54a48c2f9dca", "price_changes": [{"asset_id": "106102449360267073046637097096598048592436928340059823162151571020807191828087", "price": "0.15", "size": "2998", "side": "BUY", "hash": "52e225a9fa55755c2422d08eefdc1c21211c1636", "best_bid": "0.53", "best_ask": "0.56"}, {"asset_id": "86934023414665345422427506679433864279296027898426531732170959339104415335162", "price": "0.85", "size": "2998", "side": "SELL", "hash": "08839b73040857b3905ae597411b55bf0b0787e5", "best_bid": "0.44", "best_ask": "0.47"}], "timestamp": "1769384126553", "event_type": "price_change"}}
{"_local_timestamp": "2026-01-25T23:35:27.180350+00:00", "data": {"market": "0x921330240e4d92f8535d54bcb34b31750fc235761f97b064d92e54a48c2f9dca", "price_changes": [{"asset_id": "106102449360267073046637097096598048592436928340059823162151571020807191828087", "price": "0.11", "size": "2146.02", "side": "BUY", "hash": "9ac73525b4c5e2b5d384e305b5e7504095f5ba27", "best_bid": "0.53", "best_ask": "0.56"}, {"asset_id": "86934023414665345422427506679433864279296027898426531732170959339104415335162", "price": "0.89", "size": "2146.02", "side": "SELL", "hash": "ac1619484ef422b895773ac85c6c04930d1a4fc6", "best_bid": "0.44", "best_ask": "0.47"}], "timestamp": "1769384126876", "event_type": "price_change"}}
{"_local_timestamp": "2026-01-25T23:35:44.506556+00:00", "data": {"market": "0x921330240e4d92f8535d54bcb34b31750fc235761f97b064d92e54a48c2f9dca", "price_changes": [{"asset_id": "106102449360267073046637097096598048592436928340059823162151571020807191828087", "price": "0.69", "size": "12.72", "side": "SELL", "hash": "90b6b3bb480976fd17a9017a042d87ec756c427d", "best_bid": "0.53", "best_ask": "0.56"}, {"asset_id": "86934023414665345422427506679433864279296027898426531732170959339104415335162", "price": "0.31", "size": "12.72", "side": "BUY", "hash": "9addc09141811e48d2d8642f4b992d18acf8d020", "best_bid": "0.44", "best_ask": "0.47"}], "timestamp": "1769384144440", "event_type": "price_change"}}
{"_local_timestamp": "2026-01-25T23:35:44.539609+00:00", "data": {"market": "0x921330240e4d92f8535d54bcb34b31750fc235761f97b064d92e54a48c2f9dca", "price_changes": [{"asset_id": "106102449360267073046637097096598048592436928340059823162151571020807191828087", "price": "0.7", "size": "16.66", "side": "SELL", "hash": "4836817e22f38192f6a1f68f9feb1f9bbe84a7ce", "best_bid": "0.53", "best_ask": "0.56"}, {"asset_id": "86934023414665345422427506679433864279296027898426531732170959339104415335162", "price": "0.3", "size": "16.66", "side": "BUY", "hash": "80c1ac4aef059219f280ddcea8389a407c17cd15", "best_bid": "0.44", "best_ask": "0.47"}], "timestamp": "1769384144469", "event_type": "price_change"}}
{"_local_timestamp": "2026-01-25T23:35:44.567764+00:00", "data": {"market": "0x921330240e4d92f8535d54bcb34b31750fc235761f97b064d92e54a48c2f9dca", "price_changes": [{"asset_id": "106102449360267073046637097096598048592436928340059823162151571020807191828087", "price": "0.69", "size": "319.72", "side": "SELL", "hash": "35967fc9171b17ff12d34629af66ad36147941bb", "best_bid": "0.53", "best_ask": "0.56"}, {"asset_id": "86934023414665345422427506679433864279296027898426531732170959339104415335162", "price": "0.31", "size": "319.72", "side": "BUY", "hash": "e74d7060fc796d939f078aa84bbeac8aca531148", "best_bid": "0.44", "best_ask": "0.47"}], "timestamp": "1769384144497", "event_type": "price_change"}}
{"_local_timestamp": "2026-01-25T23:35:53.139864+00:00", "data": {"market": "0x921330240e4d92f8535d54bcb34b31750fc235761f97b064d92e54a48c2f9dca", "price_changes": [{"asset_id": "106102449360267073046637097096598048592436928340059823162151571020807191828087", "price": "0.56", "size": "201.1", "side": "SELL", "hash": "b4a8caf4c29be5eba71a5421abcaba7739c97a27", "best_bid": "0.53", "best_ask": "0.56"}, {"asset_id": "86934023414665345422427506679433864279296027898426531732170959339104415335162", "price": "0.44", "size": "201.1", "side": "BUY", "hash": "607266c74bfc04ccd11d2f5b2d1353decb67a4b6", "best_bid": "0.44", "best_ask": "0.47"}], "timestamp": "1769384153074", "event_type": "price_change"}}
{"_local_timestamp": "2026-01-25T23:35:57.822709+00:00", "data": {"market": "0x921330240e4d92f8535d54bcb34b31750fc235761f97b064d92e54a48c2f9dca", "price_changes": [{"asset_id": "106102449360267073046637097096598048592436928340059823162151571020807191828087", "price": "0.26", "size": "110.53", "side": "BUY", "hash": "3fc126a40498e83982ad002a4952ee4490a92d4d", "best_bid": "0.53", "best_ask": "0.56"}, {"asset_id": "86934023414665345422427506679433864279296027898426531732170959339104415335162", "price": "0.74", "size": "110.53", "side": "SELL", "hash": "2f625411903819d127655fec97649439c04a4067", "best_bid": "0.44", "best_ask": "0.47"}], "timestamp": "1769384157720", "event_type": "price_change"}}
{"_local_timestamp": "2026-01-25T23:35:57.823216+00:00", "data": {"market": "0x921330240e4d92f8535d54bcb34b31750fc235761f97b064d92e54a48c2f9dca", "price_changes": [{"asset_id": "106102449360267073046637097096598048592436928340059823162151571020807191828087", "price": "0.3", "size": "0", "side": "BUY", "hash": "3fc126a40498e83982ad002a4952ee4490a92d4d", "best_bid": "0.53", "best_ask": "0.56"}, {"asset_id": "86934023414665345422427506679433864279296027898426531732170959339104415335162", "price": "0.7", "size": "0", "side": "SELL", "hash": "2f625411903819d127655fec97649439c04a4067", "best_bid": "0.44", "best_ask": "0.47"}], "timestamp": "1769384157720", "event_type": "price_change"}}
{"_local_timestamp": "2026-01-25T23:35:57.823670+00:00", "data": {"market": "0x921330240e4d92f8535d54bcb34b31750fc235761f97b064d92e54a48c2f9dca", "price_changes": [{"asset_id": "106102449360267073046637097096598048592436928340059823162151571020807191828087", "price": "0.44", "size": "0", "side": "BUY", "hash": "3fc126a40498e83982ad002a4952ee4490a92d4d", "best_bid": "0.53", "best_ask": "0.56"}, {"asset_id": "86934023414665345422427506679433864279296027898426531732170959339104415335162", "price": "0.56", "size": "0", "side": "SELL", "hash": "2f625411903819d127655fec97649439c04a4067", "best_bid": "0.44", "best_ask": "0.47"}], "timestamp": "1769384157720", "event_type": "price_change"}}
{"_local_timestamp": "2026-01-25T23:35:57.824045+00:00", "data": {"market": "0x921330240e4d92f8535d54bcb34b31750fc235761f97b064d92e54a48c2f9dca", "price_changes": [{"asset_id": "106102449360267073046637097096598048592436928340059823162151571020807191828087", "price": "0.41", "size": "31.7", "side": "BUY", "hash": "3fc126a40498e83982ad002a4952ee4490a92d4d", "best_bid": "0.53", "best_ask": "0.56"}, {"asset_id": "86934023414665345422427506679433864279296027898426531732170959339104415335162", "price": "0.59", "size": "31.7", "side": "SELL", "hash": "2f625411903819d127655fec97649439c04a4067", "best_bid": "0.44", "best_ask": "0.47"}], "timestamp": "1769384157720", "event_type": "price_change"}}
{"_local_timestamp": "2026-01-25T23:35:57.824393+00:00", "data": {"market": "0x921330240e4d92f8535d54bcb34b31750fc235761f97b064d92e54a48c2f9dca", "price_changes": [{"asset_id": "106102449360267073046637097096598048592436928340059823162151571020807191828087", "price": "0.4", "size": "4982.11", "side": "BUY", "hash": "3fc126a40498e83982ad002a4952ee4490a92d4d", "best_bid": "0.53", "best_ask": "0.56"}, {"asset_id": "86934023414665345422427506679433864279296027898426531732170959339104415335162", "price": "0.6", "size": "4982.11", "side": "SELL", "hash": "2f625411903819d127655fec97649439c04a4067", "best_bid": "0.44", "best_ask": "0.47"}], "timestamp": "1769384157720", "event_type": "price_change"}}
{"_local_timestamp": "2026-01-25T23:35:57.824705+00:00", "data": {"market": "0x921330240e4d92f8535d54bcb34b31750fc235761f97b064d92e54a48c2f9dca", "price_changes": [{"asset_id": "106102449360267073046637097096598048592436928340059823162151571020807191828087", "price": "0.51", "size": "100", "side": "BUY", "hash": "3fc126a40498e83982ad002a4952ee4490a92d4d", "best_bid": "0.53", "best_ask": "0.56"}, {"asset_id": "86934023414665345422427506679433864279296027898426531732170959339104415335162", "price": "0.49", "size": "100", "side": "SELL", "hash": "2f625411903819d127655fec97649439c04a4067", "best_bid": "0.44", "best_ask": "0.47"}], "timestamp": "1769384157720", "event_type": "price_change"}}
{"_local_timestamp": "2026-01-25T23:35:57.957230+00:00", "data": {"market": "0x921330240e4d92f8535d54bcb34b31750fc235761f97b064d92e54a48c2f9dca", "price_changes": [{"asset_id": "106102449360267073046637097096598048592436928340059823162151571020807191828087", "price": "0.41", "size": "149.7", "side": "BUY", "hash": "fb92121169417060cf30ead832c0f7b7d5304251", "best_bid": "0.53", "best_ask": "0.56"}, {"asset_id": "86934023414665345422427506679433864279296027898426531732170959339104415335162", "price": "0.59", "size": "149.7", "side": "SELL", "hash": "64158a455a6455b19bfb3ac8a03792b46e4df855", "best_bid": "0.44", "best_ask": "0.47"}], "timestamp": "1769384157847", "event_type": "price_change"}}
{"_local_timestamp": "2026-01-25T23:35:57.957641+00:00", "data": {"market": "0x921330240e4d92f8535d54bcb34b31750fc235761f97b064d92e54a48c2f9dca", "price_changes": [{"asset_id": "106102449360267073046637097096598048592436928340059823162151571020807191828087", "price": "0.44", "size": "55", "side": "BUY", "hash": "c2e5be6c46e188b14cd7e607270498eda226fbb2", "best_bid": "0.53", "best_ask": "0.56"}, {"asset_id": "86934023414665345422427506679433864279296027898426531732170959339104415335162", "price": "0.56", "size": "55", "side": "SELL", "hash": "8c6287a14c06604b6badc202cc36e550a6514433", "best_bid": "0.44", "best_ask": "0.47"}], "timestamp": "1769384157848", "event_type": "price_change"}}
{"_local_timestamp": "2026-01-25T23:35:57.958030+00:00", "data": {"market": "0x921330240e4d92f8535d54bcb34b31750fc235761f97b064d92e54a48c2f9dca", "price_changes": [{"asset_id": "106102449360267073046637097096598048592436928340059823162151571020807191828087", "price": "0.51", "size": "124", "side": "BUY", "hash": "1c37af10ec54f502179ae3c976e0940161ff3da7", "best_bid": "0.53", "best_ask": "0.56"}, {"asset_id": "86934023414665345422427506679433864279296027898426531732170959339104415335162", "price": "0.49", "size": "124", "side": "SELL", "hash": "02396cdecd3ac40ed12fae01d2e52c056dd367c7", "best_bid": "0.44", "best_ask": "0.47"}], "timestamp": "1769384157848", "event_type": "price_change"}}
{"_local_timestamp": "2026-01-25T23:35:57.958507+00:00", "data": {"market": "0x921330240e4d92f8535d54bcb34b31750fc235761f97b064d92e54a48c2f9dca", "price_changes": [{"asset_id": "106102449360267073046637097096598048592436928340059823162151571020807191828087", "price": "0.4", "size": "5222.11", "side": "BUY", "hash": "285b0d41b13928e8633b17740902b2e45783932e", "best_bid": "0.53", "best_ask": "0.56"}, {"asset_id": "86934023414665345422427506679433864279296027898426531732170959339104415335162", "price": "0.6", "size": "5222.11", "side": "SELL", "hash": "665e80145ef6f7c561a99c6562c2afb78e150596", "best_bid": "0.44", "best_ask": "0.47"}], "timestamp": "1769384157849", "event_type": "price_change"}}
{"_local_timestamp": "2026-01-25T23:35:57.958914+00:00", "data": {"market": "0x921330240e4d92f8535d54bcb34b31750fc235761f97b064d92e54a48c2f9dca", "price_changes": [{"asset_id": "106102449360267073046637097096598048592436928340059823162151571020807191828087", "price": "0.26", "size": "1587.53", "side": "BUY", "hash": "ee1141fff426f7cda7b5127777c3d831ce128b0e", "best_bid": "0.53", "best_ask": "0.56"}, {"asset_id": "86934023414665345422427506679433864279296027898426531732170959339104415335162", "price": "0.74", "size": "1587.53", "side": "SELL", "hash": "3f4367c367be9c9167d25fe29fc52a456feff403", "best_bid": "0.44", "best_ask": "0.47"}], "timestamp": "1769384157850", "event_type": "price_change"}}
{"_local_timestamp": "2026-01-25T23:35:57.973170+00:00", "data": {"market": "0x921330240e4d92f8535d54bcb34b31750fc235761f97b064d92e54a48c2f9dca", "price_changes": [{"asset_id": "106102449360267073046637097096598048592436928340059823162151571020807191828087", "price": "0.3", "size": "640", "side": "BUY", "hash": "7816f40d5e267a9f03c40585a0f1e4a503592f0c", "best_bid": "0.53", "best_ask": "0.56"}, {"asset_id": "86934023414665345422427506679433864279296027898426531732170959339104415335162", "price": "0.7", "size": "640", "side": "SELL", "hash": "0e84aff1e44f40c90fa17d31618331c3b1fb74b9", "best_bid": "0.44", "best_ask": "0.47"}], "timestamp": "1769384157851", "event_type": "price_change"}}
{"_local_timestamp": "2026-01-25T23:35:58.204622+00:00", "data": {"market": "0x921330240e4d92f8535d54bcb34b31750fc235761f97b064d92e54a48c2f9dca", "price_changes": [{"asset_id": "106102449360267073046637097096598048592436928340059823162151571020807191828087", "price": "0.15", "size": "200", "side": "BUY", "hash": "984b3c4de52e8adf640a0c5e0bbe68d9cfb5df04", "best_bid": "0.53", "best_ask": "0.56"}, {"asset_id": "86934023414665345422427506679433864279296027898426531732170959339104415335162", "price": "0.85", "size": "200", "side": "SELL", "hash": "8be6250f7cdc8f71e62f9150c4fe8f9456f8f4d0", "best_bid": "0.44", "best_ask": "0.47"}], "timestamp": "1769384158078", "event_type": "price_change"}}
{"_local_timestamp": "2026-01-25T23:36:02.341761+00:00", "data": {"market": "0x921330240e4d92f8535d54bcb34b31750fc235761f97b064d92e54a48c2f9dca", "price_changes": [{"asset_id": "106102449360267073046637097096598048592436928340059823162151571020807191828087", "price": "0.11", "size": "1921.02", "side": "BUY", "hash": "b5cefbb1e6c4548aa9848dd300afabe0d59d83ad", "best_bid": "0.53", "best_ask": "0.56"}, {"asset_id": "86934023414665345422427506679433864279296027898426531732170959339104415335162", "price": "0.89", "size": "1921.02", "side": "SELL", "hash": "86812a9d8a4af9e88c72429af661a05cb964d2ea", "best_bid": "0.44", "best_ask": "0.47"}], "timestamp": "1769384162261", "event_type": "price_change"}}
{"_local_timestamp": "2026-01-25T23:36:02.678204+00:00", "data": {"market": "0x921330240e4d92f8535d54bcb34b31750fc235761f97b064d92e54a48c2f9dca", "price_changes": [{"asset_id": "106102449360267073046637097096598048592436928340059823162151571020807191828087", "price": "0.15", "size": "425", "side": "BUY", "hash": "a24af51ef4d1788862c35b4ebf1c1efe8db09722", "best_bid": "0.53", "best_ask": "0.56"}, {"asset_id": "86934023414665345422427506679433864279296027898426531732170959339104415335162", "price": "0.85", "size": "425", "side": "SELL", "hash": "d8a6611b7a67716146e20deebc38b5d4147071cd", "best_bid": "0.44", "best_ask": "0.47"}], "timestamp": "1769384162559", "event_type": "price_change"}}
{"_local_timestamp": "2026-01-25T23:36:05.936970+00:00", "data": {"market": "0x921330240e4d92f8535d54bcb34b31750fc235761f97b064d92e54a48c2f9dca", "price_changes": [{"asset_id": "106102449360267073046637097096598048592436928340059823162151571020807191828087", "price": "0.69", "size": "385.17", "side": "SELL", "hash": "e59b8c34a23273f55f1048cf6fc17f1048d253d1", "best_bid": "0.53", "best_ask": "0.56"}, {"asset_id": "86934023414665345422427506679433864279296027898426531732170959339104415335162", "price": "0.31", "size": "385.17", "side": "BUY", "hash": "cae94bd7aa2708c42297b57f40fc6f6b6acea024", "best_bid": "0.44", "best_ask": "0.47"}], "timestamp": "1769384165862", "event_type": "price_change"}}
{"_local_timestamp": "2026-01-25T23:36:18.464126+00:00", "data": {"market": "0x921330240e4d92f8535d54bcb34b31750fc235761f97b064d92e54a48c2f9dca", "price_changes": [{"asset_id": "106102449360267073046637097096598048592436928340059823162151571020807191828087", "price": "0.16", "size": "2624", "side": "BUY", "hash": "cf5386b3f9595d331e1cdb94cad4aa052b81496c", "best_bid": "0.53", "best_ask": "0.56"}, {"asset_id": "86934023414665345422427506679433864279296027898426531732170959339104415335162", "price": "0.84", "size": "2624", "side": "SELL", "hash": "28a1afe47dbc1c8f562c317918edca733edb4ab2", "best_bid": "0.44", "best_ask": "0.47"}], "timestamp": "1769384178395", "event_type": "price_change"}}
{"_local_timestamp": "2026-01-25T23:36:43.318923+00:00", "data": {"market": "0x921330240e4d92f8535d54bcb34b31750fc235761f97b064d92e54a48c2f9dca", "price_changes": [{"asset_id": "106102449360267073046637097096598048592436928340059823162151571020807191828087", "price": "0.15", "size": "200", "side": "BUY", "hash": "3b33b6a47b8a82696bfd34b5b549958244566355", "best_bid": "0.53", "best_ask": "0.56"}, {"asset_id": "86934023414665345422427506679433864279296027898426531732170959339104415335162", "price": "0.85", "size": "200", "side": "SELL", "hash": "438d708dc6ab250a690b96a699fbdd48d51d5338", "best_bid": "0.44", "best_ask": "0.47"}], "timestamp": "1769384203219", "event_type": "price_change"}}
{"_local_timestamp": "2026-01-25T23:36:43.679688+00:00", "data": {"market": "0x921330240e4d92f8535d54bcb34b31750fc235761f97b064d92e54a48c2f9dca", "price_changes": [{"asset_id": "106102449360267073046637097096598048592436928340059823162151571020807191828087", "price": "0.11", "size": "2146.02", "side": "BUY", "hash": "2c51ed1e7b8bf891df1b28c6a4b1a5b377cba031", "best_bid": "0.53", "best_ask": "0.56"}, {"asset_id": "86934023414665345422427506679433864279296027898426531732170959339104415335162", "price": "0.89", "size": "2146.02", "side": "SELL", "hash": "d5c7485fc2c07dab19534457ccd5a927a830a082", "best_bid": "0.44", "best_ask": "0.47"}], "timestamp": "1769384203571", "event_type": "price_change"}}
{"_local_timestamp": "2026-01-25T23:36:55.188971+00:00", "data": {"market": "0x921330240e4d92f8535d54bcb34b31750fc235761f97b064d92e54a48c2f9dca", "price_changes": [{"asset_id": "106102449360267073046637097096598048592436928340059823162151571020807191828087", "price": "0.15", "size": "0", "side": "BUY", "hash": "83d0b9f1d34d4dc759dc50d949e93219b76696a1", "best_bid": "0.53", "best_ask": "0.56"}, {"asset_id": "86934023414665345422427506679433864279296027898426531732170959339104415335162", "price": "0.85", "size": "0", "side": "SELL", "hash": "e65d2393ed9d082857bafe4e83ab296f1516c4ce", "best_bid": "0.44", "best_ask": "0.47"}], "timestamp": "1769384215038", "event_type": "price_change"}}
{"_local_timestamp": "2026-01-25T23:36:56.149938+00:00", "data": {"market": "0x921330240e4d92f8535d54bcb34b31750fc235761f97b064d92e54a48c2f9dca", "price_changes": [{"asset_id": "106102449360267073046637097096598048592436928340059823162151571020807191828087", "price": "0.11", "size": "2346.02", "side": "BUY", "hash": "7867f1b5c30e4621cc649fa14167e6d54a2d9cbf", "best_bid": "0.53", "best_ask": "0.56"}, {"asset_id": "86934023414665345422427506679433864279296027898426531732170959339104415335162", "price": "0.89", "size": "2346.02", "side": "SELL", "hash": "07da957722e5b00fc605365475f9fa90045c6464", "best_bid": "0.44", "best_ask": "0.47"}], "timestamp": "1769384215713", "event_type": "price_change"}}
{"_local_timestamp": "2026-01-25T23:37:09.988404+00:00", "data": {"market": "0x921330240e4d92f8535d54bcb34b31750fc235761f97b064d92e54a48c2f9dca", "price_changes": [{"asset_id": "106102449360267073046637097096598048592436928340059823162151571020807191828087", "price": "0.69", "size": "307", "side": "SELL", "hash": "a49b59e44ed938a14c93c545a121e6ee79eebaca", "best_bid": "0.53", "best_ask": "0.56"}, {"asset_id": "86934023414665345422427506679433864279296027898426531732170959339104415335162", "price": "0.31", "size": "307", "side": "BUY", "hash": "dcb7bb49083ec10f0a95a429feb32a9d790cac0f", "best_bid": "0.44", "best_ask": "0.47"}], "timestamp": "1769384229923", "event_type": "price_change"}}
{"_local_timestamp": "2026-01-25T23:37:13.059925+00:00", "data": {"market": "0x921330240e4d92f8535d54bcb34b31750fc235761f97b064d92e54a48c2f9dca", "price_changes": [{"asset_id": "106102449360267073046637097096598048592436928340059823162151571020807191828087", "price": "0.11", "size": "2221.02", "side": "BUY", "hash": "6b766ad91bceadc7691d577f2fa99fb0f481dc16", "best_bid": "0.53", "best_ask": "0.56"}, {"asset_id": "86934023414665345422427506679433864279296027898426531732170959339104415335162", "price": "0.89", "size": "2221.02", "side": "SELL", "hash": "4c2c4b92afc0dddbfe6c6771c14d8782f1838873", "best_bid": "0.44", "best_ask": "0.47"}], "timestamp": "1769384232991", "event_type": "price_change"}}
{"_local_timestamp": "2026-01-25T23:37:13.464977+00:00", "data": {"market": "0x921330240e4d92f8535d54bcb34b31750fc235761f97b064d92e54a48c2f9dca", "price_changes": [{"asset_id": "106102449360267073046637097096598048592436928340059823162151571020807191828087", "price": "0.15", "size": "125", "side": "BUY", "hash": "b9665e77c3441a4c9821f43b63cafcbd0b976666", "best_bid": "0.53", "best_ask": "0.56"}, {"asset_id": "86934023414665345422427506679433864279296027898426531732170959339104415335162", "price": "0.85", "size": "125", "side": "SELL", "hash": "ae11271bd0a3bc576a1ecce95d5d9ca9608ea94a", "best_bid": "0.44", "best_ask": "0.47"}], "timestamp": "1769384233357", "event_type": "price_change"}}
{"_local_timestamp": "2026-01-25T23:37:35.277447+00:00", "data": {"market": "0x921330240e4d92f8535d54bcb34b31750fc235761f97b064d92e54a48c2f9dca", "price_changes": [{"asset_id": "106102449360267073046637097096598048592436928340059823162151571020807191828087", "price": "0.16", "size": "0", "side": "BUY", "hash": "37ad21a13529510424fac4520bb425090ab598e7", "best_bid": "0.53", "best_ask": "0.56"}, {"asset_id": "86934023414665345422427506679433864279296027898426531732170959339104415335162", "price": "0.84", "size": "0", "side": "SELL", "hash": "b5c612779ecdbbd01361e4f4c8f6a578c15e7b19", "best_bid": "0.44", "best_ask": "0.47"}], "timestamp": "1769384255118", "event_type": "price_change"}}
{"_local_timestamp": "2026-01-25T23:37:43.623386+00:00", "data": {"market": "0x921330240e4d92f8535d54bcb34b31750fc235761f97b064d92e54a48c2f9dca", "price_changes": [{"asset_id": "106102449360267073046637097096598048592436928340059823162151571020807191828087", "price": "0.15", "size": "2923", "side": "BUY", "hash": "89b2431bb1535a4cc169c5382962512d697c89f4", "best_bid": "0.53", "best_ask": "0.56"}, {"asset_id": "86934023414665345422427506679433864279296027898426531732170959339104415335162", "price": "0.85", "size": "2923", "side": "SELL", "hash": "750e0f499d423b4aaa664892e91deb44eb7a2db5", "best_bid": "0.44", "best_ask": "0.47"}], "timestamp": "1769384263549", "event_type": "price_change"}}
{"_local_timestamp": "2026-01-25T23:38:34.452544+00:00", "data": {"market": "0x921330240e4d92f8535d54bcb34b31750fc235761f97b064d92e54a48c2f9dca", "price_changes": [{"asset_id": "106102449360267073046637097096598048592436928340059823162151571020807191828087", "price": "0.56", "size": "213.83", "side": "SELL", "hash": "80182ff6c42639a746484bd7b2385886e70fe2a7", "best_bid": "0.53", "best_ask": "0.56"}, {"asset_id": "86934023414665345422427506679433864279296027898426531732170959339104415335162", "price": "0.44", "size": "213.83", "side": "BUY", "hash": "cd77bcc8c0e71f6d165f87880df89e74ac10fa08", "best_bid": "0.44", "best_ask": "0.47"}], "timestamp": "1769384314383", "event_type": "price_change"}}
{"_local_timestamp": "2026-01-25T23:38:41.500427+00:00", "data": {"market": "0x921330240e4d92f8535d54bcb34b31750fc235761f97b064d92e54a48c2f9dca", "price_changes": [{"asset_id": "106102449360267073046637097096598048592436928340059823162151571020807191828087", "price": "0.11", "size": "1996.02", "side": "BUY", "hash": "f34f887ff726cc5ea1645b28b33268a37f85be87", "best_bid": "0.53", "best_ask": "0.56"}, {"asset_id": "86934023414665345422427506679433864279296027898426531732170959339104415335162", "price": "0.89", "size": "1996.02", "side": "SELL", "hash": "ad8fa3fd3ed7ff852730b0dc865da8370f0c03ec", "best_bid": "0.44", "best_ask": "0.47"}], "timestamp": "1769384321395", "event_type": "price_change"}}
{"_local_timestamp": "2026-01-25T23:38:41.795577+00:00", "data": {"market": "0x921330240e4d92f8535d54bcb34b31750fc235761f97b064d92e54a48c2f9dca", "price_changes": [{"asset_id": "106102449360267073046637097096598048592436928340059823162151571020807191828087", "price": "0.15", "size": "3148", "side": "BUY", "hash": "4074d182162b61b439b03edfeb57136d69de7f8c", "best_bid": "0.53", "best_ask": "0.56"}, {"asset_id": "86934023414665345422427506679433864279296027898426531732170959339104415335162", "price": "0.85", "size": "3148", "side": "SELL", "hash": "102028210c8580b49a9864a72cf7d88cdcb9a501", "best_bid": "0.44", "best_ask": "0.47"}], "timestamp": "1769384321668", "event_type": "price_change"}}
{"_local_timestamp": "2026-01-25T23:38:58.294363+00:00", "data": {"market": "0x921330240e4d92f8535d54bcb34b31750fc235761f97b064d92e54a48c2f9dca", "price_changes": [{"asset_id": "106102449360267073046637097096598048592436928340059823162151571020807191828087", "price": "0.15", "size": "3023", "side": "BUY", "hash": "379b8c7901c7a5165ee51e4494869b58f707105c", "best_bid": "0.53", "best_ask": "0.56"}, {"asset_id": "86934023414665345422427506679433864279296027898426531732170959339104415335162", "price": "0.85", "size": "3023", "side": "SELL", "hash": "9bb67966f9017b7209d805f32ccb34292bb3e533", "best_bid": "0.44", "best_ask": "0.47"}], "timestamp": "1769384338205", "event_type": "price_change"}}
{"_local_timestamp": "2026-01-25T23:38:58.777995+00:00", "data": {"market": "0x921330240e4d92f8535d54bcb34b31750fc235761f97b064d92e54a48c2f9dca", "price_changes": [{"asset_id": "106102449360267073046637097096598048592436928340059823162151571020807191828087", "price": "0.11", "size": "2121.02", "side": "BUY", "hash": "7a65d0d349d6931a9bd5651b5f612b98af9c4f58", "best_bid": "0.53", "best_ask": "0.56"}, {"asset_id": "86934023414665345422427506679433864279296027898426531732170959339104415335162", "price": "0.89", "size": "2121.02", "side": "SELL", "hash": "8a835e0482b4e23a0ab37e6b1b701e3c0804ff69", "best_bid": "0.44", "best_ask": "0.47"}], "timestamp": "1769384338636", "event_type": "price_change"}}
