{"_local_timestamp": "2026-01-25T23:33:21.788353+00:00", "data": [{"market": "0x3f451b060eea0d9bc7d66af72122684cec9db51972b6407402cd9d521a4034cb", "asset_id": "100541036509719227144678902409316822196590814611525765232708914691661660573802", "timestamp": "1769383963541", "hash": "0fec15c101364408394a91fa5de64d9e43e385f1", "bids": [{"price": "0.01", "size": "5509.71"}, {"price": "0.02", "size": "1500"}, {"price": "0.03", "size": "10.14"}, {"price": "0.05", "size": "2230"}, {"price": "0.09", "size": "900"}, {"price": "0.1", "size": "5.98"}, {"price": "0.14", "size": "242.85"}, {"price": "0.15", "size": "550"}, {"price": "0.18", "size": "177.77"}, {"price": "0.2", "size": "700"}, {"price": "0.21", "size": "910"}, {"price": "0.22", "size": "2058"}, {"price": "0.23", "size": "121.73"}, {"price": "0.27", "size": "146.29"}, {"price": "0.28", "size": "50"}, {"price": "0.32", "size": "75"}, {"price": "0.36", "size": "55.55"}, {"price": "0.39", "size": "3639"}, {"price": "0.4", "size": "375"}, {"price": "0.5", "size": "21.68"}, {"price": "0.71", "size": "20"}, {"price": "0.76", "size": "17.1"}, {"price": "0.77", "size": "14.28"}, {"price": "0.82", "size": "100"}, {"price": "0.83", "size": "92"}, {"price": "0.84", "size": "121.01"}, {"price": "0.85", "size": "513"}, {"price": "0.86", "size": "189"}], "asks": [{"price": "0.99", "size": "6.87"}, {"price": "0.98", "size": "5000"}, {"price": "0.97", "size": "250"}, {"price": "0.96", "size": "3834.84"}, {"price": "0.95", "size": "2110"}, {"price": "0.94", "size": "667"}, {"price": "0.93", "size": "7.68"}, {"price": "0.92", "size": "200"}, {"price": "0.91", "size": "473"}, {"price": "0.9", "size": "854.55"}, {"price": "0.89", "size": "159"}, {"price": "0.88", "size": "882.46"}], "event_type": "book", "last_trade_price": "0.860"}, {"market": "0x3f451b060eea0d9bc7d66af72122684cec9db51972b6407402cd9d521a4034cb", "asset_id": "71061461875209900766812068768816681292193805160628503277918359666928040556326", "timestamp": "1769383963541", "hash": "4709addc612c00c2e61e0b49a54d88e2ef3219f4", "bids": [{"price": "0.01", "size": "6.87"}, {"price": "0.02", "size": "5000"}, {"price": "0.03", "size": "250"}, {"price": "0.04", "size": "3834.84"}, {"price": "0.05", "size": "2110"}, {"price": "0.06", "size": "667"}, {"price": "0.07", "size": "7.68"}, {"price": "0.08", "size": "200"}, {"price": "0.09", "size": "473"}, {"price": "0.1", "size": "854.55"}, {"price": "0.11", "size": "159"}, {"price": "0.12", "size": "882.46"}], "asks": [{"price": "0.99", "size": "5509.71"}, {"price": "0.98", "size": "1500"}, {"price": "0.97", "size": "10.14"}, {"price": "0.95", "size": "2230"}, {"price": "0.91", "size": "900"}, {"price": "0.9", "size": "5.98"}, {"price": "0.86", "size": "242.85"}, {"price": "0.85", "size": "550"}, {"price": "0.82", "size": "177.77"}, {"price": "0.8", "size": "700"}, {"price": "0.79", "size": "910"}, {"price": "0.78", "size": "2058"}, {"price": "0.77", "size": "121.73"}, {"price": "0.73", "size": "146.29"}, {"price": "0.72", "size": "50"}, {"price": "0.68", "size": "75"}, {"price": "0.64", "size": "55.55"}, {"price": "0.61", "size": "3639"}, {"price": "0.6", "size": "375"}, {"price": "0.5", "size": "21.68"}, {"price": "0.29", "size": "20"}, {"price": "0.24", "size": "17.1"}, {"price": "0.23", "size": "14.28"}, {"price": "0.18", "size": "100"}, {"price": "0.17", "size": "92"}, {"price": "0.16", "size": "121.01"}, {"price": "0.15", "size": "513"}, {"price": "0.14", "size": "189"}], "event_type": "book", "last_trade_price": "0.860"}]}
{"_local_timestamp": "2026-01-25T23:33:33.336417+00:00", "data": {"market": "0x3f451b060eea0d9bc7d66af72122684cec9db51972b6407402cd9d521a4034cb", "price_changes": [{"asset_id": "100541036509719227144678902409316822196590814611525765232708914691661660573802", "price": "0.21", "size": "860", "side": "BUY", "hash": "24934a363d32e88552c47449628e085924aa2c40", "best_bid": "0.86", "best_ask": "0.88"}, {"asset_id": "71061461875209900766812068768816681292193805160628503277918359666928040556326", "price": "0.79", "size": "860", "side": "SELL", "hash": "7f00babb482e8bd61c13f63b09284ac127ed1291", "best_bid": "0.12", "best_ask": "0.14"}], "timestamp": "1769384013150", "event_type": "price_change"}}
{"_local_timestamp": "2026-01-25T23:33:33.712396+00:00", "data": {"market": "0x3f451b060eea0d9bc7d66af72122684cec9db51972b6407402cd9d521a4034cb", "price_changes": [{"asset_id": "100541036509719227144678902409316822196590814611525765232708914691661660573802", "price": "0.22", "size": "2108", "side": "BUY", "hash": "9b6a2180e1bdd8fb97839b85ad8a9d41bf1f30c4", "best_bid": "0.86", "best_ask": "0.88"}, {"asset_id": "71061461875209900766812068768816681292193805160628503277918359666928040556326", "price": "0.78", "size": "2108", "side": "SELL", "hash": "82d52f85d40b6268ab128794c39801e590d0226d", "best_bid": "0.12", "best_ask": "0.14"}], "timestamp": "1769384013553", "event_type": "price_change"}}
{"_local_timestamp": "2026-01-25T23:33:42.233603+00:00", "data": {"market": "0x3f451b060eea0d9bc7d66af72122684cec9db51972b6407402cd9d521a4034cb", "price_changes": [{"asset_id": "71061461875209900766812068768816681292193805160628503277918359666928040556326", "price": "0.04", "size": "3825", "side": "BUY", "hash": "2ca65e29faf7a5963fed03ad113f9dc987995da8", "best_bid": "0.12", "best_ask": "0.14"}, {"asset_id": "100541036509719227144678902409316822196590814611525765232708914691661660573802", "price": "0.96", "size": "3825", "side": "SELL", "hash": "1af58dc3d6da6b27ad16bc3c07a9d2ef1d570c92", "best_bid": "0.86", "best_ask": "0.88"}], "timestamp": "1769384022170", "event_type": "price_change"}}
{"_local_timestamp": "2026-01-25T23:33:42.254771+00:00", "data": {"market": "0x3f451b060eea0d9bc7d66af72122684cec9db51972b6407402cd9d521a4034cb", "price_changes": [{"asset_id": "71061461875209900766812068768816681292193805160628503277918359666928040556326", "price": "0.07", "size": "0", "side": "BUY", "hash": "2ca65e29faf7a5963fed03ad113f9dc987995da8", "best_bid": "0.12", "best_ask": "0.14"}, {"asset_id": "100541036509719227144678902409316822196590814611525765232708914691661660573802", "price": "0.93", "size": "0", "side": "SELL", "hash": "1af58dc3d6da6b27ad16bc3c07a9d2ef1d570c92", "best_bid": "0.86", "best_ask": "0.88"}], "timestamp": "1769384022170", "event_type": "price_change"}}
{"_local_timestamp": "2026-01-25T23:33:42.477910+00:00", "data": {"market": "0x3f451b060eea0d9bc7d66af72122684cec9db51972b6407402cd9d521a4034cb", "price_changes": [{"asset_id": "71061461875209900766812068768816681292193805160628503277918359666928040556326", "price": "0.04", "size": "3834.84", "side": "BUY", "hash": "fe773b1b6eeef8280805cea85d46ba78a84cd53b", "best_bid": "0.12", "best_ask": "0.14"}, {"asset_id": "100541036509719227144678902409316822196590814611525765232708914691661660573802", "price": "0.96", "size": "3834.84", "side": "SELL", "hash": "45f41faec321e37bd0a73bf301de2afb4a97b6ea", "best_bid": "0.86", "best_ask": "0.88"}], "timestamp": "1769384022410", "event_type": "price_change"}}
{"_local_timestamp": "2026-01-25T23:33:42.478477+00:00", "data": {"market": "0x3f451b060eea0d9bc7d66af72122684cec9db51972b6407402cd9d521a4034cb", "price_changes": [{"asset_id": "71061461875209900766812068768816681292193805160628503277918359666928040556326", "price": "0.07", "size": "7.68", "side": "BUY", "hash": "50d61d6b98881b92d9596e050744ca658e66b2ee", "best_bid": "0.12", "best_ask": "0.14"}, {"asset_id": "100541036509719227144678902409316822196590814611525765232708914691661660573802", "price": "0.93", "size": "7.68", "side": "SELL", "hash": "4bea9e532357474a72d0700551ee40b0576b7e81", "best_bid": "0.86", "best_ask": "0.88"}], "timestamp": "1769384022411", "event_type": "price_change"}}
{"_local_timestamp": "2026-01-25T23:34:28.025859+00:00", "data": {"market": "0x3f451b060eea0d9bc7d66af72122684cec9db51972b6407402cd9d521a4034cb", "price_changes": [{"asset_id": "100541036509719227144678902409316822196590814611525765232708914691661660573802", "price": "0.21", "size": "760", "side": "BUY", "hash": "3e670b1a50eafc5bcada6b023d55c2d40a8aec79", "best_bid": "0.86", "best_ask": "0.88"}, {"asset_id": "71061461875209900766812068768816681292193805160628503277918359666928040556326", "price": "0.79", "size": "760", "side": "SELL", "hash": "bb1014740d750edef556906c297b85d794153a44", "best_bid": "0.12", "best_ask": "0.14"}], "timestamp": "1769384067613", "event_type": "price_change"}}
{"_local_timestamp": "2026-01-25T23:34:28.620634+00:00", "data": {"market": "0x3f451b060eea0d9bc7d66af72122684cec9db51972b6407402cd9d521a4034cb", "price_changes": [{"asset_id": "100541036509719227144678902409316822196590814611525765232708914691661660573802", "price": "0.22", "size": "2208", "side": "BUY", "hash": "5b5e9a275d94cd0c30e76df1eaf861d64a60f264", "best_bid": "0.86", "best_ask": "0.88"}, {"asset_id": "71061461875209900766812068768816681292193805160628503277918359666928040556326", "price": "0.78", "size": "2208", "side": "SELL", "hash": "3157ca4e7214b4f0d51d4e42a9b18f11a07bca90", "best_bid": "0.12", "best_ask": "0.14"}], "timestamp": "1769384068128", "event_type": "price_change"}}
