{"_local_timestamp": "2026-01-25T23:40:29.681868+00:00", "data": [{"market": "0x53700c2b2fa65e0a3775c757d0c705be4bee8c265c49d283ef50a0dfb3bf8894", "asset_id": "7935869750973568991063634796432742901043529564448603464914559127943627115874", "timestamp": "1769384336586", "hash": "fe787284b32e77a3847b5861556a62fa8ab5ed27", "bids": [{"price": "0.001", "size": "9201.37"}, {"price": "0.002", "size": "7058"}, {"price": "0.003", "size": "288.47"}, {"price": "0.004", "size": "2528.71"}, {"price": "0.005", "size": "1022.33"}, {"price": "0.006", "size": "7530.25"}, {"price": "0.007", "size": "30.02"}, {"price": "0.008", "size": "137.5"}, {"price": "0.009", "size": "910.16"}, {"price": "0.01", "size": "302"}, {"price": "0.011", "size": "1118.09"}, {"price": "0.012", "size": "600"}], "asks": [{"price": "0.999", "size": "5858.97"}, {"price": "0.998", "size": "1255.06"}, {"price": "0.997", "size": "1400"}, {"price": "0.996", "size": "8.65"}, {"price": "0.994", "size": "200"}, {"price": "0.99", "size": "3250"}, {"price": "0.989", "size": "5.14"}, {"price": "0.98", "size": "1000"}, {"price": "0.979", "size": "190.47"}, {"price": "0.968", "size": "261.36"}, {"price": "0.967", "size": "8.95"}, {"price": "0.95", "size": "2330"}, {"price": "0.949", "size": "117.43"}, {"price": "0.93", "size": "3099.98"}, {"price": "0.928", "size": "116.15"}, {"price": "0.9", "size": "1748.08"}, {"price": "0.898", "size": "18"}, {"price": "0.892", "size": "77.43"}, {"price": "0.891", "size": "5.48"}, {"price": "0.877", "size": "32.52"}, {"price": "0.876", "size": "35.19"}, {"price": "0.85", "size": "776.66"}, {"price": "0.849", "size": "26.49"}, {"price": "0.847", "size": "26.14"}, {"price": "0.846", "size": "28.33"}, {"price": "0.8", "size": "610"}, {"price": "0.799", "size": "41.6"}, {"price": "0.75", "size": "362"}, {"price": "0.749", "size": "33.31"}, {"price": "0.7", "size": "186.66"}, {"price": "0.699", "size": "14.49"}, {"price": "0.65", "size": "68.57"}, {"price": "0.649", "size": "12.43"}, {"price": "0.648", "size": "11.36"}, {"price": "0.6", "size": "150"}, {"price": "0.59", "size": "3543.05"}, {"price": "0.589", "size": "5"}, {"price": "0.588", "size": "10.59"}, {"price": "0.551", "size": "8.9"}, {"price": "0.55", "size": "9.69"}, {"price": "0.077", "size": "1011.69"}, {"price": "0.058", "size": "500"}, {"price": "0.057", "size": "500"}, {"price": "0.055", "size": "2300"}, {"price": "0.049", "size": "312.1"}, {"price": "0.043", "size": "51"}, {"price": "0.042", "size": "17.63"}, {"price": "0.04", "size": "1000"}, {"price": "0.038", "size": "1000"}, {"price": "0.027", "size": "200"}, {"price": "0.026", "size": "391.3"}, {"price": "0.024", "size": "300"}, {"price": "0.021", "size": "17"}, {"price": "0.019", "size": "509.92"}, {"price": "0.018", "size": "253.07"}, {"price": "0.017", "size": "3700"}, {"price": "0.016", "size": "6900"}, {"price": "0.015", "size": "1076.93"}, {"price": "0.013", "size": "72.46"}], "event_type": "book", "last_trade_price": "0.013"}, {"market": "0x53700c2b2fa65e0a3775c757d0c705be4bee8c265c49d283ef50a0dfb3bf8894", "asset_id": "40635745065483171354210492699079862696789237657248181561502664751201684944045", "timestamp": "1769384336586", "hash": "6f03f900b7ff190b3928839433e0663ba330dd15", "bids": [{"price": "0.001", "size": "5858.97"}, {"price": "0.002", "size": "1255.06"}, {"price": "0.003", "size": "1400"}, {"price": "0.004", "size": "8.65"}, {"price": "0.006", "size": "200"}, {"price": "0.01", "size": "3250"}, {"price": "0.011", "size": "5.14"}, {"price": "0.02", "size": "1000"}, {"price": "0.021", "size": "190.47"}, {"price": "0.032", "size": "261.36"}, {"price": "0.033", "size": "8.95"}, {"price": "0.05", "size": "2330"}, {"price": "0.051", "size": "117.43"}, {"price": "0.07", "size": "3099.98"}, {"price": "0.072", "size": "116.15"}, {"price": "0.1", "size": "1748.08"}, {"price": "0.102", "size": "18"}, {"price": "0.108", "size": "77.43"}, {"price": "0.109", "size": "5.48"}, {"price": "0.123", "size": "32.52"}, {"price": "0.124", "size": "35.19"}, {"price": "0.15", "size": "776.66"}, {"price": "0.151", "size": "26.49"}, {"price": "0.153", "size": "26.14"}, {"price": "0.154", "size": "28.33"}, {"price": "0.2", "size": "610"}, {"price": "0.201", "size": "41.6"}, {"price": "0.25", "size": "362"}, {"price": "0.251", "size": "33.31"}, {"price": "0.3", "size": "186.66"}, {"price": "0.301", "size": "14.49"}, {"price": "0.35", "size": "68.57"}, {"price": "0.351", "size": "12.43"}, {"price": "0.352", "size": "11.36"}, {"price": "0.4", "size": "150"}, {"price": "0.41", "size": "3543.05"}, {"price": "0.411", "size": "5"}, {"price": "0.412", "size": "10.59"}, {"price": "0.449", "size": "8.9"}, {"price": "0.45", "size": "9.69"}, {"price": "0.923", "size": "1011.69"}, {"price": "0.942", "size": "500"}, {"price": "0.943", "size": "500"}, {"price": "0.945", "size": "2300"}, {"price": "0.951", "size": "312.1"}, {"price": "0.957", "size": "51"}, {"price": "0.958", "size": "17.63"}, {"price": "0.96", "size": "1000"}, {"price": "0.962", "size": "1000"}, {"price": "0.973", "size": "200"}, {"price": "0.974", "size": "391.3"}, {"price": "0.976", "size": "300"}, {"price": "0.979", "size": "17"}, {"price": "0.981", "size": "509.92"}, {"price": "0.982", "size": "253.07"}, {"price": "0.983", "size": "3700"}, {"price": "0.984", "size": "6900"}, {"price": "0.985", "size": "1076.93"}, {"price": "0.987", "size": "72.46"}], "asks": [{"price": "0.999", "size": "9201.37"}, {"price": "0.998", "size": "7058"}, {"price": "0.997", "size": "288.47"}, {"price": "0.996", "size": "2528.71"}, {"price": "0.995", "size": "1022.33"}, {"price": "0.994", "size": "7530.25"}, {"price": "0.993", "size": "30.02"}, {"price": "0.992", "size": "137.5"}, {"price": "0.991", "size": "910.16"}, {"price": "0.99", "size": "302"}, {"price": "0.989", "size": "1118.09"}, {"price": "0.988", "size": "600"}], "event_type": "book", "last_trade_price": "0.013"}]}
{"_local_timestamp": "2026-01-25T23:42:18.028521+00:00", "data": {"market": "0x53700c2b2fa65e0a3775c757d0c705be4bee8c265c49d283ef50a0dfb3bf8894", "price_changes": [{"asset_id": "7935869750973568991063634796432742901043529564448603464914559127943627115874", "price": "0.002", "size": "7000", "side": "BUY", "hash": "f0c93753e059138c435efb342ee198b48101d9be", "best_bid": "0.012", "best_ask": "0.013"}, {"asset_id": "40635745065483171354210492699079862696789237657248181561502664751201684944045", "price": "0.998", "size": "7000", "side": "SELL", "hash": "019507cfe7c55f967730f6fbaf831c05b3216fff", "best_bid": "0.987", "best_ask": "0.988"}], "timestamp": "1769384537914", "event_type": "price_change"}}
{"_local_timestamp": "2026-01-25T23:42:18.029568+00:00", "data": {"market": "0x53700c2b2fa65e0a3775c757d0c705be4bee8c265c49d283ef50a0dfb3bf8894", "price_changes": [{"asset_id": "7935869750973568991063634796432742901043529564448603464914559127943627115874", "price": "0.003", "size": "250", "side": "BUY", "hash": "f0c93753e059138c435efb342ee198b48101d9be", "best_bid": "0.012", "best_ask": "0.013"}, {"asset_id": "40635745065483171354210492699079862696789237657248181561502664751201684944045", "price": "0.997", "size": "250", "side": "SELL", "hash": "019507cfe7c55f967730f6fbaf831c05b3216fff", "best_bid": "0.987", "best_ask": "0.988"}], "timestamp": "1769384537914", "event_type": "price_change"}}
{"_local_timestamp": "2026-01-25T23:42:18.029987+00:00", "data": {"market": "0x53700c2b2fa65e0a3775c757d0c705be4bee8c265c49d283ef50a0dfb3bf8894", "price_changes": [{"asset_id": "7935869750973568991063634796432742901043529564448603464914559127943627115874", "price": "0.004", "size": "2500", "side": "BUY", "hash": "f0c93753e059138c435efb342ee198b48101d9be", "best_bid": "0.012", "best_ask": "0.013"}, {"asset_id": "40635745065483171354210492699079862696789237657248181561502664751201684944045", "price": "0.996", "size": "2500", "side": "SELL", "hash": "019507cfe7c55f967730f6fbaf831c05b3216fff", "best_bid": "0.987", "best_ask": "0.988"}], "timestamp": "1769384537914", "event_type": "price_change"}}
{"_local_timestamp": "2026-01-25T23:42:18.556005+00:00", "data": {"market": "0x53700c2b2fa65e0a3775c757d0c705be4bee8c265c49d283ef50a0dfb3bf8894", "price_changes": [{"asset_id": "7935869750973568991063634796432742901043529564448603464914559127943627115874", "price": "0.003", "size": "288.47", "side": "BUY", "hash": "3ac2632015511db1d504d334283a634f5dfe35e5", "best_bid": "0.012", "best_ask": "0.013"}, {"asset_id": "40635745065483171354210492699079862696789237657248181561502664751201684944045", "price": "0.997", "size": "288.47", "side": "SELL", "hash": "e35d340df9597552cc9c77fb64583ce2aec579cf", "best_bid": "0.987", "best_ask": "0.988"}], "timestamp": "1769384538442", "event_type": "price_change"}}
{"_local_timestamp": "2026-01-25T23:42:18.556741+00:00", "data": {"market": "0x53700c2b2fa65e0a3775c757d0c705be4bee8c265c49d283ef50a0dfb3bf8894", "price_changes": [{"asset_id": "7935869750973568991063634796432742901043529564448603464914559127943627115874", "price": "0.01", "size": "313.14", "side": "BUY", "hash": "2ad3bf00113bd0d46758864f98bde27f8194588a", "best_bid": "0.012", "best_ask": "0.013"}, {"asset_id": "40635745065483171354210492699079862696789237657248181561502664751201684944045", "price": "0.99", "size": "313.14", "side": "SELL", "hash": "9f6ff35e4790f76985254484b48dc3921bd809dc", "best_bid": "0.987", "best_ask": "0.988"}], "timestamp": "1769384538443", "event_type": "price_change"}}
{"_local_timestamp": "2026-01-25T23:42:18.563960+00:00", "data": {"market": "0x53700c2b2fa65e0a3775c757d0c705be4bee8c265c49d283ef50a0dfb3bf8894", "price_changes": [{"asset_id": "7935869750973568991063634796432742901043529564448603464914559127943627115874", "price": "0.002", "size": "7058", "side": "BUY", "hash": "37ddc0911f39c956faeaff6d055d9fd5998619af", "best_bid": "0.012", "best_ask": "0.013"}, {"asset_id": "40635745065483171354210492699079862696789237657248181561502664751201684944045", "price": "0.998", "size": "7058", "side": "SELL", "hash": "7417b988da6eae3e4c2719d0c19e76f9295e8c9c", "best_bid": "0.987", "best_ask": "0.988"}], "timestamp": "1769384538444", "event_type": "price_change"}}
{"_local_timestamp": "2026-01-25T23:42:18.564490+00:00", "data": {"market": "0x53700c2b2fa65e0a3775c757d0c705be4bee8c265c49d283ef50a0dfb3bf8894", "price_changes": [{"asset_id": "7935869750973568991063634796432742901043529564448603464914559127943627115874", "price": "0.004", "size": "2528.71", "side": "BUY", "hash": "ad4413001f720e0f1a849cf834cc25068a88b8f6", "best_bid": "0.012", "best_ask": "0.013"}, {"asset_id": "40635745065483171354210492699079862696789237657248181561502664751201684944045", "price": "0.996", "size": "2528.71", "side": "SELL", "hash": "743e213f096957c03beab5a206d321c4aac1906c", "best_bid": "0.987", "best_ask": "0.988"}], "timestamp": "1769384538445", "event_type": "price_change"}}
{"_local_timestamp": "2026-01-25T23:42:49.337740+00:00", "data": {"market": "0x53700c2b2fa65e0a3775c757d0c705be4bee8c265c49d283ef50a0dfb3bf8894", "price_changes": [{"asset_id": "40635745065483171354210492699079862696789237657248181561502664751201684944045", "price": "0.449", "size": "0", "side": "BUY", "hash": "98804427f5e4c70851a015567b6702080a3d9dea", "best_bid": "0.987", "best_ask": "0.988"}, {"asset_id": "7935869750973568991063634796432742901043529564448603464914559127943627115874", "price": "0.551", "size": "0", "side": "SELL", "hash": "1e9ce24f968584e29226cf9f3d879e1b8c8b7b57", "best_bid": "0.012", "best_ask": "0.013"}], "timestamp": "1769384569196", "event_type": "price_change"}}
{"_local_timestamp": "2026-01-25T23:42:49.521144+00:00", "data": {"market": "0x53700c2b2fa65e0a3775c757d0c705be4bee8c265c49d283ef50a0dfb3bf8894", "price_changes": [{"asset_id": "40635745065483171354210492699079862696789237657248181561502664751201684944045", "price": "0.352", "size": "0", "side": "BUY", "hash": "6a5349a3e0782e3e56fb2f74d29ee6ed0599f031", "best_bid": "0.987", "best_ask": "0.988"}, {"asset_id": "7935869750973568991063634796432742901043529564448603464914559127943627115874", "price": "0.648", "size": "0", "side": "SELL", "hash": "6a56dcddb5b819f3d1006ca4158cf8f524f28c81", "best_bid": "0.012", "best_ask": "0.013"}], "timestamp": "1769384569390", "event_type": "price_change"}}
{"_local_timestamp": "2026-01-25T23:42:49.722418+00:00", "data": {"market": "0x53700c2b2fa65e0a3775c757d0c705be4bee8c265c49d283ef50a0dfb3bf8894", "price_changes": [{"asset_id": "40635745065483171354210492699079862696789237657248181561502664751201684944045", "price": "0.153", "size": "0", "side": "BUY", "hash": "39487cda3b589debbf46fa8aecc2f83d1bef936a", "best_bid": "0.987", "best_ask": "0.988"}, {"asset_id": "7935869750973568991063634796432742901043529564448603464914559127943627115874", "price": "0.847", "size": "0", "side": "SELL", "hash": "68144828295bd4dfde06844e58f11d85835be614", "best_bid": "0.012", "best_ask": "0.013"}], "timestamp": "1769384569583", "event_type": "price_change"}}
{"_local_timestamp": "2026-01-25T23:42:49.929893+00:00", "data": {"market": "0x53700c2b2fa65e0a3775c757d0c705be4bee8c265c49d283ef50a0dfb3bf8894", "price_changes": [{"asset_id": "40635745065483171354210492699079862696789237657248181561502664751201684944045", "price": "0.123", "size": "0", "side": "BUY", "hash": "aad80e8768b096d713e417fe9d10efa05e21417b", "best_bid": "0.987", "best_ask": "0.988"}, {"asset_id": "7935869750973568991063634796432742901043529564448603464914559127943627115874", "price": "0.877", "size": "0", "side": "SELL", "hash": "bb056503213ee1c8df9c77f3004762641876332f", "best_bid": "0.012", "best_ask": "0.013"}], "timestamp": "1769384569797", "event_type": "price_change"}}
{"_local_timestamp": "2026-01-25T23:42:50.149273+00:00", "data": {"market": "0x53700c2b2fa65e0a3775c757d0c705be4bee8c265c49d283ef50a0dfb3bf8894", "price_changes": [{"asset_id": "40635745065483171354210492699079862696789237657248181561502664751201684944045", "price": "0.108", "size": "40.4", "side": "BUY", "hash": "9c596e09757510260b8b7a60528d4cb73a530a72", "best_bid": "0.987", "best_ask": "0.988"}, {"asset_id": "7935869750973568991063634796432742901043529564448603464914559127943627115874", "price": "0.892", "size": "40.4", "side": "SELL", "hash": "194241e140e7fff6ec3bfdf8b3d02d6352ae9bbd", "best_bid": "0.012", "best_ask": "0.013"}], "timestamp": "1769384570003", "event_type": "price_change"}}
{"_local_timestamp": "2026-01-25T23:42:50.338583+00:00", "data": {"market": "0x53700c2b2fa65e0a3775c757d0c705be4bee8c265c49d283ef50a0dfb3bf8894", "price_changes": [{"asset_id": "40635745065483171354210492699079862696789237657248181561502664751201684944045", "price": "0.072", "size": "60.6", "side": "BUY", "hash": "076fe6623877b120f7932e4df8e6e491e213f61b", "best_bid": "0.987", "best_ask": "0.988"}, {"asset_id": "7935869750973568991063634796432742901043529564448603464914559127943627115874", "price": "0.928", "size": "60.6", "side": "SELL", "hash": "bf08cff49c4e4737f6cd60082fef150541cac58c", "best_bid": "0.012", "best_ask": "0.013"}], "timestamp": "1769384570204", "event_type": "price_change"}}
{"_local_timestamp": "2026-01-25T23:42:50.546383+00:00", "data": {"market": "0x53700c2b2fa65e0a3775c757d0c705be4bee8c265c49d283ef50a0dfb3bf8894", "price_changes": [{"asset_id": "40635745065483171354210492699079862696789237657248181561502664751201684944045", "price": "0.032", "size": "136.36", "side": "BUY", "hash": "c050d6a445d32e88175578d66d274ebed173b31e", "best_bid": "0.987", "best_ask": "0.988"}, {"asset_id": "7935869750973568991063634796432742901043529564448603464914559127943627115874", "price": "0.968", "size": "136.36", "side": "SELL", "hash": "050bd9d7f91e1664ca61b76fc2983bd44b507348", "best_bid": "0.012", "best_ask": "0.013"}], "timestamp": "1769384570409", "event_type": "price_change"}}
{"_local_timestamp": "2026-01-25T23:42:50.745447+00:00", "data": {"market": "0x53700c2b2fa65e0a3775c757d0c705be4bee8c265c49d283ef50a0dfb3bf8894", "price_changes": [{"asset_id": "40635745065483171354210492699079862696789237657248181561502664751201684944045", "price": "0.021", "size": "0", "side": "BUY", "hash": "e123fe9a24b55485da3ad564dd632a1f6c2e7a52", "best_bid": "0.987", "best_ask": "0.988"}, {"asset_id": "7935869750973568991063634796432742901043529564448603464914559127943627115874", "price": "0.979", "size": "0", "side": "SELL", "hash": "edfd605e18790827b8aef0a2aa4f7079844925f3", "best_bid": "0.012", "best_ask": "0.013"}], "timestamp": "1769384570613", "event_type": "price_change"}}
{"_local_timestamp": "2026-01-25T23:42:50.970143+00:00", "data": {"market": "0x53700c2b2fa65e0a3775c757d0c705be4bee8c265c49d283ef50a0dfb3bf8894", "price_changes": [{"asset_id": "40635745065483171354210492699079862696789237657248181561502664751201684944045", "price": "0.021", "size": "175.82", "side": "BUY", "hash": "93fb48cdcc7cb21f0bdc870d13be82a0020b4d8a", "best_bid": "0.987", "best_ask": "0.988"}, {"asset_id": "7935869750973568991063634796432742901043529564448603464914559127943627115874", "price": "0.979", "size": "175.82", "side": "SELL", "hash": "8da3c0c4b28afbc6386ce439575c44f34c1473e2", "best_bid": "0.012", "best_ask": "0.013"}], "timestamp": "1769384570836", "event_type": "price_change"}}
{"_local_timestamp": "2026-01-25T23:42:51.209722+00:00", "data": {"market": "0x53700c2b2fa65e0a3775c757d0c705be4bee8c265c49d283ef50a0dfb3bf8894", "price_changes": [{"asset_id": "40635745065483171354210492699079862696789237657248181561502664751201684944045", "price": "0.034", "size": "108.59", "side": "BUY", "hash": "261a7c49573a68fd77d265e8ab577c2f14cf706a", "best_bid": "0.987", "best_ask": "0.988"}, {"asset_id": "7935869750973568991063634796432742901043529564448603464914559127943627115874", "price": "0.966", "size": "108.59", "side": "SELL", "hash": "769b4d5048977cd2f83448a65c513cd3041c6e13", "best_bid": "0.012", "best_ask": "0.013"}], "timestamp": "1769384571057", "event_type": "price_change"}}
{"_local_timestamp": "2026-01-25T23:42:51.375916+00:00", "data": {"market": "0x53700c2b2fa65e0a3775c757d0c705be4bee8c265c49d283ef50a0dfb3bf8894", "price_changes": [{"asset_id": "40635745065483171354210492699079862696789237657248181561502664751201684944045", "price": "0.051", "size": "39", "side": "BUY", "hash": "ba590e0c16c2c8c26008bf177c49f10ef765043e", "best_bid": "0.987", "best_ask": "0.988"}, {"asset_id": "7935869750973568991063634796432742901043529564448603464914559127943627115874", "price": "0.949", "size": "39", "side": "SELL", "hash": "c2a23eae3745d2fd590e92dae619d42531a16684", "best_bid": "0.012", "best_ask": "0.013"}], "timestamp": "1769384571236", "event_type": "price_change"}}
{"_local_timestamp": "2026-01-25T23:42:51.611635+00:00", "data": {"market": "0x53700c2b2fa65e0a3775c757d0c705be4bee8c265c49d283ef50a0dfb3bf8894", "price_changes": [{"asset_id": "40635745065483171354210492699079862696789237657248181561502664751201684944045", "price": "0.051", "size": "111.39", "side": "BUY", "hash": "9e9d41c0ed2866ee774cd4a95db331417edbd71d", "best_bid": "0.987", "best_ask": "0.988"}, {"asset_id": "7935869750973568991063634796432742901043529564448603464914559127943627115874", "price": "0.949", "size": "111.39", "side": "SELL", "hash": "229533da7f65a23669fcca90a7fef5e3689f0a1e", "best_bid": "0.012", "best_ask": "0.013"}], "timestamp": "1769384571468", "event_type": "price_change"}}
{"_local_timestamp": "2026-01-25T23:42:51.809414+00:00", "data": {"market": "0x53700c2b2fa65e0a3775c757d0c705be4bee8c265c49d283ef50a0dfb3bf8894", "price_changes": [{"asset_id": "40635745065483171354210492699079862696789237657248181561502664751201684944045", "price": "0.071", "size": "52", "side": "BUY", "hash": "40070277b5b8710d2c4ab518365968883cc81123", "best_bid": "0.987", "best_ask": "0.988"}, {"asset_id": "7935869750973568991063634796432742901043529564448603464914559127943627115874", "price": "0.929", "size": "52", "side": "SELL", "hash": "aa45a2bb3d770aac014f48c62753e2f8ba075b3b", "best_bid": "0.012", "best_ask": "0.013"}], "timestamp": "1769384571673", "event_type": "price_change"}}
{"_local_timestamp": "2026-01-25T23:42:52.017742+00:00", "data": {"market": "0x53700c2b2fa65e0a3775c757d0c705be4bee8c265c49d283ef50a0dfb3bf8894", "price_changes": [{"asset_id": "40635745065483171354210492699079862696789237657248181561502664751201684944045", "price": "0.103", "size": "35.84", "side": "BUY", "hash": "73ea4b5aef92340e6b20af212a16b474294a11de", "best_bid": "0.987", "best_ask": "0.988"}, {"asset_id": "7935869750973568991063634796432742901043529564448603464914559127943627115874", "price": "0.897", "size": "35.84", "side": "SELL", "hash": "b9a20b73f9441904c3c96037699372ed160d21c5", "best_bid": "0.012", "best_ask": "0.013"}], "timestamp": "1769384571883", "event_type": "price_change"}}
{"_local_timestamp": "2026-01-25T23:42:52.251706+00:00", "data": {"market": "0x53700c2b2fa65e0a3775c757d0c705be4bee8c265c49d283ef50a0dfb3bf8894", "price_changes": [{"asset_id": "40635745065483171354210492699079862696789237657248181561502664751201684944045", "price": "0.125", "size": "29.53", "side": "BUY", "hash": "4fbdd3bb2ef73f73a521b5351449ec0918caee67", "best_bid": "0.987", "best_ask": "0.988"}, {"asset_id": "7935869750973568991063634796432742901043529564448603464914559127943627115874", "price": "0.875", "size": "29.53", "side": "SELL", "hash": "81f433a253049f12521f93c4bba7d8cb0c1ff1b6", "best_bid": "0.012", "best_ask": "0.013"}], "timestamp": "1769384572107", "event_type": "price_change"}}
