{"_local_timestamp": "2026-01-25T23:33:48.184644+00:00", "data": [{"market": "0xc71ae60417a812b0a16d7eca04bbd5db4a330a56b3c8cb4fe254f2a7b77207f3", "asset_id": "46179339716073735090378675674664043208832842430526090272895953783274864770185", "timestamp": "1769384020565", "hash": "6561f091e386c453589149b81d611b9d3cab1c8f", "bids": [{"price": "0.01", "size": "5609.76"}, {"price": "0.02", "size": "2200"}, {"price": "0.03", "size": "9.12"}, {"price": "0.05", "size": "30"}, {"price": "0.08", "size": "1250"}, {"price": "0.09", "size": "6.98"}, {"price": "0.13", "size": "261.53"}, {"price": "0.14", "size": "550"}, {"price": "0.17", "size": "188.23"}, {"price": "0.2", "size": "455"}, {"price": "0.21", "size": "893.33"}, {"price": "0.22", "size": "2108"}, {"price": "0.25", "size": "5"}, {"price": "0.26", "size": "100"}, {"price": "0.27", "size": "105"}, {"price": "0.28", "size": "357"}, {"price": "0.3", "size": "80"}, {"price": "0.34", "size": "183.82"}, {"price": "0.55", "size": "20"}, {"price": "0.6", "size": "500"}, {"price": "0.71", "size": "18.3"}, {"price": "0.72", "size": "15.27"}, {"price": "0.78", "size": "380.97"}, {"price": "0.79", "size": "800"}, {"price": "0.81", "size": "1050"}, {"price": "0.82", "size": "180"}, {"price": "0.83", "size": "1219.08"}], "asks": [{"price": "0.99", "size": "4606.97"}, {"price": "0.98", "size": "3077.2"}, {"price": "0.97", "size": "11.77"}, {"price": "0.96", "size": "1500"}, {"price": "0.94", "size": "216.66"}, {"price": "0.93", "size": "78.57"}, {"price": "0.92", "size": "7.21"}, {"price": "0.88", "size": "55"}, {"price": "0.87", "size": "500"}, {"price": "0.86", "size": "550"}, {"price": "0.85", "size": "18338.14"}], "event_type": "book", "last_trade_price": "0.840"}, {"market": "0xc71ae60417a812b0a16d7eca04bbd5db4a330a56b3c8cb4fe254f2a7b77207f3", "asset_id": "100441399760622064650840625494872216181329090159239475460428335733835379523137", "timestamp": "1769384020565", "hash": "19eb8987902d091380ada8151d891295baba3a33", "bids": [{"price": "0.01", "size": "4606.97"}, {"price": "0.02", "size": "3077.2"}, {"price": "0.03", "size": "11.77"}, {"price": "0.04", "size": "1500"}, {"price": "0.06", "size": "216.66"}, {"price": "0.07", "size": "78.57"}, {"price": "0.08", "size": "7.21"}, {"price": "0.12", "size": "55"}, {"price": "0.13", "size": "500"}, {"price": "0.14", "size": "550"}, {"price": "0.15", "size": "18338.14"}], "asks": [{"price": "0.99", "size": "5609.76"}, {"price": "0.98", "size": "2200"}, {"price": "0.97", "size": "9.12"}, {"price": "0.95", "size": "30"}, {"price": "0.92", "size": "1250"}, {"price": "0.91", "size": "6.98"}, {"price": "0.87", "size": "261.53"}, {"price": "0.86", "size": "550"}, {"price": "0.83", "size": "188.23"}, {"price": "0.8", "size": "455"}, {"price": "0.79", "size": "893.33"}, {"price": "0.78", "size": "2108"}, {"price": "0.75", "size": "5"}, {"price": "0.74", "size": "100"}, {"price": "0.73", "size": "105"}, {"price": "0.72", "size": "357"}, {"price": "0.7", "size": "80"}, {"price": "0.66", "size": "183.82"}, {"price": "0.45", "size": "20"}, {"price": "0.4", "size": "500"}, {"price": "0.29", "size": "18.3"}, {"price": "0.28", "size": "15.27"}, {"price": "0.22", "size": "380.97"}, {"price": "0.21", "size": "800"}, {"price": "0.19", "size": "1050"}, {"price": "0.18", "size": "180"}, {"price": "0.17", "size": "1219.08"}], "event_type": "book", "last_trade_price": "0.840"}, {"market": "0xfa13efa033b68c664ba009a6187cb337969ee45f418f0958b4d3654a345c79ea", "asset_id": "14198420664819580603238555810652932631588491733675417168465407739911632492677", "timestamp": "1769384027414", "hash": "2ca7c63098ad6085f3eb8ee01489df4950f84a34", "bids": [{"price": "0.01", "size": "19300"}, {"price": "0.02", "size": "258.25"}, {"price": "0.03", "size": "14.95"}, {"price": "0.05", "size": "2080"}, {"price": "0.06", "size": "10948.6"}, {"price": "0.07", "size": "658"}, {"price": "0.08", "size": "1369.68"}, {"price": "0.09", "size": "0.39"}], "asks": [{"price": "0.99", "size": "7364.21"}, {"price": "0.98", "size": "2200"}, {"price": "0.97", "size": "250"}, {"price": "0.96", "size": "5.68"}, {"price": "0.95", "size": "30"}, {"price": "0.94", "size": "33"}, {"price": "0.91", "size": "1200"}, {"price": "0.9", "size": "6.3"}, {"price": "0.86", "size": "242.85"}, {"price": "0.85", "size": "600"}, {"price": "0.82", "size": "177.77"}, {"price": "0.8", "size": "400"}, {"price": "0.78", "size": "735"}, {"price": "0.77", "size": "2147.73"}, {"price": "0.72", "size": "142.85"}, {"price": "0.71", "size": "150"}, {"price": "0.68", "size": "75"}, {"price": "0.63", "size": "54.05"}, {"price": "0.61", "size": "1663"}, {"price": "0.44", "size": "3000"}, {"price": "0.28", "size": "1000"}, {"price": "0.2", "size": "10"}, {"price": "0.12", "size": "2833"}, {"price": "0.11", "size": "1747.1"}, {"price": "0.1", "size": "1079.36"}], "event_type": "book", "last_trade_price": "0.100"}, {"market": "0xfa13efa033b68c664ba009a6187cb337969ee45f418f0958b4d3654a345c79ea", "asset_id": "6969505512906397892758093530201478472799952923489958561611143885815628277167", "timestamp": "1769384027414", "hash": "8c635326d3b158e712597622cd01622d2967fba3", "bids": [{"price": "0.01", "size": "7364.21"}, {"price": "0.02", "size": "2200"}, {"price": "0.03", "size": "250"}, {"price": "0.04", "size": "5.68"}, {"price": "0.05", "size": "30"}, {"price": "0.06", "size": "33"}, {"price": "0.09", "size": "1200"}, {"price": "0.1", "size": "6.3"}, {"price": "0.14", "size": "242.85"}, {"price": "0.15", "size": "600"}, {"price": "0.18", "size": "177.77"}, {"price": "0.2", "size": "400"}, {"price": "0.22", "size": "735"}, {"price": "0.23", "size": "2147.73"}, {"price": "0.28", "size": "142.85"}, {"price": "0.29", "size": "150"}, {"price": "0.32", "size": "75"}, {"price": "0.37", "size": "54.05"}, {"price": "0.39", "size": "1663"}, {"price": "0.56", "size": "3000"}, {"price": "0.72", "size": "1000"}, {"price": "0.8", "size": "10"}, {"price": "0.88", "size": "2833"}, {"price": "0.89", "size": "1747.1"}, {"price": "0.9", "size": "1079.36"}], "asks": [{"price": "0.99", "size": "19300"}, {"price": "0.98", "size": "258.25"}, {"price": "0.97", "size": "14.95"}, {"price": "0.95", "size": "2080"}, {"price": "0.94", "size": "10948.6"}, {"price": "0.93", "size": "658"}, {"price": "0.92", "size": "1369.68"}, {"price": "0.91", "size": "0.39"}], "event_type": "book", "last_trade_price": "0.100"}]}
{"_local_timestamp": "2026-01-25T23:33:49.925325+00:00", "data": {"market": "0xfa13efa033b68c664ba009a6187cb337969ee45f418f0958b4d3654a345c79ea", "price_changes": [{"asset_id": "14198420664819580603238555810652932631588491733675417168465407739911632492677", "price": "0.08", "size": "1359.68", "side": "BUY", "hash": "176ffa9a8686f9556d51246aa04c8b6d092acc09", "best_bid": "0.09", "best_ask": "0.1"}, {"asset_id": "6969505512906397892758093530201478472799952923489958561611143885815628277167", "price": "0.92", "size": "1359.68", "side": "SELL", "hash": "e473f886859909ae8b21521c822f39d3de55f0c3", "best_bid": "0.9", "best_ask": "0.91"}], "timestamp": "1769384029854", "event_type": "price_change"}}
{"_local_timestamp": "2026-01-25T23:33:51.334484+00:00", "data": {"market": "0xfa13efa033b68c664ba009a6187cb337969ee45f418f0958b4d3654a345c79ea", "price_changes": [{"asset_id": "6969505512906397892758093530201478472799952923489958561611143885815628277167", "price": "0.89", "size": "1757.1", "side": "BUY", "hash": "fee964e331739cf612fe7fde7e18e3216ff664c0", "best_bid": "0.9", "best_ask": "0.91"}, {"asset_id": "14198420664819580603238555810652932631588491733675417168465407739911632492677", "price": "0.11", "size": "1757.1", "side": "SELL", "hash": "c6658a6e8fcf5738f9cdc6392dceb7fb919aba8d", "best_bid": "0.09", "best_ask": "0.1"}], "timestamp": "1769384031265", "event_type": "price_change"}}
{"_local_timestamp": "2026-01-25T23:33:56.334333+00:00", "data": {"market": "0xfa13efa033b68c664ba009a6187cb337969ee45f418f0958b4d3654a345c79ea", "price_changes": [{"asset_id": "6969505512906397892758093530201478472799952923489958561611143885815628277167", "price": "0.89", "size": "1747.1", "side": "BUY", "hash": "de75ae4090391d5d6c24c50c651b3933128a2428", "best_bid": "0.9", "best_ask": "0.91"}, {"asset_id": "14198420664819580603238555810652932631588491733675417168465407739911632492677", "price": "0.11", "size": "1747.1", "side": "SELL", "hash": "670e9088f990e9c69c4b0d2e7569060aed806e4f", "best_bid": "0.09", "best_ask": "0.1"}], "timestamp": "1769384036256", "event_type": "price_change"}}
{"_local_timestamp": "2026-01-25T23:33:57.767555+00:00", "data": {"market": "0xfa13efa033b68c664ba009a6187cb337969ee45f418f0958b4d3654a345c79ea", "price_changes": [{"asset_id": "14198420664819580603238555810652932631588491733675417168465407739911632492677", "price": "0.08", "size": "1369.68", "side": "BUY", "hash": "8b0e5e062f1782463f88a60ec822cc5f2bcacaca", "best_bid": "0.09", "best_ask": "0.1"}, {"asset_id": "6969505512906397892758093530201478472799952923489958561611143885815628277167", "price": "0.92", "size": "1369.68", "side": "SELL", "hash": "fb282db65024bff23f943b678a7fe7841576e0fa", "best_bid": "0.9", "best_ask": "0.91"}], "timestamp": "1769384037698", "event_type": "price_change"}}
{"_local_timestamp": "2026-01-25T23:33:57.838676+00:00", "data": {"market": "0xfa13efa033b68c664ba009a6187cb337969ee45f418f0958b4d3654a345c79ea", "price_changes": [{"asset_id": "14198420664819580603238555810652932631588491733675417168465407739911632492677", "price": "0.08", "size": "1359.68", "side": "BUY", "hash": "3d874a6a6ba4e8a644db8514ef9340187ec5b96a", "best_bid": "0.09", "best_ask": "0.1"}, {"asset_id": "6969505512906397892758093530201478472799952923489958561611143885815628277167", "price": "0.92", "size": "1359.68", "side": "SELL", "hash": "438d5dc5484f639416452907616a1f74d257869f", "best_bid": "0.9", "best_ask": "0.91"}], "timestamp": "1769384037770", "event_type": "price_change"}}
{"_local_timestamp": "2026-01-25T23:34:00.586433+00:00", "data": {"market": "0xfa13efa033b68c664ba009a6187cb337969ee45f418f0958b4d3654a345c79ea", "price_changes": [{"asset_id": "6969505512906397892758093530201478472799952923489958561611143885815628277167", "price": "0.89", "size": "1757.1", "side": "BUY", "hash": "f26057fccef18a9d03d91d79b057ee8a33b15316", "best_bid": "0.9", "best_ask": "0.91"}, {"asset_id": "14198420664819580603238555810652932631588491733675417168465407739911632492677", "price": "0.11", "size": "1757.1", "side": "SELL", "hash": "55595af36635ef4810b8a3683cf78ab3e161f619", "best_bid": "0.09", "best_ask": "0.1"}], "timestamp": "1769384040517", "event_type": "price_change"}}
{"_local_timestamp": "2026-01-25T23:34:06.488178+00:00", "data": {"market": "0xfa13efa033b68c664ba009a6187cb337969ee45f418f0958b4d3654a345c79ea", "price_changes": [{"asset_id": "6969505512906397892758093530201478472799952923489958561611143885815628277167", "price": "0.89", "size": "1747.1", "side": "BUY", "hash": "966400d707db7d1e103e1679f56ace1dc54f6016", "best_bid": "0.9", "best_ask": "0.91"}, {"asset_id": "14198420664819580603238555810652932631588491733675417168465407739911632492677", "price": "0.11", "size": "1747.1", "side": "SELL", "hash": "6109e16098d2fc79e90caa7223e2089a3f1fd370", "best_bid": "0.09", "best_ask": "0.1"}], "timestamp": "1769384046407", "event_type": "price_change"}}
{"_local_timestamp": "2026-01-25T23:34:08.137906+00:00", "data": {"market": "0xfa13efa033b68c664ba009a6187cb337969ee45f418f0958b4d3654a345c79ea", "price_changes": [{"asset_id": "6969505512906397892758093530201478472799952923489958561611143885815628277167", "price": "0.89", "size": "1757.1", "side": "BUY", "hash": "c630a425c8ec2cf3393de372cbd4233371bd4e59", "best_bid": "0.9", "best_ask": "0.91"}, {"asset_id": "14198420664819580603238555810652932631588491733675417168465407739911632492677", "price": "0.11", "size": "1757.1", "side": "SELL", "hash": "5baca0e4c32ce99b8f7003e8e024ef2df5e3575c", "best_bid": "0.09", "best_ask": "0.1"}], "timestamp": "1769384048023", "event_type": "price_change"}}
{"_local_timestamp": "2026-01-25T23:34:08.283318+00:00", "data": {"market": "0xfa13efa033b68c664ba009a6187cb337969ee45f418f0958b4d3654a345c79ea", "price_changes": [{"asset_id": "6969505512906397892758093530201478472799952923489958561611143885815628277167", "price": "0.89", "size": "1747.1", "side": "BUY", "hash": "e9d80af29dc495eaab106ebfc52ad50fc1ea4924", "best_bid": "0.9", "best_ask": "0.91"}, {"asset_id": "14198420664819580603238555810652932631588491733675417168465407739911632492677", "price": "0.11", "size": "1747.1", "side": "SELL", "hash": "b18940960fb3450a89c9b52f0292763749bfe93a", "best_bid": "0.09", "best_ask": "0.1"}], "timestamp": "1769384048210", "event_type": "price_change"}}
{"_local_timestamp": "2026-01-25T23:34:08.322968+00:00", "data": {"market": "0xfa13efa033b68c664ba009a6187cb337969ee45f418f0958b4d3654a345c79ea", "price_changes": [{"asset_id": "14198420664819580603238555810652932631588491733675417168465407739911632492677", "price": "0.08", "size": "1369.68", "side": "BUY", "hash": "402271b0509dff0ddf10eac3455e643b25457de3", "best_bid": "0.09", "best_ask": "0.1"}, {"asset_id": "6969505512906397892758093530201478472799952923489958561611143885815628277167", "price": "0.92", "size": "1369.68", "side": "SELL", "hash": "ffa52bcbc02935cecce20364942ea94f690fec68", "best_bid": "0.9", "best_ask": "0.91"}], "timestamp": "1769384048256", "event_type": "price_change"}}
{"_local_timestamp": "2026-01-25T23:34:12.858177+00:00", "data": {"market": "0xfa13efa033b68c664ba009a6187cb337969ee45f418f0958b4d3654a345c79ea", "price_changes": [{"asset_id": "14198420664819580603238555810652932631588491733675417168465407739911632492677", "price": "0.08", "size": "1359.68", "side": "BUY", "hash": "bac43baa0fc63d50e13681a20b5fd566c47144cd", "best_bid": "0.09", "best_ask": "0.1"}, {"asset_id": "6969505512906397892758093530201478472799952923489958561611143885815628277167", "price": "0.92", "size": "1359.68", "side": "SELL", "hash": "1cb11cc1930cfc922e2db4d7f5a9c4b469053853", "best_bid": "0.9", "best_ask": "0.91"}], "timestamp": "1769384052789", "event_type": "price_change"}}
{"_local_timestamp": "2026-01-25T23:34:14.957403+00:00", "data": {"market": "0xfa13efa033b68c664ba009a6187cb337969ee45f418f0958b4d3654a345c79ea", "price_changes": [{"asset_id": "6969505512906397892758093530201478472799952923489958561611143885815628277167", "price": "0.89", "size": "1757.1", "side": "BUY", "hash": "4a1d243f4aa210953065331b0d292e1c2e2d14cf", "best_bid": "0.9", "best_ask": "0.91"}, {"asset_id": "14198420664819580603238555810652932631588491733675417168465407739911632492677", "price": "0.11", "size": "1757.1", "side": "SELL", "hash": "e33adad79ea6f62c4f11ed00ea7cb54a24813ecb", "best_bid": "0.09", "best_ask": "0.1"}], "timestamp": "1769384054872", "event_type": "price_change"}}
{"_local_timestamp": "2026-01-25T23:34:17.662261+00:00", "data": {"market": "0xfa13efa033b68c664ba009a6187cb337969ee45f418f0958b4d3654a345c79ea", "price_changes": [{"asset_id": "6969505512906397892758093530201478472799952923489958561611143885815628277167", "price": "0.89", "size": "1747.1", "side": "BUY", "hash": "3dc727845f6cfd8fe83836d6511f3713f9b9d215", "best_bid": "0.9", "best_ask": "0.91"}, {"asset_id": "14198420664819580603238555810652932631588491733675417168465407739911632492677", "price": "0.11", "size": "1747.1", "side": "SELL", "hash": "db57bff61426a84ce6d1e83475f5b02af2a52788", "best_bid": "0.09", "best_ask": "0.1"}], "timestamp": "1769384057590", "event_type": "price_change"}}
