{"_local_timestamp": "2026-01-25T23:40:48.291698+00:00", "data": [{"market": "0x74a960f6e74324d124183f786467b089beebaaa34b075181c55e823b18bde048", "asset_id": "78793947695488461906291194696651727856206095791749037634142632859804304098517", "timestamp": "1769382721186", "hash": "e94c6f8c1b6deebc1a56074f5a02565cdbec5390", "bids": [{"price": "0.001", "size": "120295"}, {"price": "0.002", "size": "1328.18"}], "asks": [{"price": "0.999", "size": "3842.07"}, {"price": "0.998", "size": "1255.04"}, {"price": "0.997", "size": "1166"}, {"price": "0.996", "size": "8.63"}, {"price": "0.994", "size": "83"}, {"price": "0.99", "size": "5550"}, {"price": "0.989", "size": "8.38"}, {"price": "0.98", "size": "102500"}, {"price": "0.97", "size": "5000"}, {"price": "0.969", "size": "8.35"}, {"price": "0.95", "size": "30"}, {"price": "0.949", "size": "39"}, {"price": "0.94", "size": "500"}, {"price": "0.9", "size": "1860"}, {"price": "0.899", "size": "5.93"}, {"price": "0.85", "size": "776.66"}, {"price": "0.8", "size": "560"}, {"price": "0.75", "size": "50412"}, {"price": "0.749", "size": "250"}, {"price": "0.748", "size": "7"}, {"price": "0.7", "size": "186.66"}, {"price": "0.66", "size": "50"}, {"price": "0.65", "size": "68.57"}, {"price": "0.6", "size": "50"}, {"price": "0.55", "size": "560"}, {"price": "0.45", "size": "800"}, {"price": "0.15", "size": "2808.91"}, {"price": "0.09", "size": "640"}, {"price": "0.07", "size": "300"}, {"price": "0.069", "size": "2000"}, {"price": "0.06", "size": "600"}, {"price": "0.059", "size": "1500"}, {"price": "0.05", "size": "325"}, {"price": "0.049", "size": "1000"}, {"price": "0.039", "size": "200"}, {"price": "0.019", "size": "5000"}, {"price": "0.018", "size": "5000"}, {"price": "0.017", "size": "5000"}, {"price": "0.016", "size": "5158.37"}, {"price": "0.015", "size": "5079.18"}, {"price": "0.014", "size": "4799.22"}, {"price": "0.013", "size": "4279.6"}, {"price": "0.012", "size": "3000"}, {"price": "0.011", "size": "3000"}, {"price": "0.01", "size": "3000"}, {"price": "0.009", "size": "1291.71"}, {"price": "0.008", "size": "3490.42"}, {"price": "0.007", "size": "2000"}, {"price": "0.006", "size": "2010"}, {"price": "0.005", "size": "1298"}, {"price": "0.004", "size": "1596.11"}, {"price": "0.003", "size": "1736.62"}], "event_type": "book", "last_trade_price": "0.002"}, {"market": "0x74a960f6e74324d124183f786467b089beebaaa34b075181c55e823b18bde048", "asset_id": "53492410658013589906025024789262884004829357354045647893742495711330889023510", "timestamp": "1769382721186", "hash": "c1179471de5a5ece7b109c35283092c64c450ba6", "bids": [{"price": "0.001", "size": "3842.07"}, {"price": "0.002", "size": "1255.04"}, {"price": "0.003", "size": "1166"}, {"price": "0.004", "size": "8.63"}, {"price": "0.006", "size": "83"}, {"price": "0.01", "size": "5550"}, {"price": "0.011", "size": "8.38"}, {"price": "0.02", "size": "102500"}, {"price": "0.03", "size": "5000"}, {"price": "0.031", "size": "8.35"}, {"price": "0.05", "size": "30"}, {"price": "0.051", "size": "39"}, {"price": "0.06", "size": "500"}, {"price": "0.1", "size": "1860"}, {"price": "0.101", "size": "5.93"}, {"price": "0.15", "size": "776.66"}, {"price": "0.2", "size": "560"}, {"price": "0.25", "size": "50412"}, {"price": "0.251", "size": "250"}, {"price": "0.252", "size": "7"}, {"price": "0.3", "size": "186.66"}, {"price": "0.34", "size": "50"}, {"price": "0.35", "size": "68.57"}, {"price": "0.4", "size": "50"}, {"price": "0.45", "size": "560"}, {"price": "0.55", "size": "800"}, {"price": "0.85", "size": "2808.91"}, {"price": "0.91", "size": "640"}, {"price": "0.93", "size": "300"}, {"price": "0.931", "size": "2000"}, {"price": "0.94", "size": "600"}, {"price": "0.941", "size": "1500"}, {"price": "0.95", "size": "325"}, {"price": "0.951", "size": "1000"}, {"price": "0.961", "size": "200"}, {"price": "0.981", "size": "5000"}, {"price": "0.982", "size": "5000"}, {"price": "0.983", "size": "5000"}, {"price": "0.984", "size": "5158.37"}, {"price": "0.985", "size": "5079.18"}, {"price": "0.986", "size": "4799.22"}, {"price": "0.987", "size": "4279.6"}, {"price": "0.988", "size": "3000"}, {"price": "0.989", "size": "3000"}, {"price": "0.99", "size": "3000"}, {"price": "0.991", "size": "1291.71"}, {"price": "0.992", "size": "3490.42"}, {"price": "0.993", "size": "2000"}, {"price": "0.994", "size": "2010"}, {"price": "0.995", "size": "1298"}, {"price": "0.996", "size": "1596.11"}, {"price": "0.997", "size": "1736.62"}], "asks": [{"price": "0.999", "size": "120295"}, {"price": "0.998", "size": "1328.18"}], "event_type": "book", "last_trade_price": "0.002"}, {"market": "0x60ecb823bb667a51ccf9ffcb1cab2c48899cd16410687874887dab9df9f4e1bf", "asset_id": "19998490588165385691634000405206222117826113177925708815328988090662305366225", "timestamp": "1769384438000", "hash": "2fcfb703931104fcd00229a4cab6d0bf7a13431f", "bids": [{"price": "0.01", "size": "116347.51"}, {"price": "0.02", "size": "5348"}, {"price": "0.03", "size": "817.3"}, {"price": "0.04", "size": "567.17"}], "asks": [{"price": "0.99", "size": "10664.21"}, {"price": "0.98", "size": "105000"}, {"price": "0.97", "size": "4000"}, {"price": "0.96", "size": "1256.48"}, {"price": "0.95", "size": "280"}, {"price": "0.94", "size": "533"}, {"price": "0.9", "size": "560"}, {"price": "0.89", "size": "5.44"}, {"price": "0.86", "size": "242.85"}, {"price": "0.85", "size": "600"}, {"price": "0.81", "size": "168.42"}, {"price": "0.8", "size": "400"}, {"price": "0.77", "size": "694"}, {"price": "0.76", "size": "1964.66"}, {"price": "0.75", "size": "150"}, {"price": "0.71", "size": "89.65"}, {"price": "0.7", "size": "600"}, {"price": "0.66", "size": "70.58"}, {"price": "0.65", "size": "1814"}, {"price": "0.62", "size": "127.63"}, {"price": "0.44", "size": "30000"}, {"price": "0.43", "size": "5000"}, {"price": "0.42", "size": "5"}, {"price": "0.26", "size": "600"}, {"price": "0.08", "size": "250"}, {"price": "0.06", "size": "11161"}, {"price": "0.05", "size": "996.03"}], "event_type": "book", "last_trade_price": ""}, {"market": "0x60ecb823bb667a51ccf9ffcb1cab2c48899cd16410687874887dab9df9f4e1bf", "asset_id": "6727724717965804812582437828646736972344757795103515098740782022977766715112", "timestamp": "1769384438000", "hash": "76421530fae038538f60822c5820e2be9369a670", "bids": [{"price": "0.01", "size": "10664.21"}, {"price": "0.02", "size": "105000"}, {"price": "0.03", "size": "4000"}, {"price": "0.04", "size": "1256.48"}, {"price": "0.05", "size": "280"}, {"price": "0.06", "size": "533"}, {"price": "0.1", "size": "560"}, {"price": "0.11", "size": "5.44"}, {"price": "0.14", "size": "242.85"}, {"price": "0.15", "size": "600"}, {"price": "0.19", "size": "168.42"}, {"price": "0.2", "size": "400"}, {"price": "0.23", "size": "694"}, {"price": "0.24", "size": "1964.66"}, {"price": "0.25", "size": "150"}, {"price": "0.29", "size": "89.65"}, {"price": "0.3", "size": "600"}, {"price": "0.34", "size": "70.58"}, {"price": "0.35", "size": "1814"}, {"price": "0.38", "size": "127.63"}, {"price": "0.56", "size": "30000"}, {"price": "0.57", "size": "5000"}, {"price": "0.58", "size": "5"}, {"price": "0.74", "size": "600"}, {"price": "0.92", "size": "250"}, {"price": "0.94", "size": "11161"}, {"price": "0.95", "size": "996.03"}], "asks": [{"price": "0.99", "size": "116347.51"}, {"price": "0.98", "size": "5348"}, {"price": "0.97", "size": "817.3"}, {"price": "0.96", "size": "567.17"}], "event_type": "book", "last_trade_price": ""}]}
{"_local_timestamp": "2026-01-25T23:41:06.363007+00:00", "data": {"market": "0x60ecb823bb667a51ccf9ffcb1cab2c48899cd16410687874887dab9df9f4e1bf", "price_changes": [{"asset_id": "19998490588165385691634000405206222117826113177925708815328988090662305366225", "price": "0.02", "size": "5298", "side": "BUY", "hash": "8113fd88397268ba6c33ef00fd435205690cabb7", "best_bid": "0.04", "best_ask": "0.05"}, {"asset_id": "6727724717965804812582437828646736972344757795103515098740782022977766715112", "price": "0.98", "size": "5298", "side": "SELL", "hash": "3f27cfcfaf3d72ea50f2f6fb9a941675da5da51a", "best_bid": "0.95", "best_ask": "0.96"}], "timestamp": "1769384466196", "event_type": "price_change"}}
{"_local_timestamp": "2026-01-25T23:41:06.427753+00:00", "data": {"market": "0x60ecb823bb667a51ccf9ffcb1cab2c48899cd16410687874887dab9df9f4e1bf", "price_changes": [{"asset_id": "6727724717965804812582437828646736972344757795103515098740782022977766715112", "price": "0.92", "size": "200", "side": "BUY", "hash": "93c4287ffe92aa7cc344ba9008665f2820800932", "best_bid": "0.95", "best_ask": "0.96"}, {"asset_id": "19998490588165385691634000405206222117826113177925708815328988090662305366225", "price": "0.08", "size": "200", "side": "SELL", "hash": "fd87d7c6ecbcb81234974bb3110e591e21be5877", "best_bid": "0.04", "best_ask": "0.05"}], "timestamp": "1769384466199", "event_type": "price_change"}}
{"_local_timestamp": "2026-01-25T23:41:12.367298+00:00", "data": {"market": "0x60ecb823bb667a51ccf9ffcb1cab2c48899cd16410687874887dab9df9f4e1bf", "price_changes": [{"asset_id": "19998490588165385691634000405206222117826113177925708815328988090662305366225", "price": "0.01", "size": "116847.51", "side": "BUY", "hash": "e75502db363b39f6a90f8aa895a7a7ea2ef5efe1", "best_bid": "0.04", "best_ask": "0.05"}, {"asset_id": "6727724717965804812582437828646736972344757795103515098740782022977766715112", "price": "0.99", "size": "116847.51", "side": "SELL", "hash": "a5f57b9589c2217060436f55a25d4ecd32f49fa8", "best_bid": "0.95", "best_ask": "0.96"}], "timestamp": "1769384472305", "event_type": "price_change"}}
{"_local_timestamp": "2026-01-25T23:41:14.736279+00:00", "data": {"market": "0x60ecb823bb667a51ccf9ffcb1cab2c48899cd16410687874887dab9df9f4e1bf", "price_changes": [{"asset_id": "6727724717965804812582437828646736972344757795103515098740782022977766715112", "price": "0.24", "size": "216.66", "side": "BUY", "hash": "5646029049cb7ec2d3ba4e44eeeef4f907cbcc87", "best_bid": "0.95", "best_ask": "0.96"}, {"asset_id": "19998490588165385691634000405206222117826113177925708815328988090662305366225", "price": "0.76", "size": "216.66", "side": "SELL", "hash": "39252b019d17db1e264c9a8b50197b04661f4197", "best_bid": "0.04", "best_ask": "0.05"}], "timestamp": "1769384474537", "event_type": "price_change"}}
{"_local_timestamp": "2026-01-25T23:41:18.816910+00:00", "data": {"market": "0x60ecb823bb667a51ccf9ffcb1cab2c48899cd16410687874887dab9df9f4e1bf", "price_changes": [{"asset_id": "19998490588165385691634000405206222117826113177925708815328988090662305366225", "price": "0.02", "size": "5348", "side": "BUY", "hash": "30bc11df91381dbcb4dc259e85722584c1d82a5a", "best_bid": "0.04", "best_ask": "0.05"}, {"asset_id": "6727724717965804812582437828646736972344757795103515098740782022977766715112", "price": "0.98", "size": "5348", "side": "SELL", "hash": "b9937ef738e9a61e87dc61abcbbff41f2ce8176f", "best_bid": "0.95", "best_ask": "0.96"}], "timestamp": "1769384478709", "event_type": "price_change"}}
{"_local_timestamp": "2026-01-25T23:41:36.891582+00:00", "data": {"market": "0x60ecb823bb667a51ccf9ffcb1cab2c48899cd16410687874887dab9df9f4e1bf", "price_changes": [{"asset_id": "6727724717965804812582437828646736972344757795103515098740782022977766715112", "price": "0.92", "size": "250", "side": "BUY", "hash": "3a7cab097b9337384dd3221417e503235d6909e4", "best_bid": "0.95", "best_ask": "0.96"}, {"asset_id": "19998490588165385691634000405206222117826113177925708815328988090662305366225", "price": "0.08", "size": "250", "side": "SELL", "hash": "783d854bd66430ae598d16732c848fd56a55f301", "best_bid": "0.04", "best_ask": "0.05"}], "timestamp": "1769384496822", "event_type": "price_change"}}
{"_local_timestamp": "2026-01-25T23:41:45.303102+00:00", "data": {"market": "0x60ecb823bb667a51ccf9ffcb1cab2c48899cd16410687874887dab9df9f4e1bf", "price_changes": [{"asset_id": "6727724717965804812582437828646736972344757795103515098740782022977766715112", "price": "0.26", "size": "1614", "side": "BUY", "hash": "15f9cf94a2e02d8f503c2450463c8542701dcd11", "best_bid": "0.95", "best_ask": "0.96"}, {"asset_id": "19998490588165385691634000405206222117826113177925708815328988090662305366225", "price": "0.74", "size": "1614", "side": "SELL", "hash": "ecc9002fc34a0451bf0dc293810f2a81dde7298f", "best_bid": "0.04", "best_ask": "0.05"}], "timestamp": "1769384505234", "event_type": "price_change"}}
{"_local_timestamp": "2026-01-25T23:41:47.075354+00:00", "data": {"market": "0x60ecb823bb667a51ccf9ffcb1cab2c48899cd16410687874887dab9df9f4e1bf", "price_changes": [{"asset_id": "19998490588165385691634000405206222117826113177925708815328988090662305366225", "price": "0.01", "size": "110947.51", "side": "BUY", "hash": "3538336f995dcd91dc9ad6439b65156d553779db", "best_bid": "0.04", "best_ask": "0.05"}, {"asset_id": "6727724717965804812582437828646736972344757795103515098740782022977766715112", "price": "0.99", "size": "110947.51", "side": "SELL", "hash": "9667b109788890ef5358d5e216197dc1a8986e75", "best_bid": "0.95", "best_ask": "0.96"}], "timestamp": "1769384507001", "event_type": "price_change"}}
{"_local_timestamp": "2026-01-25T23:41:48.850208+00:00", "data": {"market": "0x60ecb823bb667a51ccf9ffcb1cab2c48899cd16410687874887dab9df9f4e1bf", "price_changes": [{"asset_id": "19998490588165385691634000405206222117826113177925708815328988090662305366225", "price": "0.01", "size": "116847.51", "side": "BUY", "hash": "80b002e73776c3cefcd552a5118f02703552d649", "best_bid": "0.04", "best_ask": "0.05"}, {"asset_id": "6727724717965804812582437828646736972344757795103515098740782022977766715112", "price": "0.99", "size": "116847.51", "side": "SELL", "hash": "1b45bc56a1ed4297be3f88549d40159f327567e5", "best_bid": "0.95", "best_ask": "0.96"}], "timestamp": "1769384508774", "event_type": "price_change"}}
{"_local_timestamp": "2026-01-25T23:41:49.463346+00:00", "data": {"market": "0x60ecb823bb667a51ccf9ffcb1cab2c48899cd16410687874887dab9df9f4e1bf", "price_changes": [{"asset_id": "6727724717965804812582437828646736972344757795103515098740782022977766715112", "price": "0.24", "size": "116.66", "side": "BUY", "hash": "dd0c6348e164d96db597bf9f65204d16ebc27f92", "best_bid": "0.95", "best_ask": "0.96"}, {"asset_id": "19998490588165385691634000405206222117826113177925708815328988090662305366225", "price": "0.76", "size": "116.66", "side": "SELL", "hash": "b07c180a393b41ed3e34a89a1ea8f64d764333ef", "best_bid": "0.04", "best_ask": "0.05"}], "timestamp": "1769384509394", "event_type": "price_change"}}
{"_local_timestamp": "2026-01-25T23:41:49.727298+00:00", "data": {"market": "0x60ecb823bb667a51ccf9ffcb1cab2c48899cd16410687874887dab9df9f4e1bf", "price_changes": [{"asset_id": "6727724717965804812582437828646736972344757795103515098740782022977766715112", "price": "0.23", "size": "794", "side": "BUY", "hash": "595560fddf7fed084ced9cc543627ef41495eafb", "best_bid": "0.95", "best_ask": "0.96"}, {"asset_id": "19998490588165385691634000405206222117826113177925708815328988090662305366225", "price": "0.77", "size": "794", "side": "SELL", "hash": "776a0ebb334581d81ddbe740464ad9329f2d3564", "best_bid": "0.04", "best_ask": "0.05"}], "timestamp": "1769384509660", "event_type": "price_change"}}
{"_local_timestamp": "2026-01-25T23:41:50.867544+00:00", "data": {"market": "0x60ecb823bb667a51ccf9ffcb1cab2c48899cd16410687874887dab9df9f4e1bf", "price_changes": [{"asset_id": "6727724717965804812582437828646736972344757795103515098740782022977766715112", "price": "0.25", "size": "50", "side": "BUY", "hash": "235ddb170edca28d439ba9847a9084fc13b206ee", "best_bid": "0.95", "best_ask": "0.96"}, {"asset_id": "19998490588165385691634000405206222117826113177925708815328988090662305366225", "price": "0.75", "size": "50", "side": "SELL", "hash": "51819abeb2a94c0c5d8bd54f499dd9ee34e956f6", "best_bid": "0.04", "best_ask": "0.05"}], "timestamp": "1769384510741", "event_type": "price_change"}}
{"_local_timestamp": "2026-01-25T23:41:52.800022+00:00", "data": {"market": "0x60ecb823bb667a51ccf9ffcb1cab2c48899cd16410687874887dab9df9f4e1bf", "price_changes": [{"asset_id": "6727724717965804812582437828646736972344757795103515098740782022977766715112", "price": "0.3", "size": "700", "side": "BUY", "hash": "d149d083710646bdc42d6e98f079d6e57c489cc2", "best_bid": "0.95", "best_ask": "0.96"}, {"asset_id": "19998490588165385691634000405206222117826113177925708815328988090662305366225", "price": "0.7", "size": "700", "side": "SELL", "hash": "4ed8c8043ea5e354a02ee2bc01957ecae675fcbf", "best_bid": "0.04", "best_ask": "0.05"}], "timestamp": "1769384511785", "event_type": "price_change"}}
{"_local_timestamp": "2026-01-25T23:42:24.997020+00:00", "data": {"market": "0x60ecb823bb667a51ccf9ffcb1cab2c48899cd16410687874887dab9df9f4e1bf", "price_changes": [{"asset_id": "6727724717965804812582437828646736972344757795103515098740782022977766715112", "price": "0.3", "size": "650", "side": "BUY", "hash": "7177834bf625ce78390c79cad9c38ea6e09a2a8d", "best_bid": "0.95", "best_ask": "0.96"}, {"asset_id": "19998490588165385691634000405206222117826113177925708815328988090662305366225", "price": "0.7", "size": "650", "side": "SELL", "hash": "b95834b10b9806832563d182f6c9323d62a188a9", "best_bid": "0.04", "best_ask": "0.05"}], "timestamp": "1769384544882", "event_type": "price_change"}}
{"_local_timestamp": "2026-01-25T23:42:25.300773+00:00", "data": {"market": "0x60ecb823bb667a51ccf9ffcb1cab2c48899cd16410687874887dab9df9f4e1bf", "price_changes": [{"asset_id": "6727724717965804812582437828646736972344757795103515098740782022977766715112", "price": "0.26", "size": "1664", "side": "BUY", "hash": "b6a426d8f5217d1ed5b14fe908c60a3aa3645290", "best_bid": "0.95", "best_ask": "0.96"}, {"asset_id": "19998490588165385691634000405206222117826113177925708815328988090662305366225", "price": "0.74", "size": "1664", "side": "SELL", "hash": "820432634a1703288a1f0e16f893b4f70a7a080a", "best_bid": "0.04", "best_ask": "0.05"}], "timestamp": "1769384545158", "event_type": "price_change"}}
{"_local_timestamp": "2026-01-25T23:42:45.417977+00:00", "data": {"market": "0x60ecb823bb667a51ccf9ffcb1cab2c48899cd16410687874887dab9df9f4e1bf", "price_changes": [{"asset_id": "6727724717965804812582437828646736972344757795103515098740782022977766715112", "price": "0.25", "size": "0", "side": "BUY", "hash": "16f3051e4970850c0448733000bce06627b5c2b9", "best_bid": "0.95", "best_ask": "0.96"}, {"asset_id": "19998490588165385691634000405206222117826113177925708815328988090662305366225", "price": "0.75", "size": "0", "side": "SELL", "hash": "3a911a1aaebe4b8fc8cb32002c412c3c940953cc", "best_bid": "0.04", "best_ask": "0.05"}], "timestamp": "1769384565220", "event_type": "price_change"}}
{"_local_timestamp": "2026-01-25T23:42:45.805162+00:00", "data": {"market": "0x60ecb823bb667a51ccf9ffcb1cab2c48899cd16410687874887dab9df9f4e1bf", "price_changes": [{"asset_id": "6727724717965804812582437828646736972344757795103515098740782022977766715112", "price": "0.24", "size": "166.66", "side": "BUY", "hash": "11a3f7f832899c30210657a6938724facda16e4f", "best_bid": "0.95", "best_ask": "0.96"}, {"asset_id": "19998490588165385691634000405206222117826113177925708815328988090662305366225", "price": "0.76", "size": "166.66", "side": "SELL", "hash": "2cc92643896a7f3cab10e23d13b723156a3cd2aa", "best_bid": "0.04", "best_ask": "0.05"}], "timestamp": "1769384565615", "event_type": "price_change"}}
{"_local_timestamp": "2026-01-25T23:42:47.246049+00:00", "data": {"market": "0x60ecb823bb667a51ccf9ffcb1cab2c48899cd16410687874887dab9df9f4e1bf", "price_changes": [{"asset_id": "6727724717965804812582437828646736972344757795103515098740782022977766715112", "price": "0.26", "size": "50", "side": "BUY", "hash": "7115b2b6a49e1c197e6c402a76b1b20be004321f", "best_bid": "0.95", "best_ask": "0.96"}, {"asset_id": "19998490588165385691634000405206222117826113177925708815328988090662305366225", "price": "0.74", "size": "50", "side": "SELL", "hash": "1bebb4f5033e20963fb1f369804fcafc87c711e5", "best_bid": "0.04", "best_ask": "0.05"}], "timestamp": "1769384566990", "event_type": "price_change"}}
{"_local_timestamp": "2026-01-25T23:42:52.163783+00:00", "data": {"market": "0x60ecb823bb667a51ccf9ffcb1cab2c48899cd16410687874887dab9df9f4e1bf", "price_changes": [{"asset_id": "19998490588165385691634000405206222117826113177925708815328988090662305366225", "price": "0.01", "size": "116838", "side": "BUY", "hash": "f9d0278dad0f10986357db2ab5b6f8b75ca0e23f", "best_bid": "0.04", "best_ask": "0.05"}, {"asset_id": "6727724717965804812582437828646736972344757795103515098740782022977766715112", "price": "0.99", "size": "116838", "side": "SELL", "hash": "2affeecfcdcc734f8b530b16017fe98fcbc93e0e", "best_bid": "0.95", "best_ask": "0.96"}], "timestamp": "1769384572028", "event_type": "price_change"}}
{"_local_timestamp": "2026-01-25T23:42:52.164375+00:00", "data": {"market": "0x60ecb823bb667a51ccf9ffcb1cab2c48899cd16410687874887dab9df9f4e1bf", "price_changes": [{"asset_id": "19998490588165385691634000405206222117826113177925708815328988090662305366225", "price": "0.02", "size": "5302.76", "side": "BUY", "hash": "f9d0278dad0f10986357db2ab5b6f8b75ca0e23f", "best_bid": "0.04", "best_ask": "0.05"}, {"asset_id": "6727724717965804812582437828646736972344757795103515098740782022977766715112", "price": "0.98", "size": "5302.76", "side": "SELL", "hash": "2affeecfcdcc734f8b530b16017fe98fcbc93e0e", "best_bid": "0.95", "best_ask": "0.96"}], "timestamp": "1769384572028", "event_type": "price_change"}}
{"_local_timestamp": "2026-01-25T23:42:52.531697+00:00", "data": {"market": "0x60ecb823bb667a51ccf9ffcb1cab2c48899cd16410687874887dab9df9f4e1bf", "price_changes": [{"asset_id": "19998490588165385691634000405206222117826113177925708815328988090662305366225", "price": "0.02", "size": "5348", "side": "BUY", "hash": "d326990a82e4199f990bc83fb89087bef3cb02c6", "best_bid": "0.04", "best_ask": "0.05"}, {"asset_id": "6727724717965804812582437828646736972344757795103515098740782022977766715112", "price": "0.98", "size": "5348", "side": "SELL", "hash": "d654860c9d8532f1972d9cfaddae8d94ec730b2f", "best_bid": "0.95", "best_ask": "0.96"}], "timestamp": "1769384572426", "event_type": "price_change"}}
{"_local_timestamp": "2026-01-25T23:42:52.532231+00:00", "data": {"market": "0x60ecb823bb667a51ccf9ffcb1cab2c48899cd16410687874887dab9df9f4e1bf", "price_changes": [{"asset_id": "19998490588165385691634000405206222117826113177925708815328988090662305366225", "price": "0.01", "size": "116847.51", "side": "BUY", "hash": "1498262e06dddb049c6f360bd8f0137bfd874b9a", "best_bid": "0.04", "best_ask": "0.05"}, {"asset_id": "6727724717965804812582437828646736972344757795103515098740782022977766715112", "price": "0.99", "size": "116847.51", "side": "SELL", "hash": "dbaf143d4920d20ef31f41850e5c4a8301443337", "best_bid": "0.95", "best_ask": "0.96"}], "timestamp": "1769384572428", "event_type": "price_change"}}
