{"_local_timestamp": "2026-01-25T23:34:15.017846+00:00", "data": [{"market": "0xe470a4c5214be85bba76e31586a6cae64d1847a0283af04ef0a9bece7fef1ed5", "asset_id": "96016509245679039193987671940572827318782050486969878144659404668738888398029", "timestamp": "1769384043645", "hash": "0a50c3783412616ccf0738680dc25bb86268ca5f", "bids": [{"price": "0.01", "size": "4409.69"}, {"price": "0.02", "size": "2400"}, {"price": "0.03", "size": "10.12"}, {"price": "0.05", "size": "1300"}, {"price": "0.06", "size": "33"}, {"price": "0.08", "size": "550"}, {"price": "0.09", "size": "6.66"}, {"price": "0.2", "size": "200"}, {"price": "0.21", "size": "508"}, {"price": "0.22", "size": "50"}, {"price": "0.27", "size": "50"}, {"price": "0.34", "size": "50"}, {"price": "0.5", "size": "165"}, {"price": "0.6", "size": "100"}, {"price": "0.61", "size": "900"}, {"price": "0.62", "size": "189"}, {"price": "0.75", "size": "13.66"}, {"price": "0.8", "size": "50"}, {"price": "0.82", "size": "91.1"}, {"price": "0.85", "size": "500"}, {"price": "0.86", "size": "410"}, {"price": "0.87", "size": "580.74"}, {"price": "0.88", "size": "696.54"}, {"price": "0.89", "size": "200.99"}], "asks": [{"price": "0.99", "size": "650"}, {"price": "0.98", "size": "557.39"}, {"price": "0.97", "size": "13.39"}, {"price": "0.96", "size": "83.91"}, {"price": "0.95", "size": "321.88"}, {"price": "0.94", "size": "17.5"}, {"price": "0.93", "size": "300.87"}, {"price": "0.92", "size": "1418"}, {"price": "0.91", "size": "484.64"}], "event_type": "book", "last_trade_price": "0.090"}, {"market": "0xe470a4c5214be85bba76e31586a6cae64d1847a0283af04ef0a9bece7fef1ed5", "asset_id": "10339072766729796193604876825555830287400741071776960336721025688179587218575", "timestamp": "1769384043645", "hash": "ba372eb286e0914f553657b4f9e3bde5ba05bb23", "bids": [{"price": "0.01", "size": "650"}, {"price": "0.02", "size": "557.39"}, {"price": "0.03", "size": "13.39"}, {"price": "0.04", "size": "83.91"}, {"price": "0.05", "size": "321.88"}, {"price": "0.06", "size": "17.5"}, {"price": "0.07", "size": "300.87"}, {"price": "0.08", "size": "1418"}, {"price": "0.09", "size": "484.64"}], "asks": [{"price": "0.99", "size": "4409.69"}, {"price": "0.98", "size": "2400"}, {"price": "0.97", "size": "10.12"}, {"price": "0.95", "size": "1300"}, {"price": "0.94", "size": "33"}, {"price": "0.92", "size": "550"}, {"price": "0.91", "size": "6.66"}, {"price": "0.8", "size": "200"}, {"price": "0.79", "size": "508"}, {"price": "0.78", "size": "50"}, {"price": "0.73", "size": "50"}, {"price": "0.66", "size": "50"}, {"price": "0.5", "size": "165"}, {"price": "0.4", "size": "100"}, {"price": "0.39", "size": "900"}, {"price": "0.38", "size": "189"}, {"price": "0.25", "size": "13.66"}, {"price": "0.2", "size": "50"}, {"price": "0.18", "size": "91.1"}, {"price": "0.15", "size": "500"}, {"price": "0.14", "size": "410"}, {"price": "0.13", "size": "580.74"}, {"price": "0.12", "size": "696.54"}, {"price": "0.11", "size": "200.99"}], "event_type": "book", "last_trade_price": "0.090"}]}
{"_local_timestamp": "2026-01-25T23:34:19.876049+00:00", "data": {"market": "0xe470a4c5214be85bba76e31586a6cae64d1847a0283af04ef0a9bece7fef1ed5", "price_changes": [{"asset_id": "96016509245679039193987671940572827318782050486969878144659404668738888398029", "price": "0.21", "size": "9", "side": "BUY", "hash": "f5f5e1a68e3c91972d563bf67d761ed999a6ab61", "best_bid": "0.89", "best_ask": "0.91"}, {"asset_id": "10339072766729796193604876825555830287400741071776960336721025688179587218575", "price": "0.79", "size": "9", "side": "SELL", "hash": "e59a915d307d99f681d28c0ccf1980d1075c3926", "best_bid": "0.09", "best_ask": "0.11"}], "timestamp": "1769384059754", "event_type": "price_change"}}
{"_local_timestamp": "2026-01-25T23:34:22.549175+00:00", "data": {"market": "0xe470a4c5214be85bba76e31586a6cae64d1847a0283af04ef0a9bece7fef1ed5", "price_changes": [{"asset_id": "96016509245679039193987671940572827318782050486969878144659404668738888398029", "price": "0.22", "size": "527", "side": "BUY", "hash": "1cbb682a52b0c5d15e7d990bd62e5f97168b7daa", "best_bid": "0.89", "best_ask": "0.91"}, {"asset_id": "10339072766729796193604876825555830287400741071776960336721025688179587218575", "price": "0.78", "size": "527", "side": "SELL", "hash": "962fbcd6cf4c6530b6365aab9a3c02a9a2fef1c7", "best_bid": "0.09", "best_ask": "0.11"}], "timestamp": "1769384062477", "event_type": "price_change"}}
{"_local_timestamp": "2026-01-25T23:35:56.368866+00:00", "data": {"market": "0xe470a4c5214be85bba76e31586a6cae64d1847a0283af04ef0a9bece7fef1ed5", "price_changes": [{"asset_id": "96016509245679039193987671940572827318782050486969878144659404668738888398029", "price": "0.22", "size": "477", "side": "BUY", "hash": "ee66a8f8a09d8ffa2dcf461ec366acd5c8b4a975", "best_bid": "0.89", "best_ask": "0.91"}, {"asset_id": "10339072766729796193604876825555830287400741071776960336721025688179587218575", "price": "0.78", "size": "477", "side": "SELL", "hash": "fecedc231af12f0fcbf25c76a819affb1aaaa6aa", "best_bid": "0.09", "best_ask": "0.11"}], "timestamp": "1769384156275", "event_type": "price_change"}}
{"_local_timestamp": "2026-01-25T23:35:56.872817+00:00", "data": {"market": "0xe470a4c5214be85bba76e31586a6cae64d1847a0283af04ef0a9bece7fef1ed5", "price_changes": [{"asset_id": "96016509245679039193987671940572827318782050486969878144659404668738888398029", "price": "0.21", "size": "59", "side": "BUY", "hash": "54ef1a77c5be8c9c273fd45c9af8dda11dc80314", "best_bid": "0.89", "best_ask": "0.91"}, {"asset_id": "10339072766729796193604876825555830287400741071776960336721025688179587218575", "price": "0.79", "size": "59", "side": "SELL", "hash": "d93c591759ac141a6636fcf5fca177724691f6ea", "best_bid": "0.09", "best_ask": "0.11"}], "timestamp": "1769384156743", "event_type": "price_change"}}
{"_local_timestamp": "2026-01-25T23:35:58.137763+00:00", "data": {"market": "0xe470a4c5214be85bba76e31586a6cae64d1847a0283af04ef0a9bece7fef1ed5", "price_changes": [{"asset_id": "96016509245679039193987671940572827318782050486969878144659404668738888398029", "price": "0.22", "size": "0", "side": "BUY", "hash": "bd18c9e5468ebb85d92eceee3c36dde3c1369b4d", "best_bid": "0.89", "best_ask": "0.91"}, {"asset_id": "10339072766729796193604876825555830287400741071776960336721025688179587218575", "price": "0.78", "size": "0", "side": "SELL", "hash": "6906b7c9c2b0e5806785867218cd423f551b9128", "best_bid": "0.09", "best_ask": "0.11"}], "timestamp": "1769384158066", "event_type": "price_change"}}
