{"_local_timestamp": "2026-01-25T23:40:30.214099+00:00", "data": [{"market": "0x4c8ceef9b9c0a27b6b4efa7c398ece4a5eeda76502f722de398c232abefe2ede", "asset_id": "78473141615408645278260621827323903204731180016962666262959632385172645644801", "timestamp": "1769384424001", "hash": "088605fed8e7065840986b5b3586db1124febd02", "bids": [{"price": "0.01", "size": "13227.23"}, {"price": "0.02", "size": "1400"}, {"price": "0.03", "size": "561"}, {"price": "0.04", "size": "6.48"}, {"price": "0.05", "size": "10"}, {"price": "0.09", "size": "400"}, {"price": "0.1", "size": "3000"}, {"price": "0.11", "size": "5.43"}, {"price": "0.13", "size": "261.53"}, {"price": "0.14", "size": "4550"}, {"price": "0.17", "size": "188.23"}, {"price": "0.2", "size": "2950"}, {"price": "0.21", "size": "893.33"}, {"price": "0.22", "size": "2008"}, {"price": "0.26", "size": "100"}, {"price": "0.27", "size": "250"}, {"price": "0.3", "size": "80"}, {"price": "0.34", "size": "183.82"}, {"price": "0.35", "size": "3970"}, {"price": "0.51", "size": "1999.97"}, {"price": "0.52", "size": "248.66"}, {"price": "0.6", "size": "512.5"}, {"price": "0.63", "size": "100"}, {"price": "0.67", "size": "72.52"}, {"price": "0.68", "size": "5"}, {"price": "0.7", "size": "36.18"}, {"price": "0.71", "size": "100"}, {"price": "0.74", "size": "9"}, {"price": "0.75", "size": "17.33"}, {"price": "0.77", "size": "2677"}, {"price": "0.78", "size": "2614.1"}, {"price": "0.79", "size": "2100"}, {"price": "0.8", "size": "2334.5"}, {"price": "0.81", "size": "2221"}, {"price": "0.82", "size": "2125"}, {"price": "0.83", "size": "6033.82"}, {"price": "0.84", "size": "2125.57"}, {"price": "0.85", "size": "3997.53"}], "asks": [{"price": "0.99", "size": "510000"}, {"price": "0.98", "size": "30011.25"}, {"price": "0.97", "size": "13200"}, {"price": "0.96", "size": "3632.45"}, {"price": "0.95", "size": "2033.45"}, {"price": "0.94", "size": "2200"}, {"price": "0.93", "size": "1184.09"}, {"price": "0.92", "size": "1049.99"}, {"price": "0.91", "size": "619.73"}, {"price": "0.9", "size": "8092.36"}, {"price": "0.89", "size": "4065"}, {"price": "0.88", "size": "1984.6"}, {"price": "0.87", "size": "1982.62"}, {"price": "0.86", "size": "2216.8"}], "event_type": "book", "last_trade_price": "0.860"}, {"market": "0x4c8ceef9b9c0a27b6b4efa7c398ece4a5eeda76502f722de398c232abefe2ede", "asset_id": "22094182676612877581056034720566110371610082057092726094559729674155018648896", "timestamp": "1769384424001", "hash": "570651b1ec7f7425150465b36d3b38d090455e96", "bids": [{"price": "0.01", "size": "510000"}, {"price": "0.02", "size": "30011.25"}, {"price": "0.03", "size": "13200"}, {"price": "0.04", "size": "3632.45"}, {"price": "0.05", "size": "2033.45"}, {"price": "0.06", "size": "2200"}, {"price": "0.07", "size": "1184.09"}, {"price": "0.08", "size": "1049.99"}, {"price": "0.09", "size": "619.73"}, {"price": "0.1", "size": "8092.36"}, {"price": "0.11", "size": "4065"}, {"price": "0.12", "size": "1984.6"}, {"price": "0.13", "size": "1982.62"}, {"price": "0.14", "size": "2216.8"}], "asks": [{"price": "0.99", "size": "13227.23"}, {"price": "0.98", "size": "1400"}, {"price": "0.97", "size": "561"}, {"price": "0.96", "size": "6.48"}, {"price": "0.95", "size": "10"}, {"price": "0.91", "size": "400"}, {"price": "0.9", "size": "3000"}, {"price": "0.89", "size": "5.43"}, {"price": "0.87", "size": "261.53"}, {"price": "0.86", "size": "4550"}, {"price": "0.83", "size": "188.23"}, {"price": "0.8", "size": "2950"}, {"price": "0.79", "size": "893.33"}, {"price": "0.78", "size": "2008"}, {"price": "0.74", "size": "100"}, {"price": "0.73", "size": "250"}, {"price": "0.7", "size": "80"}, {"price": "0.66", "size": "183.82"}, {"price": "0.65", "size": "3970"}, {"price": "0.49", "size": "1999.97"}, {"price": "0.48", "size": "248.66"}, {"price": "0.4", "size": "512.5"}, {"price": "0.37", "size": "100"}, {"price": "0.33", "size": "72.52"}, {"price": "0.32", "size": "5"}, {"price": "0.3", "size": "36.18"}, {"price": "0.29", "size": "100"}, {"price": "0.26", "size": "9"}, {"price": "0.25", "size": "17.33"}, {"price": "0.23", "size": "2677"}, {"price": "0.22", "size": "2614.1"}, {"price": "0.21", "size": "2100"}, {"price": "0.2", "size": "2334.5"}, {"price": "0.19", "size": "2221"}, {"price": "0.18", "size": "2125"}, {"price": "0.17", "size": "6033.82"}, {"price": "0.16", "size": "2125.57"}, {"price": "0.15", "size": "3997.53"}], "event_type": "book", "last_trade_price": "0.860"}]}
{"_local_timestamp": "2026-01-25T23:40:57.096835+00:00", "data": {"market": "0x4c8ceef9b9c0a27b6b4efa7c398ece4a5eeda76502f722de398c232abefe2ede", "price_changes": [{"asset_id": "22094182676612877581056034720566110371610082057092726094559729674155018648896", "price": "0.1", "size": "7972.36", "side": "BUY", "hash": "c0717592d1efeae2e9abad243500813a00d21988", "best_bid": "0.14", "best_ask": "0.15"}, {"asset_id": "78473141615408645278260621827323903204731180016962666262959632385172645644801", "price": "0.9", "size": "7972.36", "side": "SELL", "hash": "0690cfd6d12b7522415a9107f8ea7d5040ad146e", "best_bid": "0.85", "best_ask": "0.86"}], "timestamp": "1769384457001", "event_type": "price_change"}}
{"_local_timestamp": "2026-01-25T23:40:57.120027+00:00", "data": {"market": "0x4c8ceef9b9c0a27b6b4efa7c398ece4a5eeda76502f722de398c232abefe2ede", "price_changes": [{"asset_id": "22094182676612877581056034720566110371610082057092726094559729674155018648896", "price": "0.07", "size": "1127.09", "side": "BUY", "hash": "c8783f7c91735e004b014c7e4bfa3a024d1c69c4", "best_bid": "0.14", "best_ask": "0.15"}, {"asset_id": "78473141615408645278260621827323903204731180016962666262959632385172645644801", "price": "0.93", "size": "1127.09", "side": "SELL", "hash": "3bc587b154ed667a30dc2b0787d081936c73a8ee", "best_bid": "0.85", "best_ask": "0.86"}], "timestamp": "1769384457004", "event_type": "price_change"}}
{"_local_timestamp": "2026-01-25T23:42:24.683078+00:00", "data": {"market": "0x4c8ceef9b9c0a27b6b4efa7c398ece4a5eeda76502f722de398c232abefe2ede", "price_changes": [{"asset_id": "78473141615408645278260621827323903204731180016962666262959632385172645644801", "price": "0.27", "size": "200", "side": "BUY", "hash": "ecf2fc1383ce0538fbeeac3e5ebbf80769c2b8fd", "best_bid": "0.85", "best_ask": "0.86"}, {"asset_id": "22094182676612877581056034720566110371610082057092726094559729674155018648896", "price": "0.73", "size": "200", "side": "SELL", "hash": "18052f78e32493df8dec9a2c80cb8b152c2d667a", "best_bid": "0.14", "best_ask": "0.15"}], "timestamp": "1769384544481", "event_type": "price_change"}}
{"_local_timestamp": "2026-01-25T23:42:25.222327+00:00", "data": {"market": "0x4c8ceef9b9c0a27b6b4efa7c398ece4a5eeda76502f722de398c232abefe2ede", "price_changes": [{"asset_id": "78473141615408645278260621827323903204731180016962666262959632385172645644801", "price": "0.35", "size": "4020", "side": "BUY", "hash": "03f0f9cf1d48562328c55e7452ab3967589850f1", "best_bid": "0.85", "best_ask": "0.86"}, {"asset_id": "22094182676612877581056034720566110371610082057092726094559729674155018648896", "price": "0.65", "size": "4020", "side": "SELL", "hash": "c37f135442ef3b9ace7f169a038fbacb46b6ad6e", "best_bid": "0.14", "best_ask": "0.15"}], "timestamp": "1769384545078", "event_type": "price_change"}}
{"_local_timestamp": "2026-01-25T23:42:27.766031+00:00", "data": {"market": "0x4c8ceef9b9c0a27b6b4efa7c398ece4a5eeda76502f722de398c232abefe2ede", "price_changes": [{"asset_id": "22094182676612877581056034720566110371610082057092726094559729674155018648896", "price": "0.05", "size": "12033.45", "side": "BUY", "hash": "46c5d4087778c82e064ac8045d53a3e4a90c620e", "best_bid": "0.14", "best_ask": "0.15"}, {"asset_id": "78473141615408645278260621827323903204731180016962666262959632385172645644801", "price": "0.95", "size": "12033.45", "side": "SELL", "hash": "08c6ca2ed6fdf21caf27207a1beb5cad1e172e95", "best_bid": "0.85", "best_ask": "0.86"}], "timestamp": "1769384547625", "event_type": "price_change"}}
{"_local_timestamp": "2026-01-25T23:42:27.768427+00:00", "data": {"market": "0x4c8ceef9b9c0a27b6b4efa7c398ece4a5eeda76502f722de398c232abefe2ede", "price_changes": [{"asset_id": "22094182676612877581056034720566110371610082057092726094559729674155018648896", "price": "0.1", "size": "8102.36", "side": "BUY", "hash": "83be3c4721a7b578de3400a465a7ba9b9943e94c", "best_bid": "0.14", "best_ask": "0.15"}, {"asset_id": "78473141615408645278260621827323903204731180016962666262959632385172645644801", "price": "0.9", "size": "8102.36", "side": "SELL", "hash": "08cac13371c3191d9f58f6920a77b7a6cf566b35", "best_bid": "0.85", "best_ask": "0.86"}], "timestamp": "1769384547627", "event_type": "price_change"}}
{"_local_timestamp": "2026-01-25T23:42:27.770240+00:00", "data": {"market": "0x4c8ceef9b9c0a27b6b4efa7c398ece4a5eeda76502f722de398c232abefe2ede", "price_changes": [{"asset_id": "22094182676612877581056034720566110371610082057092726094559729674155018648896", "price": "0.07", "size": "7729.09", "side": "BUY", "hash": "40753137f25f5a12e2a93148175ee0370bf2adec", "best_bid": "0.14", "best_ask": "0.15"}, {"asset_id": "78473141615408645278260621827323903204731180016962666262959632385172645644801", "price": "0.93", "size": "7729.09", "side": "SELL", "hash": "905da2c0d05bba86838513d6904b84526711d7f3", "best_bid": "0.85", "best_ask": "0.86"}], "timestamp": "1769384547629", "event_type": "price_change"}}
{"_local_timestamp": "2026-01-25T23:42:27.773730+00:00", "data": {"market": "0x4c8ceef9b9c0a27b6b4efa7c398ece4a5eeda76502f722de398c232abefe2ede", "price_changes": [{"asset_id": "22094182676612877581056034720566110371610082057092726094559729674155018648896", "price": "0.11", "size": "4119", "side": "BUY", "hash": "c3e76c4a713870f87dd54c3ba8575778ca9dd150", "best_bid": "0.14", "best_ask": "0.15"}, {"asset_id": "78473141615408645278260621827323903204731180016962666262959632385172645644801", "price": "0.89", "size": "4119", "side": "SELL", "hash": "11949d10c1008a04429c3b5f02774ba54aeeeaef", "best_bid": "0.85", "best_ask": "0.86"}], "timestamp": "1769384547633", "event_type": "price_change"}}
{"_local_timestamp": "2026-01-25T23:42:45.379301+00:00", "data": {"market": "0x4c8ceef9b9c0a27b6b4efa7c398ece4a5eeda76502f722de398c232abefe2ede", "price_changes": [{"asset_id": "78473141615408645278260621827323903204731180016962666262959632385172645644801", "price": "0.34", "size": "133.82", "side": "BUY", "hash": "360348b40f635e34bf8ff2b332b86058f0da498b", "best_bid": "0.85", "best_ask": "0.86"}, {"asset_id": "22094182676612877581056034720566110371610082057092726094559729674155018648896", "price": "0.66", "size": "133.82", "side": "SELL", "hash": "060f1fe2d2438a0d73a6e4663c23b5217906c0d9", "best_bid": "0.14", "best_ask": "0.15"}], "timestamp": "1769384565208", "event_type": "price_change"}}
{"_local_timestamp": "2026-01-25T23:42:45.787964+00:00", "data": {"market": "0x4c8ceef9b9c0a27b6b4efa7c398ece4a5eeda76502f722de398c232abefe2ede", "price_changes": [{"asset_id": "78473141615408645278260621827323903204731180016962666262959632385172645644801", "price": "0.35", "size": "4070", "side": "BUY", "hash": "97bdc74a24d875c9535273c6581c412cfc36898c", "best_bid": "0.85", "best_ask": "0.86"}, {"asset_id": "22094182676612877581056034720566110371610082057092726094559729674155018648896", "price": "0.65", "size": "4070", "side": "SELL", "hash": "d6b7a36d115c5d490ab99b0305b22f8919a08941", "best_bid": "0.14", "best_ask": "0.15"}], "timestamp": "1769384565610", "event_type": "price_change"}}
{"_local_timestamp": "2026-01-25T23:44:20.958921+00:00", "data": {"market": "0x4c8ceef9b9c0a27b6b4efa7c398ece4a5eeda76502f722de398c232abefe2ede", "price_changes": [{"asset_id": "78473141615408645278260621827323903204731180016962666262959632385172645644801", "price": "0.27", "size": "100", "side": "BUY", "hash": "7c4073647851e6db543bcf8d7b0e4ebbfc8429b2", "best_bid": "0.85", "best_ask": "0.86"}, {"asset_id": "22094182676612877581056034720566110371610082057092726094559729674155018648896", "price": "0.73", "size": "100", "side": "SELL", "hash": "6e2c1a5feba698a3db6b8265663f8ad8193df9f6", "best_bid": "0.14", "best_ask": "0.15"}], "timestamp": "1769384660503", "event_type": "price_change"}}
{"_local_timestamp": "2026-01-25T23:44:21.042161+00:00", "data": {"market": "0x4c8ceef9b9c0a27b6b4efa7c398ece4a5eeda76502f722de398c232abefe2ede", "price_changes": [{"asset_id": "78473141615408645278260621827323903204731180016962666262959632385172645644801", "price": "0.34", "size": "58.82", "side": "BUY", "hash": "7c4073647851e6db543bcf8d7b0e4ebbfc8429b2", "best_bid": "0.85", "best_ask": "0.86"}, {"asset_id": "22094182676612877581056034720566110371610082057092726094559729674155018648896", "price": "0.66", "size": "58.82", "side": "SELL", "hash": "6e2c1a5feba698a3db6b8265663f8ad8193df9f6", "best_bid": "0.14", "best_ask": "0.15"}], "timestamp": "1769384660503", "event_type": "price_change"}}
{"_local_timestamp": "2026-01-25T23:44:21.487311+00:00", "data": {"market": "0x4c8ceef9b9c0a27b6b4efa7c398ece4a5eeda76502f722de398c232abefe2ede", "price_changes": [{"asset_id": "78473141615408645278260621827323903204731180016962666262959632385172645644801", "price": "0.35", "size": "4145", "side": "BUY", "hash": "a413beb0b3ad5f9c06d887895bf2880640647741", "best_bid": "0.85", "best_ask": "0.86"}, {"asset_id": "22094182676612877581056034720566110371610082057092726094559729674155018648896", "price": "0.65", "size": "4145", "side": "SELL", "hash": "910265cfa269b9d37ceca72d37dadb4e3cddad5d", "best_bid": "0.14", "best_ask": "0.15"}], "timestamp": "1769384660925", "event_type": "price_change"}}
{"_local_timestamp": "2026-01-25T23:44:21.513007+00:00", "data": {"market": "0x4c8ceef9b9c0a27b6b4efa7c398ece4a5eeda76502f722de398c232abefe2ede", "price_changes": [{"asset_id": "78473141615408645278260621827323903204731180016962666262959632385172645644801", "price": "0.22", "size": "2108", "side": "BUY", "hash": "d8b70d23aca1e71bba90178e2804c3f8bc55367e", "best_bid": "0.85", "best_ask": "0.86"}, {"asset_id": "22094182676612877581056034720566110371610082057092726094559729674155018648896", "price": "0.78", "size": "2108", "side": "SELL", "hash": "fdd59377e54a04130d0c311be3f6f65c044547b0", "best_bid": "0.14", "best_ask": "0.15"}], "timestamp": "1769384660972", "event_type": "price_change"}}
{"_local_timestamp": "2026-01-25T23:44:57.521627+00:00", "data": {"market": "0x4c8ceef9b9c0a27b6b4efa7c398ece4a5eeda76502f722de398c232abefe2ede", "price_changes": [{"asset_id": "78473141615408645278260621827323903204731180016962666262959632385172645644801", "price": "0.27", "size": "50", "side": "BUY", "hash": "507b869b794d3c32098aa9d2d185d98b8e0b9adb", "best_bid": "0.85", "best_ask": "0.86"}, {"asset_id": "22094182676612877581056034720566110371610082057092726094559729674155018648896", "price": "0.73", "size": "50", "side": "SELL", "hash": "da7e5d7f474256c9921cafcc50fe80d864ac26f4", "best_bid": "0.14", "best_ask": "0.15"}], "timestamp": "1769384697452", "event_type": "price_change"}}
{"_local_timestamp": "2026-01-25T23:44:57.799907+00:00", "data": {"market": "0x4c8ceef9b9c0a27b6b4efa7c398ece4a5eeda76502f722de398c232abefe2ede", "price_changes": [{"asset_id": "78473141615408645278260621827323903204731180016962666262959632385172645644801", "price": "0.26", "size": "150", "side": "BUY", "hash": "b29bb6a68eb3f498cf9f6161c3164637f6765486", "best_bid": "0.85", "best_ask": "0.86"}, {"asset_id": "22094182676612877581056034720566110371610082057092726094559729674155018648896", "price": "0.74", "size": "150", "side": "SELL", "hash": "92a0b8b9eebc241f096c3fecb0b4b09f8ca6f59a", "best_bid": "0.14", "best_ask": "0.15"}], "timestamp": "1769384697724", "event_type": "price_change"}}
{"_local_timestamp": "2026-01-25T23:45:07.085638+00:00", "data": {"market": "0x4c8ceef9b9c0a27b6b4efa7c398ece4a5eeda76502f722de398c232abefe2ede", "price_changes": [{"asset_id": "22094182676612877581056034720566110371610082057092726094559729674155018648896", "price": "0.07", "size": "7716.09", "side": "BUY", "hash": "a9d8d191b21aa47d39d856becfa68f54e82ea7a1", "best_bid": "0.14", "best_ask": "0.15"}, {"asset_id": "78473141615408645278260621827323903204731180016962666262959632385172645644801", "price": "0.93", "size": "7716.09", "side": "SELL", "hash": "0d0093298d479f06e0324b01109b636ca8db68fb", "best_bid": "0.85", "best_ask": "0.86"}], "timestamp": "1769384707000", "event_type": "price_change"}}
{"_local_timestamp": "2026-01-25T23:45:07.086103+00:00", "data": {"market": "0x4c8ceef9b9c0a27b6b4efa7c398ece4a5eeda76502f722de398c232abefe2ede", "price_changes": [{"asset_id": "22094182676612877581056034720566110371610082057092726094559729674155018648896", "price": "0.1", "size": "8092.36", "side": "BUY", "hash": "ecf25ff3eb9ecb862a4dab17fd3af37b684524f8", "best_bid": "0.14", "best_ask": "0.15"}, {"asset_id": "78473141615408645278260621827323903204731180016962666262959632385172645644801", "price": "0.9", "size": "8092.36", "side": "SELL", "hash": "1cd41beaaeb41d1571c2209eb3c7a6f9ca0f5748", "best_bid": "0.85", "best_ask": "0.86"}], "timestamp": "1769384707003", "event_type": "price_change"}}
{"_local_timestamp": "2026-01-25T23:45:07.086504+00:00", "data": {"market": "0x4c8ceef9b9c0a27b6b4efa7c398ece4a5eeda76502f722de398c232abefe2ede", "price_changes": [{"asset_id": "22094182676612877581056034720566110371610082057092726094559729674155018648896", "price": "0.11", "size": "3109", "side": "BUY", "hash": "ecf25ff3eb9ecb862a4dab17fd3af37b684524f8", "best_bid": "0.14", "best_ask": "0.15"}, {"asset_id": "78473141615408645278260621827323903204731180016962666262959632385172645644801", "price": "0.89", "size": "3109", "side": "SELL", "hash": "1cd41beaaeb41d1571c2209eb3c7a6f9ca0f5748", "best_bid": "0.85", "best_ask": "0.86"}], "timestamp": "1769384707003", "event_type": "price_change"}}
{"_local_timestamp": "2026-01-25T23:45:48.426150+00:00", "data": {"market": "0x4c8ceef9b9c0a27b6b4efa7c398ece4a5eeda76502f722de398c232abefe2ede", "price_changes": [{"asset_id": "22094182676612877581056034720566110371610082057092726094559729674155018648896", "price": "0.12", "size": "1884.6", "side": "BUY", "hash": "a5493583c761662d64343410339162c93fe29efd", "best_bid": "0.14", "best_ask": "0.15"}, {"asset_id": "78473141615408645278260621827323903204731180016962666262959632385172645644801", "price": "0.88", "size": "1884.6", "side": "SELL", "hash": "b665e74f5b5c9be3c4d3cd8d2e5dc35b5e62118f", "best_bid": "0.85", "best_ask": "0.86"}], "timestamp": "1769384748352", "event_type": "price_change"}}
{"_local_timestamp": "2026-01-25T23:45:48.458257+00:00", "data": {"market": "0x4c8ceef9b9c0a27b6b4efa7c398ece4a5eeda76502f722de398c232abefe2ede", "price_changes": [{"asset_id": "78473141615408645278260621827323903204731180016962666262959632385172645644801", "price": "0.83", "size": "5933.82", "side": "BUY", "hash": "afd084d256e6ee04b727d9a48c7af18066e8c650", "best_bid": "0.85", "best_ask": "0.86"}, {"asset_id": "22094182676612877581056034720566110371610082057092726094559729674155018648896", "price": "0.17", "size": "5933.82", "side": "SELL", "hash": "bc4f1120b8036ebee51598def9a0859e300fe634", "best_bid": "0.14", "best_ask": "0.15"}], "timestamp": "1769384748353", "event_type": "price_change"}}
{"_local_timestamp": "2026-01-25T23:45:58.898147+00:00", "data": {"market": "0x4c8ceef9b9c0a27b6b4efa7c398ece4a5eeda76502f722de398c232abefe2ede", "price_changes": [{"asset_id": "22094182676612877581056034720566110371610082057092726094559729674155018648896", "price": "0.12", "size": "1984.6", "side": "BUY", "hash": "d629be2ea8d14431f9bd2ebfb839fa0ac695f1f4", "best_bid": "0.14", "best_ask": "0.15"}, {"asset_id": "78473141615408645278260621827323903204731180016962666262959632385172645644801", "price": "0.88", "size": "1984.6", "side": "SELL", "hash": "3b1d6323afef116f47b69e77024bac0035cf1218", "best_bid": "0.85", "best_ask": "0.86"}], "timestamp": "1769384758825", "event_type": "price_change"}}
{"_local_timestamp": "2026-01-25T23:46:00.843938+00:00", "data": {"market": "0x4c8ceef9b9c0a27b6b4efa7c398ece4a5eeda76502f722de398c232abefe2ede", "price_changes": [{"asset_id": "22094182676612877581056034720566110371610082057092726094559729674155018648896", "price": "0.07", "size": "7729.09", "side": "BUY", "hash": "af1a94eaa25ef1ddf91c7b480d7427fc41ba3dd7", "best_bid": "0.14", "best_ask": "0.15"}, {"asset_id": "78473141615408645278260621827323903204731180016962666262959632385172645644801", "price": "0.93", "size": "7729.09", "side": "SELL", "hash": "ac734bd72662dcb21ca84072f87523660bbeb213", "best_bid": "0.85", "best_ask": "0.86"}], "timestamp": "1769384760777", "event_type": "price_change"}}
{"_local_timestamp": "2026-01-25T23:46:00.845207+00:00", "data": {"market": "0x4c8ceef9b9c0a27b6b4efa7c398ece4a5eeda76502f722de398c232abefe2ede", "price_changes": [{"asset_id": "22094182676612877581056034720566110371610082057092726094559729674155018648896", "price": "0.11", "size": "4119", "side": "BUY", "hash": "0bd24ee63db23f8b1a812be34d2254f1a5757712", "best_bid": "0.14", "best_ask": "0.15"}, {"asset_id": "78473141615408645278260621827323903204731180016962666262959632385172645644801", "price": "0.89", "size": "4119", "side": "SELL", "hash": "d085a731dd8a29a58c9c4500585680b1401d999f", "best_bid": "0.85", "best_ask": "0.86"}], "timestamp": "1769384760778", "event_type": "price_change"}}
{"_local_timestamp": "2026-01-25T23:46:00.845606+00:00", "data": {"market": "0x4c8ceef9b9c0a27b6b4efa7c398ece4a5eeda76502f722de398c232abefe2ede", "price_changes": [{"asset_id": "22094182676612877581056034720566110371610082057092726094559729674155018648896", "price": "0.1", "size": "8102.36", "side": "BUY", "hash": "bcd30cd639abfd0f2bd0dbe7244fb1c54a361829", "best_bid": "0.14", "best_ask": "0.15"}, {"asset_id": "78473141615408645278260621827323903204731180016962666262959632385172645644801", "price": "0.9", "size": "8102.36", "side": "SELL", "hash": "867abb9dea10c7b8dba189dbc3676953672800f5", "best_bid": "0.85", "best_ask": "0.86"}], "timestamp": "1769384760779", "event_type": "price_change"}}
{"_local_timestamp": "2026-01-25T23:46:10.043074+00:00", "data": {"market": "0x4c8ceef9b9c0a27b6b4efa7c398ece4a5eeda76502f722de398c232abefe2ede", "price_changes": [{"asset_id": "78473141615408645278260621827323903204731180016962666262959632385172645644801", "price": "0.83", "size": "6033.82", "side": "BUY", "hash": "86038e785e093b5d88908fb47632df5195faa1a3", "best_bid": "0.85", "best_ask": "0.86"}, {"asset_id": "22094182676612877581056034720566110371610082057092726094559729674155018648896", "price": "0.17", "size": "6033.82", "side": "SELL", "hash": "8e0b36fb237ad798ea6db1be7acc90caba7c43fb", "best_bid": "0.14", "best_ask": "0.15"}], "timestamp": "1769384769976", "event_type": "price_change"}}
{"_local_timestamp": "2026-01-25T23:46:10.580730+00:00", "data": {"market": "0x4c8ceef9b9c0a27b6b4efa7c398ece4a5eeda76502f722de398c232abefe2ede", "price_changes": [{"asset_id": "78473141615408645278260621827323903204731180016962666262959632385172645644801", "price": "0.22", "size": "200", "side": "BUY", "hash": "ed5bff4959e144cab1489f999471d679ef6dc353", "best_bid": "0.85", "best_ask": "0.86"}, {"asset_id": "22094182676612877581056034720566110371610082057092726094559729674155018648896", "price": "0.78", "size": "200", "side": "SELL", "hash": "79c66a70b15ffe956d7896435d88602fae0bba6a", "best_bid": "0.14", "best_ask": "0.15"}], "timestamp": "1769384770460", "event_type": "price_change"}}
{"_local_timestamp": "2026-01-25T23:46:58.915374+00:00", "data": {"market": "0x4c8ceef9b9c0a27b6b4efa7c398ece4a5eeda76502f722de398c232abefe2ede", "price_changes": [{"asset_id": "78473141615408645278260621827323903204731180016962666262959632385172645644801", "price": "0.22", "size": "100", "side": "BUY", "hash": "98de7a6198a1ff51ed368fe1164d5d73c062dce1", "best_bid": "0.85", "best_ask": "0.86"}, {"asset_id": "22094182676612877581056034720566110371610082057092726094559729674155018648896", "price": "0.78", "size": "100", "side": "SELL", "hash": "2a507c4115d5c4b591838a744360d77ec6fb79ff", "best_bid": "0.14", "best_ask": "0.15"}], "timestamp": "1769384818833", "event_type": "price_change"}}
{"_local_timestamp": "2026-01-25T23:46:59.285350+00:00", "data": {"market": "0x4c8ceef9b9c0a27b6b4efa7c398ece4a5eeda76502f722de398c232abefe2ede", "price_changes": [{"asset_id": "78473141615408645278260621827323903204731180016962666262959632385172645644801", "price": "0.21", "size": "993.33", "side": "BUY", "hash": "2ac544110be75280bfa7c51018511c0709684a39", "best_bid": "0.85", "best_ask": "0.86"}, {"asset_id": "22094182676612877581056034720566110371610082057092726094559729674155018648896", "price": "0.79", "size": "993.33", "side": "SELL", "hash": "20dd4912342dc8cf7993b6c327de4e10a352691d", "best_bid": "0.14", "best_ask": "0.15"}], "timestamp": "1769384819155", "event_type": "price_change"}}
{"_local_timestamp": "2026-01-25T23:47:05.301005+00:00", "data": {"market": "0x4c8ceef9b9c0a27b6b4efa7c398ece4a5eeda76502f722de398c232abefe2ede", "price_changes": [{"asset_id": "78473141615408645278260621827323903204731180016962666262959632385172645644801", "price": "0.27", "size": "1604", "side": "BUY", "hash": "91ab8bc6a598b503a8f6d63bce7be362b775cc25", "best_bid": "0.85", "best_ask": "0.86"}, {"asset_id": "22094182676612877581056034720566110371610082057092726094559729674155018648896", "price": "0.73", "size": "1604", "side": "SELL", "hash": "fb0f1e3bbf81dfc86890fb8ed2e587082bd93d9b", "best_bid": "0.14", "best_ask": "0.15"}], "timestamp": "1769384825225", "event_type": "price_change"}}
{"_local_timestamp": "2026-01-25T23:48:07.076432+00:00", "data": {"market": "0x4c8ceef9b9c0a27b6b4efa7c398ece4a5eeda76502f722de398c232abefe2ede", "price_changes": [{"asset_id": "22094182676612877581056034720566110371610082057092726094559729674155018648896", "price": "0.1", "size": "5912.36", "side": "BUY", "hash": "349d0212e31cae707a1e826eb57e3b627ecdb04d", "best_bid": "0.14", "best_ask": "0.15"}, {"asset_id": "78473141615408645278260621827323903204731180016962666262959632385172645644801", "price": "0.9", "size": "5912.36", "side": "SELL", "hash": "4999845099ad46ba4a97c32e849261c22383b315", "best_bid": "0.85", "best_ask": "0.86"}], "timestamp": "1769384887001", "event_type": "price_change"}}
{"_local_timestamp": "2026-01-25T23:48:07.121777+00:00", "data": {"market": "0x4c8ceef9b9c0a27b6b4efa7c398ece4a5eeda76502f722de398c232abefe2ede", "price_changes": [{"asset_id": "22094182676612877581056034720566110371610082057092726094559729674155018648896", "price": "0.07", "size": "7686.09", "side": "BUY", "hash": "7fb5cf4f73ab6da466d32f8ed538f88086a8e1c0", "best_bid": "0.14", "best_ask": "0.15"}, {"asset_id": "78473141615408645278260621827323903204731180016962666262959632385172645644801", "price": "0.93", "size": "7686.09", "side": "SELL", "hash": "d43b5a8071c5076f914b46a83662167f7dc8a5fb", "best_bid": "0.85", "best_ask": "0.86"}], "timestamp": "1769384887006", "event_type": "price_change"}}
{"_local_timestamp": "2026-01-25T23:48:11.502615+00:00", "data": {"market": "0x4c8ceef9b9c0a27b6b4efa7c398ece4a5eeda76502f722de398c232abefe2ede", "price_changes": [{"asset_id": "78473141615408645278260621827323903204731180016962666262959632385172645644801", "price": "0.26", "size": "100", "side": "BUY", "hash": "3d36f4d3037b2ac920c3a26174ba5db28f96fecf", "best_bid": "0.85", "best_ask": "0.86"}, {"asset_id": "22094182676612877581056034720566110371610082057092726094559729674155018648896", "price": "0.74", "size": "100", "side": "SELL", "hash": "17e6dd7cffd2559180ed5cd02593ce576830173a", "best_bid": "0.14", "best_ask": "0.15"}], "timestamp": "1769384891435", "event_type": "price_change"}}
{"_local_timestamp": "2026-01-25T23:48:11.741583+00:00", "data": {"market": "0x4c8ceef9b9c0a27b6b4efa7c398ece4a5eeda76502f722de398c232abefe2ede", "price_changes": [{"asset_id": "78473141615408645278260621827323903204731180016962666262959632385172645644801", "price": "0.27", "size": "1654", "side": "BUY", "hash": "734a90319698c43b79f3569a7a674fe53defebe5", "best_bid": "0.85", "best_ask": "0.86"}, {"asset_id": "22094182676612877581056034720566110371610082057092726094559729674155018648896", "price": "0.73", "size": "1654", "side": "SELL", "hash": "6ecc97daa63938e21504ee880ea5f1648cd842b4", "best_bid": "0.14", "best_ask": "0.15"}], "timestamp": "1769384891675", "event_type": "price_change"}}
{"_local_timestamp": "2026-01-25T23:49:30.494099+00:00", "data": {"market": "0x4c8ceef9b9c0a27b6b4efa7c398ece4a5eeda76502f722de398c232abefe2ede", "price_changes": [{"asset_id": "78473141615408645278260621827323903204731180016962666262959632385172645644801", "price": "0.22", "size": "0", "side": "BUY", "hash": "a7dd9d5c9c1633eadbe112f658510b49f39b0bc4", "best_bid": "0.85", "best_ask": "0.86"}, {"asset_id": "22094182676612877581056034720566110371610082057092726094559729674155018648896", "price": "0.78", "size": "0", "side": "SELL", "hash": "b697d291535657b117f36051099d891a980593a9", "best_bid": "0.14", "best_ask": "0.15"}], "timestamp": "1769384970080", "event_type": "price_change"}}
{"_local_timestamp": "2026-01-25T23:49:31.132395+00:00", "data": {"market": "0x4c8ceef9b9c0a27b6b4efa7c398ece4a5eeda76502f722de398c232abefe2ede", "price_changes": [{"asset_id": "78473141615408645278260621827323903204731180016962666262959632385172645644801", "price": "0.21", "size": "1093.33", "side": "BUY", "hash": "ca1e78161c1bd714c9c8c832b2c493b0bb9ded9f", "best_bid": "0.85", "best_ask": "0.86"}, {"asset_id": "22094182676612877581056034720566110371610082057092726094559729674155018648896", "price": "0.79", "size": "1093.33", "side": "SELL", "hash": "5ea0b2b25b7fa17025716c68648371b77124572e", "best_bid": "0.14", "best_ask": "0.15"}], "timestamp": "1769384970689", "event_type": "price_change"}}
{"_local_timestamp": "2026-01-25T23:49:37.641256+00:00", "data": {"market": "0x4c8ceef9b9c0a27b6b4efa7c398ece4a5eeda76502f722de398c232abefe2ede", "price_changes": [{"asset_id": "22094182676612877581056034720566110371610082057092726094559729674155018648896", "price": "0.1", "size": "8102.36", "side": "BUY", "hash": "cd3c0d575ca48c5fcc5aa44f8e28250dd09a57ef", "best_bid": "0.14", "best_ask": "0.15"}, {"asset_id": "78473141615408645278260621827323903204731180016962666262959632385172645644801", "price": "0.9", "size": "8102.36", "side": "SELL", "hash": "2c5a17cc136c120ca9d70d6b5d2160df42b0ebf9", "best_bid": "0.85", "best_ask": "0.86"}], "timestamp": "1769384977555", "event_type": "price_change"}}
{"_local_timestamp": "2026-01-25T23:49:37.641815+00:00", "data": {"market": "0x4c8ceef9b9c0a27b6b4efa7c398ece4a5eeda76502f722de398c232abefe2ede", "price_changes": [{"asset_id": "22094182676612877581056034720566110371610082057092726094559729674155018648896", "price": "0.07", "size": "7729.09", "side": "BUY", "hash": "7e5a3b4698e01e6f61744c8a2cc72bc267965a4f", "best_bid": "0.14", "best_ask": "0.15"}, {"asset_id": "78473141615408645278260621827323903204731180016962666262959632385172645644801", "price": "0.93", "size": "7729.09", "side": "SELL", "hash": "f6be976da8981bd1baf1c2147afff945cb0846f4", "best_bid": "0.85", "best_ask": "0.86"}], "timestamp": "1769384977556", "event_type": "price_change"}}
{"_local_timestamp": "2026-01-25T23:49:51.155354+00:00", "data": {"market": "0x4c8ceef9b9c0a27b6b4efa7c398ece4a5eeda76502f722de398c232abefe2ede", "price_changes": [{"asset_id": "78473141615408645278260621827323903204731180016962666262959632385172645644801", "price": "0.27", "size": "100", "side": "BUY", "hash": "ef9fca554add4ae5f411969db7b5da26e5ee852c", "best_bid": "0.85", "best_ask": "0.86"}, {"asset_id": "22094182676612877581056034720566110371610082057092726094559729674155018648896", "price": "0.73", "size": "100", "side": "SELL", "hash": "020e70ecc1d072f94b4ba0c36e2c3624dc8fc9e7", "best_bid": "0.14", "best_ask": "0.15"}], "timestamp": "1769384991041", "event_type": "price_change"}}
{"_local_timestamp": "2026-01-25T23:50:02.389940+00:00", "data": {"market": "0x4c8ceef9b9c0a27b6b4efa7c398ece4a5eeda76502f722de398c232abefe2ede", "price_changes": [{"asset_id": "78473141615408645278260621827323903204731180016962666262959632385172645644801", "price": "0.21", "size": "333.33", "side": "BUY", "hash": "d19a297d8c4b8c474bfd10295efeb018ba375f3a", "best_bid": "0.85", "best_ask": "0.86"}, {"asset_id": "22094182676612877581056034720566110371610082057092726094559729674155018648896", "price": "0.79", "size": "333.33", "side": "SELL", "hash": "daffbda7c3c55482d3df893c8454c6a8fa5d949c", "best_bid": "0.14", "best_ask": "0.15"}], "timestamp": "1769385002270", "event_type": "price_change"}}
{"_local_timestamp": "2026-01-25T23:50:15.177513+00:00", "data": {"market": "0x4c8ceef9b9c0a27b6b4efa7c398ece4a5eeda76502f722de398c232abefe2ede", "price_changes": [{"asset_id": "78473141615408645278260621827323903204731180016962666262959632385172645644801", "price": "0.22", "size": "1908", "side": "BUY", "hash": "db9d5b7a60e985eefea2115104e162b1cb6b13bc", "best_bid": "0.85", "best_ask": "0.86"}, {"asset_id": "22094182676612877581056034720566110371610082057092726094559729674155018648896", "price": "0.78", "size": "1908", "side": "SELL", "hash": "2a90c7da4b8f5eea5901d1dc54cdc0b67f361c50", "best_bid": "0.14", "best_ask": "0.15"}], "timestamp": "1769385015045", "event_type": "price_change"}}
{"_local_timestamp": "2026-01-25T23:50:46.314591+00:00", "data": {"market": "0x4c8ceef9b9c0a27b6b4efa7c398ece4a5eeda76502f722de398c232abefe2ede", "price_changes": [{"asset_id": "78473141615408645278260621827323903204731180016962666262959632385172645644801", "price": "0.27", "size": "50", "side": "BUY", "hash": "a7477c6258ecfcd83aada2d6680b9063b8bb77a7", "best_bid": "0.85", "best_ask": "0.86"}, {"asset_id": "22094182676612877581056034720566110371610082057092726094559729674155018648896", "price": "0.73", "size": "50", "side": "SELL", "hash": "6d53e86168d8d4175841ffed340d1072f77179de", "best_bid": "0.14", "best_ask": "0.15"}], "timestamp": "1769385046248", "event_type": "price_change"}}
{"_local_timestamp": "2026-01-25T23:50:46.814292+00:00", "data": {"market": "0x4c8ceef9b9c0a27b6b4efa7c398ece4a5eeda76502f722de398c232abefe2ede", "price_changes": [{"asset_id": "78473141615408645278260621827323903204731180016962666262959632385172645644801", "price": "0.26", "size": "150", "side": "BUY", "hash": "3d3bf9587587243ba761784739926fb8e90bd697", "best_bid": "0.85", "best_ask": "0.86"}, {"asset_id": "22094182676612877581056034720566110371610082057092726094559729674155018648896", "price": "0.74", "size": "150", "side": "SELL", "hash": "51e62935602b8a9bb30e53f018901868f28389bc", "best_bid": "0.14", "best_ask": "0.15"}], "timestamp": "1769385046648", "event_type": "price_change"}}
{"_local_timestamp": "2026-01-25T23:51:11.035339+00:00", "data": {"market": "0x4c8ceef9b9c0a27b6b4efa7c398ece4a5eeda76502f722de398c232abefe2ede", "price_changes": [{"asset_id": "22094182676612877581056034720566110371610082057092726094559729674155018648896", "price": "0.07", "size": "7686.09", "side": "BUY", "hash": "ee451adf812dab2c3713f2ffde29a51088eed6fb", "best_bid": "0.14", "best_ask": "0.15"}, {"asset_id": "78473141615408645278260621827323903204731180016962666262959632385172645644801", "price": "0.93", "size": "7686.09", "side": "SELL", "hash": "f36a689b5094ec8fd7826cc915287b7dc8ad862b", "best_bid": "0.85", "best_ask": "0.86"}], "timestamp": "1769385070963", "event_type": "price_change"}}
{"_local_timestamp": "2026-01-25T23:51:11.115020+00:00", "data": {"market": "0x4c8ceef9b9c0a27b6b4efa7c398ece4a5eeda76502f722de398c232abefe2ede", "price_changes": [{"asset_id": "22094182676612877581056034720566110371610082057092726094559729674155018648896", "price": "0.07", "size": "7714.09", "side": "BUY", "hash": "813a20c7a25a5cacdd22fa508a706e0e4a6e376a", "best_bid": "0.14", "best_ask": "0.15"}, {"asset_id": "78473141615408645278260621827323903204731180016962666262959632385172645644801", "price": "0.93", "size": "7714.09", "side": "SELL", "hash": "f54f81c233924d6c23a188dec35c4d3615b75a1a", "best_bid": "0.85", "best_ask": "0.86"}], "timestamp": "1769385071021", "event_type": "price_change"}}
{"_local_timestamp": "2026-01-25T23:51:14.538682+00:00", "data": {"market": "0x4c8ceef9b9c0a27b6b4efa7c398ece4a5eeda76502f722de398c232abefe2ede", "price_changes": [{"asset_id": "78473141615408645278260621827323903204731180016962666262959632385172645644801", "price": "0.84", "size": "1975.57", "side": "BUY", "hash": "58d3a92111dd057da23a5f11bf9e21db8728debd", "best_bid": "0.85", "best_ask": "0.86"}, {"asset_id": "22094182676612877581056034720566110371610082057092726094559729674155018648896", "price": "0.16", "size": "1975.57", "side": "SELL", "hash": "a4800cae048143e6fbca9cf23beef9855cadf5ec", "best_bid": "0.14", "best_ask": "0.15"}], "timestamp": "1769385074459", "event_type": "price_change"}}
{"_local_timestamp": "2026-01-25T23:51:14.580821+00:00", "data": {"market": "0x4c8ceef9b9c0a27b6b4efa7c398ece4a5eeda76502f722de398c232abefe2ede", "price_changes": [{"asset_id": "22094182676612877581056034720566110371610082057092726094559729674155018648896", "price": "0.13", "size": "1832.62", "side": "BUY", "hash": "8654a7dbb9d83ed6663ca44ff14a5cdddb11781b", "best_bid": "0.14", "best_ask": "0.15"}, {"asset_id": "78473141615408645278260621827323903204731180016962666262959632385172645644801", "price": "0.87", "size": "1832.62", "side": "SELL", "hash": "0ca4776773304a616c28aebd46de5684d03e9e57", "best_bid": "0.85", "best_ask": "0.86"}], "timestamp": "1769385074460", "event_type": "price_change"}}
{"_local_timestamp": "2026-01-25T23:51:22.982711+00:00", "data": {"market": "0x4c8ceef9b9c0a27b6b4efa7c398ece4a5eeda76502f722de398c232abefe2ede", "price_changes": [{"asset_id": "22094182676612877581056034720566110371610082057092726094559729674155018648896", "price": "0.13", "size": "1982.62", "side": "BUY", "hash": "312a6321dbafbf6b37b8c03bd9e0fd76580aa6ff", "best_bid": "0.14", "best_ask": "0.15"}, {"asset_id": "78473141615408645278260621827323903204731180016962666262959632385172645644801", "price": "0.87", "size": "1982.62", "side": "SELL", "hash": "3d73e9b656b4c5649dfdc5b6cebb2b6d4fce559f", "best_bid": "0.85", "best_ask": "0.86"}], "timestamp": "1769385082909", "event_type": "price_change"}}
{"_local_timestamp": "2026-01-25T23:51:26.438919+00:00", "data": {"market": "0x4c8ceef9b9c0a27b6b4efa7c398ece4a5eeda76502f722de398c232abefe2ede", "price_changes": [{"asset_id": "78473141615408645278260621827323903204731180016962666262959632385172645644801", "price": "0.21", "size": "233.33", "side": "BUY", "hash": "4b47af4fed553ca0717d3c5d566f1e3b3d445725", "best_bid": "0.85", "best_ask": "0.86"}, {"asset_id": "22094182676612877581056034720566110371610082057092726094559729674155018648896", "price": "0.79", "size": "233.33", "side": "SELL", "hash": "557526a2b6b4089936ad76fbe16a60f81082c607", "best_bid": "0.14", "best_ask": "0.15"}], "timestamp": "1769385086358", "event_type": "price_change"}}
{"_local_timestamp": "2026-01-25T23:51:26.715082+00:00", "data": {"market": "0x4c8ceef9b9c0a27b6b4efa7c398ece4a5eeda76502f722de398c232abefe2ede", "price_changes": [{"asset_id": "78473141615408645278260621827323903204731180016962666262959632385172645644801", "price": "0.22", "size": "2008", "side": "BUY", "hash": "2e002de41eee135f0ee27e8a5cef8b0c9035b336", "best_bid": "0.85", "best_ask": "0.86"}, {"asset_id": "22094182676612877581056034720566110371610082057092726094559729674155018648896", "price": "0.78", "size": "2008", "side": "SELL", "hash": "a61f2894e01a0ef4944d006a0dcf1ed6d7ac907f", "best_bid": "0.14", "best_ask": "0.15"}], "timestamp": "1769385086635", "event_type": "price_change"}}
{"_local_timestamp": "2026-01-25T23:51:28.075073+00:00", "data": {"market": "0x4c8ceef9b9c0a27b6b4efa7c398ece4a5eeda76502f722de398c232abefe2ede", "price_changes": [{"asset_id": "78473141615408645278260621827323903204731180016962666262959632385172645644801", "price": "0.22", "size": "100", "side": "BUY", "hash": "fdd2ab6cf3f236524e68e6d89bfd42ff1570c21b", "best_bid": "0.85", "best_ask": "0.86"}, {"asset_id": "22094182676612877581056034720566110371610082057092726094559729674155018648896", "price": "0.78", "size": "100", "side": "SELL", "hash": "d014fdd97e510e49cdd2fccecf84e9da8b6954b0", "best_bid": "0.14", "best_ask": "0.15"}], "timestamp": "1769385087776", "event_type": "price_change"}}
