{"_local_timestamp": "2026-01-25T23:33:24.868551+00:00", "data": [{"market": "0xb5fb3fd4dbc7fdc70e3666ed4193e3171ecc257dcd43e01b36dbd4efa01d777e", "asset_id": "57073863691050176858693353000197608096498121614576538982509295418934497382921", "timestamp": "1769384004569", "hash": "a4db46bb06f48011d9e0894c04e4a6954d3aaed6", "bids": [{"price": "0.01", "size": "500"}, {"price": "0.02", "size": "665.09"}, {"price": "0.03", "size": "286.65"}, {"price": "0.04", "size": "103.48"}, {"price": "0.05", "size": "86.11"}, {"price": "0.06", "size": "114.28"}], "asks": [{"price": "0.99", "size": "7509.71"}, {"price": "0.98", "size": "6300"}, {"price": "0.97", "size": "10.14"}, {"price": "0.96", "size": "1250"}, {"price": "0.95", "size": "30"}, {"price": "0.94", "size": "33"}, {"price": "0.93", "size": "1600"}, {"price": "0.91", "size": "400"}, {"price": "0.9", "size": "500"}, {"price": "0.89", "size": "255.43"}, {"price": "0.86", "size": "792.85"}, {"price": "0.82", "size": "182.77"}, {"price": "0.8", "size": "1050"}, {"price": "0.77", "size": "371.73"}, {"price": "0.76", "size": "8"}, {"price": "0.72", "size": "192.85"}, {"price": "0.68", "size": "75"}, {"price": "0.63", "size": "179.05"}, {"price": "0.4", "size": "100"}, {"price": "0.35", "size": "500"}, {"price": "0.3", "size": "500"}, {"price": "0.29", "size": "500"}, {"price": "0.25", "size": "1200"}, {"price": "0.24", "size": "600"}, {"price": "0.23", "size": "405"}, {"price": "0.22", "size": "5"}, {"price": "0.2", "size": "300"}, {"price": "0.19", "size": "298.46"}, {"price": "0.15", "size": "68.46"}, {"price": "0.11", "size": "222.1"}, {"price": "0.1", "size": "188.39"}], "event_type": "book", "last_trade_price": ""}, {"market": "0xb5fb3fd4dbc7fdc70e3666ed4193e3171ecc257dcd43e01b36dbd4efa01d777e", "asset_id": "8786566038915392046446786086504563210301842572125705765733243466035321540191", "timestamp": "1769384004569", "hash": "dfa63e07849ac1fa5665cea95a286d158fba90af", "bids": [{"price": "0.01", "size": "7509.71"}, {"price": "0.02", "size": "6300"}, {"price": "0.03", "size": "10.14"}, {"price": "0.04", "size": "1250"}, {"price": "0.05", "size": "30"}, {"price": "0.06", "size": "33"}, {"price": "0.07", "size": "1600"}, {"price": "0.09", "size": "400"}, {"price": "0.1", "size": "500"}, {"price": "0.11", "size": "255.43"}, {"price": "0.14", "size": "792.85"}, {"price": "0.18", "size": "182.77"}, {"price": "0.2", "size": "1050"}, {"price": "0.23", "size": "371.73"}, {"price": "0.24", "size": "8"}, {"price": "0.28", "size": "192.85"}, {"price": "0.32", "size": "75"}, {"price": "0.37", "size": "179.05"}, {"price": "0.6", "size": "100"}, {"price": "0.65", "size": "500"}, {"price": "0.7", "size": "500"}, {"price": "0.71", "size": "500"}, {"price": "0.75", "size": "1200"}, {"price": "0.76", "size": "600"}, {"price": "0.77", "size": "405"}, {"price": "0.78", "size": "5"}, {"price": "0.8", "size": "300"}, {"price": "0.81", "size": "298.46"}, {"price": "0.85", "size": "68.46"}, {"price": "0.89", "size": "222.1"}, {"price": "0.9", "size": "188.39"}], "asks": [{"price": "0.99", "size": "500"}, {"price": "0.98", "size": "665.09"}, {"price": "0.97", "size": "286.65"}, {"price": "0.96", "size": "103.48"}, {"price": "0.95", "size": "86.11"}, {"price": "0.94", "size": "114.28"}], "event_type": "book", "last_trade_price": ""}]}
{"_local_timestamp": "2026-01-25T23:33:26.497024+00:00", "data": {"market": "0xb5fb3fd4dbc7fdc70e3666ed4193e3171ecc257dcd43e01b36dbd4efa01d777e", "price_changes": [{"asset_id": "8786566038915392046446786086504563210301842572125705765733243466035321540191", "price": "0.18", "size": "177.77", "side": "BUY", "hash": "4397bd4ee943542ca5d3873b2c141a02231c45c4", "best_bid": "0.9", "best_ask": "0.94"}, {"asset_id": "57073863691050176858693353000197608096498121614576538982509295418934497382921", "price": "0.82", "size": "177.77", "side": "SELL", "hash": "b094847a7a7da671fdc23d27edd932dc0c66f911", "best_bid": "0.06", "best_ask": "0.1"}], "timestamp": "1769384006424", "event_type": "price_change"}}
{"_local_timestamp": "2026-01-25T23:33:26.817185+00:00", "data": {"market": "0xb5fb3fd4dbc7fdc70e3666ed4193e3171ecc257dcd43e01b36dbd4efa01d777e", "price_changes": [{"asset_id": "8786566038915392046446786086504563210301842572125705765733243466035321540191", "price": "0.18", "size": "182.77", "side": "BUY", "hash": "c9b4c7fcf02b468f2c55f514489c7c2f529d996e", "best_bid": "0.9", "best_ask": "0.94"}, {"asset_id": "57073863691050176858693353000197608096498121614576538982509295418934497382921", "price": "0.82", "size": "182.77", "side": "SELL", "hash": "b1e7cb70f9f75a35c6cc73a21c88ec09d2c370e1", "best_bid": "0.06", "best_ask": "0.1"}], "timestamp": "1769384006744", "event_type": "price_change"}}
{"_local_timestamp": "2026-01-25T23:33:28.811869+00:00", "data": {"market": "0xb5fb3fd4dbc7fdc70e3666ed4193e3171ecc257dcd43e01b36dbd4efa01d777e", "price_changes": [{"asset_id": "8786566038915392046446786086504563210301842572125705765733243466035321540191", "price": "0.18", "size": "177.77", "side": "BUY", "hash": "a48a4590f9f4a90d44c831d147909966c4d67a65", "best_bid": "0.9", "best_ask": "0.94"}, {"asset_id": "57073863691050176858693353000197608096498121614576538982509295418934497382921", "price": "0.82", "size": "177.77", "side": "SELL", "hash": "ca43bddfefdb17f870bb731e0108ba568bd958ed", "best_bid": "0.06", "best_ask": "0.1"}], "timestamp": "1769384008739", "event_type": "price_change"}}
{"_local_timestamp": "2026-01-25T23:33:29.502769+00:00", "data": {"market": "0xb5fb3fd4dbc7fdc70e3666ed4193e3171ecc257dcd43e01b36dbd4efa01d777e", "price_changes": [{"asset_id": "8786566038915392046446786086504563210301842572125705765733243466035321540191", "price": "0.18", "size": "182.77", "side": "BUY", "hash": "323f3623812a2648e9e69ed731b4d01900404c60", "best_bid": "0.9", "best_ask": "0.94"}, {"asset_id": "57073863691050176858693353000197608096498121614576538982509295418934497382921", "price": "0.82", "size": "182.77", "side": "SELL", "hash": "306b50d5dc7bff48140c24e55ca9d221c9e4565b", "best_bid": "0.06", "best_ask": "0.1"}], "timestamp": "1769384009415", "event_type": "price_change"}}
{"_local_timestamp": "2026-01-25T23:33:30.825349+00:00", "data": {"market": "0xb5fb3fd4dbc7fdc70e3666ed4193e3171ecc257dcd43e01b36dbd4efa01d777e", "price_changes": [{"asset_id": "8786566038915392046446786086504563210301842572125705765733243466035321540191", "price": "0.18", "size": "177.77", "side": "BUY", "hash": "8707e5772fb79ef8ae92ffcb4e10452c3633f4e1", "best_bid": "0.9", "best_ask": "0.94"}, {"asset_id": "57073863691050176858693353000197608096498121614576538982509295418934497382921", "price": "0.82", "size": "177.77", "side": "SELL", "hash": "b5f0a07aa5b65ce4a75aca06d66d964b1c5b9fd9", "best_bid": "0.06", "best_ask": "0.1"}], "timestamp": "1769384010754", "event_type": "price_change"}}
{"_local_timestamp": "2026-01-25T23:33:31.279914+00:00", "data": {"market": "0xb5fb3fd4dbc7fdc70e3666ed4193e3171ecc257dcd43e01b36dbd4efa01d777e", "price_changes": [{"asset_id": "8786566038915392046446786086504563210301842572125705765733243466035321540191", "price": "0.18", "size": "182.77", "side": "BUY", "hash": "d12cc5dad6aabda8b46c9ebf62462fde49b19a6c", "best_bid": "0.9", "best_ask": "0.94"}, {"asset_id": "57073863691050176858693353000197608096498121614576538982509295418934497382921", "price": "0.82", "size": "182.77", "side": "SELL", "hash": "03cd993f98ef29d2ea7e9fb5ccf533a6df110a96", "best_bid": "0.06", "best_ask": "0.1"}], "timestamp": "1769384011206", "event_type": "price_change"}}
{"_local_timestamp": "2026-01-25T23:33:32.601322+00:00", "data": {"market": "0xb5fb3fd4dbc7fdc70e3666ed4193e3171ecc257dcd43e01b36dbd4efa01d777e", "price_changes": [{"asset_id": "8786566038915392046446786086504563210301842572125705765733243466035321540191", "price": "0.18", "size": "177.77", "side": "BUY", "hash": "a0652dbeadad6b7606d81c1a0c1d3716f1aafef8", "best_bid": "0.9", "best_ask": "0.94"}, {"asset_id": "57073863691050176858693353000197608096498121614576538982509295418934497382921", "price": "0.82", "size": "177.77", "side": "SELL", "hash": "ed72cbc4f89d944142c19ced96ac44c77945e41f", "best_bid": "0.06", "best_ask": "0.1"}], "timestamp": "1769384012526", "event_type": "price_change"}}
{"_local_timestamp": "2026-01-25T23:33:33.023888+00:00", "data": {"market": "0xb5fb3fd4dbc7fdc70e3666ed4193e3171ecc257dcd43e01b36dbd4efa01d777e", "price_changes": [{"asset_id": "8786566038915392046446786086504563210301842572125705765733243466035321540191", "price": "0.18", "size": "182.77", "side": "BUY", "hash": "cd7001c3e73cb6a3bc9682d173f26a464c9fcc0d", "best_bid": "0.9", "best_ask": "0.94"}, {"asset_id": "57073863691050176858693353000197608096498121614576538982509295418934497382921", "price": "0.82", "size": "182.77", "side": "SELL", "hash": "f3383ed13d128d16c6b5c5e734e8c19a2ee52ae3", "best_bid": "0.06", "best_ask": "0.1"}], "timestamp": "1769384012938", "event_type": "price_change"}}
{"_local_timestamp": "2026-01-25T23:33:35.366829+00:00", "data": {"market": "0xb5fb3fd4dbc7fdc70e3666ed4193e3171ecc257dcd43e01b36dbd4efa01d777e", "price_changes": [{"asset_id": "8786566038915392046446786086504563210301842572125705765733243466035321540191", "price": "0.18", "size": "177.77", "side": "BUY", "hash": "9861cb263b193e61e01a1ffb2d76a2fac1457c10", "best_bid": "0.9", "best_ask": "0.94"}, {"asset_id": "57073863691050176858693353000197608096498121614576538982509295418934497382921", "price": "0.82", "size": "177.77", "side": "SELL", "hash": "f0467e655c9867b9f8fc77efd8fd5dcf02c4fecd", "best_bid": "0.06", "best_ask": "0.1"}], "timestamp": "1769384015296", "event_type": "price_change"}}
{"_local_timestamp": "2026-01-25T23:33:35.771114+00:00", "data": {"market": "0xb5fb3fd4dbc7fdc70e3666ed4193e3171ecc257dcd43e01b36dbd4efa01d777e", "price_changes": [{"asset_id": "8786566038915392046446786086504563210301842572125705765733243466035321540191", "price": "0.18", "size": "182.77", "side": "BUY", "hash": "c56a153f35c4f855e2c6124a42c5e9f196977ea0", "best_bid": "0.9", "best_ask": "0.94"}, {"asset_id": "57073863691050176858693353000197608096498121614576538982509295418934497382921", "price": "0.82", "size": "182.77", "side": "SELL", "hash": "e3f846d7607b58517f744910ef5b0ef6f803513b", "best_bid": "0.06", "best_ask": "0.1"}], "timestamp": "1769384015698", "event_type": "price_change"}}
{"_local_timestamp": "2026-01-25T23:33:37.069298+00:00", "data": {"market": "0xb5fb3fd4dbc7fdc70e3666ed4193e3171ecc257dcd43e01b36dbd4efa01d777e", "price_changes": [{"asset_id": "8786566038915392046446786086504563210301842572125705765733243466035321540191", "price": "0.18", "size": "177.77", "side": "BUY", "hash": "1afadacb6efe1476457febd6939ac312eeed2d97", "best_bid": "0.9", "best_ask": "0.94"}, {"asset_id": "57073863691050176858693353000197608096498121614576538982509295418934497382921", "price": "0.82", "size": "177.77", "side": "SELL", "hash": "1e999bd80b85832c0abaa992903fd71a665b6431", "best_bid": "0.06", "best_ask": "0.1"}], "timestamp": "1769384016988", "event_type": "price_change"}}
{"_local_timestamp": "2026-01-25T23:33:37.495691+00:00", "data": {"market": "0xb5fb3fd4dbc7fdc70e3666ed4193e3171ecc257dcd43e01b36dbd4efa01d777e", "price_changes": [{"asset_id": "8786566038915392046446786086504563210301842572125705765733243466035321540191", "price": "0.18", "size": "182.77", "side": "BUY", "hash": "edf146747668258c654a057219d7e8e4d6d33a88", "best_bid": "0.9", "best_ask": "0.94"}, {"asset_id": "57073863691050176858693353000197608096498121614576538982509295418934497382921", "price": "0.82", "size": "182.77", "side": "SELL", "hash": "cdc4bd23fec8ca71df71a190a75a9bc09672c25c", "best_bid": "0.06", "best_ask": "0.1"}], "timestamp": "1769384017391", "event_type": "price_change"}}
{"_local_timestamp": "2026-01-25T23:33:38.751413+00:00", "data": {"market": "0xb5fb3fd4dbc7fdc70e3666ed4193e3171ecc257dcd43e01b36dbd4efa01d777e", "price_changes": [{"asset_id": "8786566038915392046446786086504563210301842572125705765733243466035321540191", "price": "0.18", "size": "177.77", "side": "BUY", "hash": "55085e6364fcc3c92a6474e7ef4753c48f800762", "best_bid": "0.9", "best_ask": "0.94"}, {"asset_id": "57073863691050176858693353000197608096498121614576538982509295418934497382921", "price": "0.82", "size": "177.77", "side": "SELL", "hash": "0f1d8473d380551f05794a255d8550adf6098ec1", "best_bid": "0.06", "best_ask": "0.1"}], "timestamp": "1769384018682", "event_type": "price_change"}}
{"_local_timestamp": "2026-01-25T23:33:39.035869+00:00", "data": {"market": "0xb5fb3fd4dbc7fdc70e3666ed4193e3171ecc257dcd43e01b36dbd4efa01d777e", "price_changes": [{"asset_id": "8786566038915392046446786086504563210301842572125705765733243466035321540191", "price": "0.18", "size": "182.77", "side": "BUY", "hash": "c01427d9fd24dbf5a2c6ff8f03fb1ae9c8b899cb", "best_bid": "0.9", "best_ask": "0.94"}, {"asset_id": "57073863691050176858693353000197608096498121614576538982509295418934497382921", "price": "0.82", "size": "182.77", "side": "SELL", "hash": "fa8237041018cc31c66036ef17dd779bb1cb9025", "best_bid": "0.06", "best_ask": "0.1"}], "timestamp": "1769384018964", "event_type": "price_change"}}
{"_local_timestamp": "2026-01-25T23:33:39.621998+00:00", "data": {"market": "0xb5fb3fd4dbc7fdc70e3666ed4193e3171ecc257dcd43e01b36dbd4efa01d777e", "price_changes": [{"asset_id": "8786566038915392046446786086504563210301842572125705765733243466035321540191", "price": "0.18", "size": "177.77", "side": "BUY", "hash": "6f66c461fe1852f5385a7e4eea09ea2b60c4ffe9", "best_bid": "0.9", "best_ask": "0.94"}, {"asset_id": "57073863691050176858693353000197608096498121614576538982509295418934497382921", "price": "0.82", "size": "177.77", "side": "SELL", "hash": "edbbbf3caf66090775af8c13e84549b291c59855", "best_bid": "0.06", "best_ask": "0.1"}], "timestamp": "1769384019544", "event_type": "price_change"}}
{"_local_timestamp": "2026-01-25T23:33:39.980560+00:00", "data": {"market": "0xb5fb3fd4dbc7fdc70e3666ed4193e3171ecc257dcd43e01b36dbd4efa01d777e", "price_changes": [{"asset_id": "8786566038915392046446786086504563210301842572125705765733243466035321540191", "price": "0.18", "size": "182.77", "side": "BUY", "hash": "f4a6ebfe2f93a77eb5c4e70635ff2b2d84c8f32c", "best_bid": "0.9", "best_ask": "0.94"}, {"asset_id": "57073863691050176858693353000197608096498121614576538982509295418934497382921", "price": "0.82", "size": "182.77", "side": "SELL", "hash": "e7b8dfc47b512db2ede0f458b5c81ab3616452e1", "best_bid": "0.06", "best_ask": "0.1"}], "timestamp": "1769384019908", "event_type": "price_change"}}
{"_local_timestamp": "2026-01-25T23:33:40.515554+00:00", "data": {"market": "0xb5fb3fd4dbc7fdc70e3666ed4193e3171ecc257dcd43e01b36dbd4efa01d777e", "price_changes": [{"asset_id": "8786566038915392046446786086504563210301842572125705765733243466035321540191", "price": "0.18", "size": "177.77", "side": "BUY", "hash": "89634517480027546533e19a804da90e7423eb19", "best_bid": "0.9", "best_ask": "0.94"}, {"asset_id": "57073863691050176858693353000197608096498121614576538982509295418934497382921", "price": "0.82", "size": "177.77", "side": "SELL", "hash": "503a2f2e0860c9fc6ebd9b519b24a36cbed68821", "best_bid": "0.06", "best_ask": "0.1"}], "timestamp": "1769384020440", "event_type": "price_change"}}
{"_local_timestamp": "2026-01-25T23:33:40.941794+00:00", "data": {"market": "0xb5fb3fd4dbc7fdc70e3666ed4193e3171ecc257dcd43e01b36dbd4efa01d777e", "price_changes": [{"asset_id": "8786566038915392046446786086504563210301842572125705765733243466035321540191", "price": "0.18", "size": "182.77", "side": "BUY", "hash": "fac9ac857ba7811e3077560699c3d850bab9e5cc", "best_bid": "0.9", "best_ask": "0.94"}, {"asset_id": "57073863691050176858693353000197608096498121614576538982509295418934497382921", "price": "0.82", "size": "182.77", "side": "SELL", "hash": "3b8e5253d16b9dd019babe032b20dc426dba710c", "best_bid": "0.06", "best_ask": "0.1"}], "timestamp": "1769384020823", "event_type": "price_change"}}
{"_local_timestamp": "2026-01-25T23:33:42.245171+00:00", "data": {"market": "0xb5fb3fd4dbc7fdc70e3666ed4193e3171ecc257dcd43e01b36dbd4efa01d777e", "price_changes": [{"asset_id": "8786566038915392046446786086504563210301842572125705765733243466035321540191", "price": "0.18", "size": "177.77", "side": "BUY", "hash": "8eb9cf0aa1edf5c220beb3f9535b5627c63e2c18", "best_bid": "0.9", "best_ask": "0.94"}, {"asset_id": "57073863691050176858693353000197608096498121614576538982509295418934497382921", "price": "0.82", "size": "177.77", "side": "SELL", "hash": "010cf926419e9a8b884c7561c430f8da4220152f", "best_bid": "0.06", "best_ask": "0.1"}], "timestamp": "1769384022169", "event_type": "price_change"}}
{"_local_timestamp": "2026-01-25T23:33:42.623810+00:00", "data": {"market": "0xb5fb3fd4dbc7fdc70e3666ed4193e3171ecc257dcd43e01b36dbd4efa01d777e", "price_changes": [{"asset_id": "8786566038915392046446786086504563210301842572125705765733243466035321540191", "price": "0.18", "size": "182.77", "side": "BUY", "hash": "cf9255d3549d2c57dc1b0677055e3c8d84bcd7a4", "best_bid": "0.9", "best_ask": "0.94"}, {"asset_id": "57073863691050176858693353000197608096498121614576538982509295418934497382921", "price": "0.82", "size": "182.77", "side": "SELL", "hash": "b09380090dcfa4ad6430f6ed0089cc5c0d107e7e", "best_bid": "0.06", "best_ask": "0.1"}], "timestamp": "1769384022553", "event_type": "price_change"}}
{"_local_timestamp": "2026-01-25T23:33:43.524893+00:00", "data": {"market": "0xb5fb3fd4dbc7fdc70e3666ed4193e3171ecc257dcd43e01b36dbd4efa01d777e", "price_changes": [{"asset_id": "8786566038915392046446786086504563210301842572125705765733243466035321540191", "price": "0.18", "size": "177.77", "side": "BUY", "hash": "1fde50e1543100ce03c47bbb0e2452e92f45cd7a", "best_bid": "0.9", "best_ask": "0.94"}, {"asset_id": "57073863691050176858693353000197608096498121614576538982509295418934497382921", "price": "0.82", "size": "177.77", "side": "SELL", "hash": "8b2743274d9034c6027ea16a797d78ca6a691b5b", "best_bid": "0.06", "best_ask": "0.1"}], "timestamp": "1769384023457", "event_type": "price_change"}}
{"_local_timestamp": "2026-01-25T23:33:43.889824+00:00", "data": {"market": "0xb5fb3fd4dbc7fdc70e3666ed4193e3171ecc257dcd43e01b36dbd4efa01d777e", "price_changes": [{"asset_id": "8786566038915392046446786086504563210301842572125705765733243466035321540191", "price": "0.18", "size": "182.77", "side": "BUY", "hash": "c642526f09002e1f8296a5528e8ac22cf46d7ace", "best_bid": "0.9", "best_ask": "0.94"}, {"asset_id": "57073863691050176858693353000197608096498121614576538982509295418934497382921", "price": "0.82", "size": "182.77", "side": "SELL", "hash": "fe36aefc4a46c406b43ce562560bd5baa932260e", "best_bid": "0.06", "best_ask": "0.1"}], "timestamp": "1769384023801", "event_type": "price_change"}}
{"_local_timestamp": "2026-01-25T23:33:45.235533+00:00", "data": {"market": "0xb5fb3fd4dbc7fdc70e3666ed4193e3171ecc257dcd43e01b36dbd4efa01d777e", "price_changes": [{"asset_id": "8786566038915392046446786086504563210301842572125705765733243466035321540191", "price": "0.18", "size": "177.77", "side": "BUY", "hash": "18f26920679cc5069623ee77ce53afb7094098bf", "best_bid": "0.9", "best_ask": "0.94"}, {"asset_id": "57073863691050176858693353000197608096498121614576538982509295418934497382921", "price": "0.82", "size": "177.77", "side": "SELL", "hash": "c20868e35eedbe04e04e83edaa244f236035aa01", "best_bid": "0.06", "best_ask": "0.1"}], "timestamp": "1769384025164", "event_type": "price_change"}}
{"_local_timestamp": "2026-01-25T23:33:45.490426+00:00", "data": {"market": "0xb5fb3fd4dbc7fdc70e3666ed4193e3171ecc257dcd43e01b36dbd4efa01d777e", "price_changes": [{"asset_id": "8786566038915392046446786086504563210301842572125705765733243466035321540191", "price": "0.18", "size": "182.77", "side": "BUY", "hash": "40fdcd618ff9591dc72df1571880f6b8237be8bc", "best_bid": "0.9", "best_ask": "0.94"}, {"asset_id": "57073863691050176858693353000197608096498121614576538982509295418934497382921", "price": "0.82", "size": "182.77", "side": "SELL", "hash": "41f9138edd8571f703f82cd8dfa6edb8e58de83a", "best_bid": "0.06", "best_ask": "0.1"}], "timestamp": "1769384025423", "event_type": "price_change"}}
{"_local_timestamp": "2026-01-25T23:33:45.574245+00:00", "data": {"market": "0xb5fb3fd4dbc7fdc70e3666ed4193e3171ecc257dcd43e01b36dbd4efa01d777e", "price_changes": [{"asset_id": "8786566038915392046446786086504563210301842572125705765733243466035321540191", "price": "0.18", "size": "187.77", "side": "BUY", "hash": "740f2740b94196eac9d0443291a4df0e065a09a6", "best_bid": "0.9", "best_ask": "0.94"}, {"asset_id": "57073863691050176858693353000197608096498121614576538982509295418934497382921", "price": "0.82", "size": "187.77", "side": "SELL", "hash": "73b1543a4195b1c9e4e6d3d0b89019b0d8f1231d", "best_bid": "0.06", "best_ask": "0.1"}], "timestamp": "1769384025504", "event_type": "price_change"}}
{"_local_timestamp": "2026-01-25T23:33:47.786675+00:00", "data": {"market": "0xb5fb3fd4dbc7fdc70e3666ed4193e3171ecc257dcd43e01b36dbd4efa01d777e", "price_changes": [{"asset_id": "8786566038915392046446786086504563210301842572125705765733243466035321540191", "price": "0.18", "size": "182.77", "side": "BUY", "hash": "de5945b2ff9379406a3e256d8fe69ef9355394c3", "best_bid": "0.9", "best_ask": "0.94"}, {"asset_id": "57073863691050176858693353000197608096498121614576538982509295418934497382921", "price": "0.82", "size": "182.77", "side": "SELL", "hash": "3e8e54a581e690e57943e5ed98d0b96f68b43d5c", "best_bid": "0.06", "best_ask": "0.1"}], "timestamp": "1769384027714", "event_type": "price_change"}}
{"_local_timestamp": "2026-01-25T23:33:48.709694+00:00", "data": {"market": "0xb5fb3fd4dbc7fdc70e3666ed4193e3171ecc257dcd43e01b36dbd4efa01d777e", "price_changes": [{"asset_id": "8786566038915392046446786086504563210301842572125705765733243466035321540191", "price": "0.18", "size": "177.77", "side": "BUY", "hash": "4a74b035e7dfa2ba91e713bde7dc09ae8908ab72", "best_bid": "0.9", "best_ask": "0.94"}, {"asset_id": "57073863691050176858693353000197608096498121614576538982509295418934497382921", "price": "0.82", "size": "177.77", "side": "SELL", "hash": "6732ac3b1a5aede610f5befa61cd9a47c59a70be", "best_bid": "0.06", "best_ask": "0.1"}], "timestamp": "1769384028639", "event_type": "price_change"}}
{"_local_timestamp": "2026-01-25T23:33:48.965967+00:00", "data": {"market": "0xb5fb3fd4dbc7fdc70e3666ed4193e3171ecc257dcd43e01b36dbd4efa01d777e", "price_changes": [{"asset_id": "8786566038915392046446786086504563210301842572125705765733243466035321540191", "price": "0.18", "size": "182.77", "side": "BUY", "hash": "4e3397cded5d2482b8c045e9f5a1609c5a3d076e", "best_bid": "0.9", "best_ask": "0.94"}, {"asset_id": "57073863691050176858693353000197608096498121614576538982509295418934497382921", "price": "0.82", "size": "182.77", "side": "SELL", "hash": "02f72ae3ea05363dc39140bfb4a9958328322989", "best_bid": "0.06", "best_ask": "0.1"}], "timestamp": "1769384028900", "event_type": "price_change"}}
{"_local_timestamp": "2026-01-25T23:34:01.540855+00:00", "data": {"market": "0xb5fb3fd4dbc7fdc70e3666ed4193e3171ecc257dcd43e01b36dbd4efa01d777e", "price_changes": [{"asset_id": "8786566038915392046446786086504563210301842572125705765733243466035321540191", "price": "0.18", "size": "177.77", "side": "BUY", "hash": "c3e5e0dea80571e31758f9eef2c8daf8042ff9e0", "best_bid": "0.9", "best_ask": "0.94"}, {"asset_id": "57073863691050176858693353000197608096498121614576538982509295418934497382921", "price": "0.82", "size": "177.77", "side": "SELL", "hash": "4822b68a11d12413d659a59859679bc5e6c9f55f", "best_bid": "0.06", "best_ask": "0.1"}], "timestamp": "1769384041451", "event_type": "price_change"}}
{"_local_timestamp": "2026-01-25T23:34:05.240574+00:00", "data": {"market": "0xb5fb3fd4dbc7fdc70e3666ed4193e3171ecc257dcd43e01b36dbd4efa01d777e", "price_changes": [{"asset_id": "8786566038915392046446786086504563210301842572125705765733243466035321540191", "price": "0.18", "size": "182.77", "side": "BUY", "hash": "d67523c469e2d8c5a52dab2db6d45be139b68cdc", "best_bid": "0.9", "best_ask": "0.94"}, {"asset_id": "57073863691050176858693353000197608096498121614576538982509295418934497382921", "price": "0.82", "size": "182.77", "side": "SELL", "hash": "b75b68f1798b12efea50846903b335df6e65e7d6", "best_bid": "0.06", "best_ask": "0.1"}], "timestamp": "1769384045107", "event_type": "price_change"}}
{"_local_timestamp": "2026-01-25T23:35:10.597135+00:00", "data": {"market": "0xb5fb3fd4dbc7fdc70e3666ed4193e3171ecc257dcd43e01b36dbd4efa01d777e", "price_changes": [{"asset_id": "8786566038915392046446786086504563210301842572125705765733243466035321540191", "price": "0.18", "size": "177.77", "side": "BUY", "hash": "9516ae5540c1f426fe566c44720094e148fece19", "best_bid": "0.9", "best_ask": "0.94"}, {"asset_id": "57073863691050176858693353000197608096498121614576538982509295418934497382921", "price": "0.82", "size": "177.77", "side": "SELL", "hash": "981b9a02ee678258d3b466bcbe43e7526ec87ca8", "best_bid": "0.06", "best_ask": "0.1"}], "timestamp": "1769384110512", "event_type": "price_change"}}
{"_local_timestamp": "2026-01-25T23:35:10.980067+00:00", "data": {"market": "0xb5fb3fd4dbc7fdc70e3666ed4193e3171ecc257dcd43e01b36dbd4efa01d777e", "price_changes": [{"asset_id": "8786566038915392046446786086504563210301842572125705765733243466035321540191", "price": "0.18", "size": "182.77", "side": "BUY", "hash": "e2159e50a6280e9c3a9bc2a758bd4032c3fc2783", "best_bid": "0.9", "best_ask": "0.94"}, {"asset_id": "57073863691050176858693353000197608096498121614576538982509295418934497382921", "price": "0.82", "size": "182.77", "side": "SELL", "hash": "f3996eba314a3414b69f1ed9b265d86f798a9e8a", "best_bid": "0.06", "best_ask": "0.1"}], "timestamp": "1769384110790", "event_type": "price_change"}}
{"_local_timestamp": "2026-01-25T23:35:13.335203+00:00", "data": {"market": "0xb5fb3fd4dbc7fdc70e3666ed4193e3171ecc257dcd43e01b36dbd4efa01d777e", "price_changes": [{"asset_id": "8786566038915392046446786086504563210301842572125705765733243466035321540191", "price": "0.18", "size": "177.77", "side": "BUY", "hash": "f0da256139d9b7ea82a62a92f94bceefc173522a", "best_bid": "0.9", "best_ask": "0.94"}, {"asset_id": "57073863691050176858693353000197608096498121614576538982509295418934497382921", "price": "0.82", "size": "177.77", "side": "SELL", "hash": "37e2151a8a6869dd9d466140c58eb85b13783290", "best_bid": "0.06", "best_ask": "0.1"}], "timestamp": "1769384113225", "event_type": "price_change"}}
{"_local_timestamp": "2026-01-25T23:35:13.760905+00:00", "data": {"market": "0xb5fb3fd4dbc7fdc70e3666ed4193e3171ecc257dcd43e01b36dbd4efa01d777e", "price_changes": [{"asset_id": "8786566038915392046446786086504563210301842572125705765733243466035321540191", "price": "0.18", "size": "182.77", "side": "BUY", "hash": "be20fa944ed64f56daa12fadc1fd5385401e834b", "best_bid": "0.9", "best_ask": "0.94"}, {"asset_id": "57073863691050176858693353000197608096498121614576538982509295418934497382921", "price": "0.82", "size": "182.77", "side": "SELL", "hash": "b54d310c1733cb9b7a9888dad5f17b4bc3849e57", "best_bid": "0.06", "best_ask": "0.1"}], "timestamp": "1769384113656", "event_type": "price_change"}}
{"_local_timestamp": "2026-01-25T23:35:16.061445+00:00", "data": {"market": "0xb5fb3fd4dbc7fdc70e3666ed4193e3171ecc257dcd43e01b36dbd4efa01d777e", "price_changes": [{"asset_id": "8786566038915392046446786086504563210301842572125705765733243466035321540191", "price": "0.18", "size": "177.77", "side": "BUY", "hash": "bcaaab04c7db816f395ff748c5b9a30c4280a974", "best_bid": "0.9", "best_ask": "0.94"}, {"asset_id": "57073863691050176858693353000197608096498121614576538982509295418934497382921", "price": "0.82", "size": "177.77", "side": "SELL", "hash": "9fb38893f5cdaee2d527a5170cd7550f6b481760", "best_bid": "0.06", "best_ask": "0.1"}], "timestamp": "1769384115991", "event_type": "price_change"}}
{"_local_timestamp": "2026-01-25T23:35:16.311024+00:00", "data": {"market": "0xb5fb3fd4dbc7fdc70e3666ed4193e3171ecc257dcd43e01b36dbd4efa01d777e", "price_changes": [{"asset_id": "8786566038915392046446786086504563210301842572125705765733243466035321540191", "price": "0.18", "size": "182.77", "side": "BUY", "hash": "7ae7f5f0b44a0fa60df8a3fd635ba8652e929cc0", "best_bid": "0.9", "best_ask": "0.94"}, {"asset_id": "57073863691050176858693353000197608096498121614576538982509295418934497382921", "price": "0.82", "size": "182.77", "side": "SELL", "hash": "846fdc60b74e13fdd155b368ea6d524aa7174345", "best_bid": "0.06", "best_ask": "0.1"}], "timestamp": "1769384116243", "event_type": "price_change"}}
{"_local_timestamp": "2026-01-25T23:35:18.668004+00:00", "data": {"market": "0xb5fb3fd4dbc7fdc70e3666ed4193e3171ecc257dcd43e01b36dbd4efa01d777e", "price_changes": [{"asset_id": "8786566038915392046446786086504563210301842572125705765733243466035321540191", "price": "0.18", "size": "177.77", "side": "BUY", "hash": "5f7415e7760c19cdb6d6442de400069599bfa003", "best_bid": "0.9", "best_ask": "0.94"}, {"asset_id": "57073863691050176858693353000197608096498121614576538982509295418934497382921", "price": "0.82", "size": "177.77", "side": "SELL", "hash": "dffef779e1ab87fe7f96058321edbb4750166c92", "best_bid": "0.06", "best_ask": "0.1"}], "timestamp": "1769384118545", "event_type": "price_change"}}
{"_local_timestamp": "2026-01-25T23:35:18.994293+00:00", "data": {"market": "0xb5fb3fd4dbc7fdc70e3666ed4193e3171ecc257dcd43e01b36dbd4efa01d777e", "price_changes": [{"asset_id": "8786566038915392046446786086504563210301842572125705765733243466035321540191", "price": "0.18", "size": "182.77", "side": "BUY", "hash": "913d91a1f227211cae3e7a38372262d49a7ca607", "best_bid": "0.9", "best_ask": "0.94"}, {"asset_id": "57073863691050176858693353000197608096498121614576538982509295418934497382921", "price": "0.82", "size": "182.77", "side": "SELL", "hash": "5a6dda8ac0a93d665fcae3d7c01e9c6a2581b054", "best_bid": "0.06", "best_ask": "0.1"}], "timestamp": "1769384118893", "event_type": "price_change"}}
{"_local_timestamp": "2026-01-25T23:35:20.186738+00:00", "data": {"market": "0xb5fb3fd4dbc7fdc70e3666ed4193e3171ecc257dcd43e01b36dbd4efa01d777e", "price_changes": [{"asset_id": "8786566038915392046446786086504563210301842572125705765733243466035321540191", "price": "0.18", "size": "177.77", "side": "BUY", "hash": "06c44ff6b550f8a8da7982a8e56952e7038806e7", "best_bid": "0.9", "best_ask": "0.94"}, {"asset_id": "57073863691050176858693353000197608096498121614576538982509295418934497382921", "price": "0.82", "size": "177.77", "side": "SELL", "hash": "02f885d4c65d5f27645b697c88df7e6688fcc2dd", "best_bid": "0.06", "best_ask": "0.1"}], "timestamp": "1769384120116", "event_type": "price_change"}}
