{"_local_timestamp": "2026-01-25T23:33:25.690488+00:00", "data": [{"market": "0xb57788cf555d65160e9860d8a86f3450803bb5f931ed2a8de833f2b52f271d5e", "asset_id": "65668565116462199424853420687038065868204288900715786773861886981737832765620", "timestamp": "1769383950747", "hash": "5398429a7620f075b40980c6c4a006a2b2055030", "bids": [{"price": "0.01", "size": "5009.71"}, {"price": "0.02", "size": "1000"}, {"price": "0.03", "size": "6328.98"}, {"price": "0.05", "size": "330"}, {"price": "0.06", "size": "33"}, {"price": "0.09", "size": "700"}, {"price": "0.11", "size": "6.03"}, {"price": "0.14", "size": "567.85"}, {"price": "0.18", "size": "177.77"}, {"price": "0.2", "size": "1050"}, {"price": "0.21", "size": "200"}, {"price": "0.23", "size": "121.73"}, {"price": "0.27", "size": "50"}, {"price": "0.28", "size": "92.85"}, {"price": "0.29", "size": "46"}, {"price": "0.32", "size": "75"}, {"price": "0.37", "size": "54.05"}, {"price": "0.38", "size": "225"}, {"price": "0.4", "size": "5"}, {"price": "0.64", "size": "100"}, {"price": "0.88", "size": "165"}, {"price": "0.89", "size": "176.54"}], "asks": [{"price": "0.99", "size": "13.75"}, {"price": "0.98", "size": "250"}, {"price": "0.97", "size": "30.41"}, {"price": "0.93", "size": "147"}, {"price": "0.92", "size": "165"}, {"price": "0.91", "size": "1899.43"}], "event_type": "book", "last_trade_price": ""}, {"market": "0xb57788cf555d65160e9860d8a86f3450803bb5f931ed2a8de833f2b52f271d5e", "asset_id": "82905177601129324963887984800459629991316689636624675047781577226293804624806", "timestamp": "1769383950747", "hash": "815a4d50570765fb344a95fcfc59e80c91e9cdf6", "bids": [{"price": "0.01", "size": "13.75"}, {"price": "0.02", "size": "250"}, {"price": "0.03", "size": "30.41"}, {"price": "0.07", "size": "147"}, {"price": "0.08", "size": "165"}, {"price": "0.09", "size": "1899.43"}], "asks": [{"price": "0.99", "size": "5009.71"}, {"price": "0.98", "size": "1000"}, {"price": "0.97", "size": "6328.98"}, {"price": "0.95", "size": "330"}, {"price": "0.94", "size": "33"}, {"price": "0.91", "size": "700"}, {"price": "0.89", "size": "6.03"}, {"price": "0.86", "size": "567.85"}, {"price": "0.82", "size": "177.77"}, {"price": "0.8", "size": "1050"}, {"price": "0.79", "size": "200"}, {"price": "0.77", "size": "121.73"}, {"price": "0.73", "size": "50"}, {"price": "0.72", "size": "92.85"}, {"price": "0.71", "size": "46"}, {"price": "0.68", "size": "75"}, {"price": "0.63", "size": "54.05"}, {"price": "0.62", "size": "225"}, {"price": "0.6", "size": "5"}, {"price": "0.36", "size": "100"}, {"price": "0.12", "size": "165"}, {"price": "0.11", "size": "176.54"}], "event_type": "book", "last_trade_price": ""}]}
{"_local_timestamp": "2026-01-25T23:33:33.315141+00:00", "data": {"market": "0xb57788cf555d65160e9860d8a86f3450803bb5f931ed2a8de833f2b52f271d5e", "price_changes": [{"asset_id": "65668565116462199424853420687038065868204288900715786773861886981737832765620", "price": "0.21", "size": "150", "side": "BUY", "hash": "5680ca7a6d7c7de355bde3624525a70c37902b22", "best_bid": "0.89", "best_ask": "0.91"}, {"asset_id": "82905177601129324963887984800459629991316689636624675047781577226293804624806", "price": "0.79", "size": "150", "side": "SELL", "hash": "957c998bb1e7a8c06d83ac7e1d0c23fc862b26b5", "best_bid": "0.09", "best_ask": "0.11"}], "timestamp": "1769384013145", "event_type": "price_change"}}
{"_local_timestamp": "2026-01-25T23:33:33.702984+00:00", "data": {"market": "0xb57788cf555d65160e9860d8a86f3450803bb5f931ed2a8de833f2b52f271d5e", "price_changes": [{"asset_id": "65668565116462199424853420687038065868204288900715786773861886981737832765620", "price": "0.2", "size": "1100", "side": "BUY", "hash": "d1d7295a10e769d42ebdad22830c84003f5f4e3f", "best_bid": "0.89", "best_ask": "0.91"}, {"asset_id": "82905177601129324963887984800459629991316689636624675047781577226293804624806", "price": "0.8", "size": "1100", "side": "SELL", "hash": "f52a74d9d9586d8ce58366ec350fbe4120e01557", "best_bid": "0.09", "best_ask": "0.11"}], "timestamp": "1769384013546", "event_type": "price_change"}}
{"_local_timestamp": "2026-01-25T23:33:37.578315+00:00", "data": {"market": "0xb57788cf555d65160e9860d8a86f3450803bb5f931ed2a8de833f2b52f271d5e", "price_changes": [{"asset_id": "65668565116462199424853420687038065868204288900715786773861886981737832765620", "price": "0.22", "size": "1908", "side": "BUY", "hash": "b3c72f4f2478a045e7b130613336cd46fd56d39e", "best_bid": "0.89", "best_ask": "0.91"}, {"asset_id": "82905177601129324963887984800459629991316689636624675047781577226293804624806", "price": "0.78", "size": "1908", "side": "SELL", "hash": "fac0746afcddde4a430e810f5bb4ded873e0251c", "best_bid": "0.09", "best_ask": "0.11"}], "timestamp": "1769384017483", "event_type": "price_change"}}
{"_local_timestamp": "2026-01-25T23:33:40.269750+00:00", "data": {"market": "0xb57788cf555d65160e9860d8a86f3450803bb5f931ed2a8de833f2b52f271d5e", "price_changes": [{"asset_id": "65668565116462199424853420687038065868204288900715786773861886981737832765620", "price": "0.21", "size": "100", "side": "BUY", "hash": "4cfdb980285445b7dcc97e868f02fb56d9a39b68", "best_bid": "0.89", "best_ask": "0.91"}, {"asset_id": "82905177601129324963887984800459629991316689636624675047781577226293804624806", "price": "0.79", "size": "100", "side": "SELL", "hash": "a5195cfff38cec90ef14aabcde550f7e2cb95264", "best_bid": "0.09", "best_ask": "0.11"}], "timestamp": "1769384020096", "event_type": "price_change"}}
{"_local_timestamp": "2026-01-25T23:33:40.768237+00:00", "data": {"market": "0xb57788cf555d65160e9860d8a86f3450803bb5f931ed2a8de833f2b52f271d5e", "price_changes": [{"asset_id": "65668565116462199424853420687038065868204288900715786773861886981737832765620", "price": "0.27", "size": "100", "side": "BUY", "hash": "f63c0d6c0fb603836e46d9ba83dbde3abcf11cde", "best_bid": "0.89", "best_ask": "0.91"}, {"asset_id": "82905177601129324963887984800459629991316689636624675047781577226293804624806", "price": "0.73", "size": "100", "side": "SELL", "hash": "e2f6910c402a2f4fa9daea8b1ceb0630238d87a4", "best_bid": "0.09", "best_ask": "0.11"}], "timestamp": "1769384020556", "event_type": "price_change"}}
{"_local_timestamp": "2026-01-25T23:34:08.252460+00:00", "data": {"market": "0xb57788cf555d65160e9860d8a86f3450803bb5f931ed2a8de833f2b52f271d5e", "price_changes": [{"asset_id": "65668565116462199424853420687038065868204288900715786773861886981737832765620", "price": "0.88", "size": "145", "side": "BUY", "hash": "f7450d5c94fc57126409a8fddc71d494dec2975d", "best_bid": "0.89", "best_ask": "0.91"}, {"asset_id": "82905177601129324963887984800459629991316689636624675047781577226293804624806", "price": "0.12", "size": "145", "side": "SELL", "hash": "23c6437e4a49e512f8bb7d134ba1493b3e7adfb8", "best_bid": "0.09", "best_ask": "0.11"}], "timestamp": "1769384048000", "event_type": "price_change"}}
{"_local_timestamp": "2026-01-25T23:34:08.254225+00:00", "data": {"market": "0xb57788cf555d65160e9860d8a86f3450803bb5f931ed2a8de833f2b52f271d5e", "price_changes": [{"asset_id": "82905177601129324963887984800459629991316689636624675047781577226293804624806", "price": "0.08", "size": "145", "side": "BUY", "hash": "d474c2543d6651da54093ed90dc3c8129a6c8576", "best_bid": "0.09", "best_ask": "0.11"}, {"asset_id": "65668565116462199424853420687038065868204288900715786773861886981737832765620", "price": "0.92", "size": "145", "side": "SELL", "hash": "23a96c49dda06bdd72ee91b950e0e08f53bcc3ab", "best_bid": "0.89", "best_ask": "0.91"}], "timestamp": "1769384048001", "event_type": "price_change"}}
{"_local_timestamp": "2026-01-25T23:34:20.047014+00:00", "data": {"market": "0xb57788cf555d65160e9860d8a86f3450803bb5f931ed2a8de833f2b52f271d5e", "price_changes": [{"asset_id": "65668565116462199424853420687038065868204288900715786773861886981737832765620", "price": "0.22", "size": "0", "side": "BUY", "hash": "36d399744bc50d1d33921611dd725f8bfd299880", "best_bid": "0.89", "best_ask": "0.91"}, {"asset_id": "82905177601129324963887984800459629991316689636624675047781577226293804624806", "price": "0.78", "size": "0", "side": "SELL", "hash": "0f6b7caf785b362701b2e075a5267676d62d0f35", "best_bid": "0.09", "best_ask": "0.11"}], "timestamp": "1769384059754", "event_type": "price_change"}}
{"_local_timestamp": "2026-01-25T23:34:27.994139+00:00", "data": {"market": "0xb57788cf555d65160e9860d8a86f3450803bb5f931ed2a8de833f2b52f271d5e", "price_changes": [{"asset_id": "65668565116462199424853420687038065868204288900715786773861886981737832765620", "price": "0.21", "size": "0", "side": "BUY", "hash": "42fba540169f34ba00b893e057032b52d251a19a", "best_bid": "0.89", "best_ask": "0.91"}, {"asset_id": "82905177601129324963887984800459629991316689636624675047781577226293804624806", "price": "0.79", "size": "0", "side": "SELL", "hash": "91da82e3e7310007c81615ee85a44504f4967534", "best_bid": "0.09", "best_ask": "0.11"}], "timestamp": "1769384067592", "event_type": "price_change"}}
{"_local_timestamp": "2026-01-25T23:34:28.790551+00:00", "data": {"market": "0xb57788cf555d65160e9860d8a86f3450803bb5f931ed2a8de833f2b52f271d5e", "price_changes": [{"asset_id": "65668565116462199424853420687038065868204288900715786773861886981737832765620", "price": "0.27", "size": "200", "side": "BUY", "hash": "1e1a09c164eaa30898058a07357bf7151caeac34", "best_bid": "0.89", "best_ask": "0.91"}, {"asset_id": "82905177601129324963887984800459629991316689636624675047781577226293804624806", "price": "0.73", "size": "200", "side": "SELL", "hash": "211464876b02d367efec602060f1ec8d5c10f251", "best_bid": "0.09", "best_ask": "0.11"}], "timestamp": "1769384068172", "event_type": "price_change"}}
{"_local_timestamp": "2026-01-25T23:34:52.641419+00:00", "data": {"market": "0xb57788cf555d65160e9860d8a86f3450803bb5f931ed2a8de833f2b52f271d5e", "price_changes": [{"asset_id": "65668565116462199424853420687038065868204288900715786773861886981737832765620", "price": "0.21", "size": "1998", "side": "BUY", "hash": "15f304d9532f82b051b1d462fed36104fad1b184", "best_bid": "0.89", "best_ask": "0.91"}, {"asset_id": "82905177601129324963887984800459629991316689636624675047781577226293804624806", "price": "0.79", "size": "1998", "side": "SELL", "hash": "bd72f2de79f06e9395ca4ba49c11d96b98a9c89c", "best_bid": "0.09", "best_ask": "0.11"}], "timestamp": "1769384091876", "event_type": "price_change"}}
{"_local_timestamp": "2026-01-25T23:35:06.357327+00:00", "data": {"market": "0xb57788cf555d65160e9860d8a86f3450803bb5f931ed2a8de833f2b52f271d5e", "price_changes": [{"asset_id": "65668565116462199424853420687038065868204288900715786773861886981737832765620", "price": "0.88", "size": "165", "side": "BUY", "hash": "3a8e8d1ed0da15fda15fbaa6180e42be208c1b4d", "best_bid": "0.89", "best_ask": "0.91"}, {"asset_id": "82905177601129324963887984800459629991316689636624675047781577226293804624806", "price": "0.12", "size": "165", "side": "SELL", "hash": "cac7da8ccbf4a9cf29af0a4a7e791059f75ba214", "best_bid": "0.09", "best_ask": "0.11"}], "timestamp": "1769384106279", "event_type": "price_change"}}
{"_local_timestamp": "2026-01-25T23:35:06.359386+00:00", "data": {"market": "0xb57788cf555d65160e9860d8a86f3450803bb5f931ed2a8de833f2b52f271d5e", "price_changes": [{"asset_id": "82905177601129324963887984800459629991316689636624675047781577226293804624806", "price": "0.08", "size": "165", "side": "BUY", "hash": "b4ea268cad630d9ff50e64f1ed7f5db7b603a8a6", "best_bid": "0.09", "best_ask": "0.11"}, {"asset_id": "65668565116462199424853420687038065868204288900715786773861886981737832765620", "price": "0.92", "size": "165", "side": "SELL", "hash": "49f127eaead3baf8a5ce7db566b6e1d6a9a38e0a", "best_bid": "0.89", "best_ask": "0.91"}], "timestamp": "1769384106280", "event_type": "price_change"}}
{"_local_timestamp": "2026-01-25T23:35:26.707910+00:00", "data": {"market": "0xb57788cf555d65160e9860d8a86f3450803bb5f931ed2a8de833f2b52f271d5e", "price_changes": [{"asset_id": "65668565116462199424853420687038065868204288900715786773861886981737832765620", "price": "0.27", "size": "150", "side": "BUY", "hash": "3652af7bf8f04d715c83ac29d3c04dce919e480d", "best_bid": "0.89", "best_ask": "0.91"}, {"asset_id": "82905177601129324963887984800459629991316689636624675047781577226293804624806", "price": "0.73", "size": "150", "side": "SELL", "hash": "30e2459871804759946eecfcaa37800d27e3ba4c", "best_bid": "0.09", "best_ask": "0.11"}], "timestamp": "1769384126570", "event_type": "price_change"}}
{"_local_timestamp": "2026-01-25T23:35:27.095690+00:00", "data": {"market": "0xb57788cf555d65160e9860d8a86f3450803bb5f931ed2a8de833f2b52f271d5e", "price_changes": [{"asset_id": "65668565116462199424853420687038065868204288900715786773861886981737832765620", "price": "0.22", "size": "50", "side": "BUY", "hash": "d82cfcce9bea8ea127eaae5f0382359e49588e59", "best_bid": "0.89", "best_ask": "0.91"}, {"asset_id": "82905177601129324963887984800459629991316689636624675047781577226293804624806", "price": "0.78", "size": "50", "side": "SELL", "hash": "c7a153f74d50267901146ebf017abc5ef64779ca", "best_bid": "0.09", "best_ask": "0.11"}], "timestamp": "1769384126895", "event_type": "price_change"}}
{"_local_timestamp": "2026-01-25T23:35:56.399062+00:00", "data": {"market": "0xb57788cf555d65160e9860d8a86f3450803bb5f931ed2a8de833f2b52f271d5e", "price_changes": [{"asset_id": "65668565116462199424853420687038065868204288900715786773861886981737832765620", "price": "0.2", "size": "1050", "side": "BUY", "hash": "692844f0d5300aa20b9acd9cba1d26c8903cfcdb", "best_bid": "0.89", "best_ask": "0.91"}, {"asset_id": "82905177601129324963887984800459629991316689636624675047781577226293804624806", "price": "0.8", "size": "1050", "side": "SELL", "hash": "d5ecc8ab8b1bf98a3e436b8994cf6ebc6f52fc0c", "best_bid": "0.09", "best_ask": "0.11"}], "timestamp": "1769384156283", "event_type": "price_change"}}
{"_local_timestamp": "2026-01-25T23:35:56.847430+00:00", "data": {"market": "0xb57788cf555d65160e9860d8a86f3450803bb5f931ed2a8de833f2b52f271d5e", "price_changes": [{"asset_id": "65668565116462199424853420687038065868204288900715786773861886981737832765620", "price": "0.22", "size": "100", "side": "BUY", "hash": "3ec5ecd1f87898568ef7f6fd6c2a8d02fa7fade6", "best_bid": "0.89", "best_ask": "0.91"}, {"asset_id": "82905177601129324963887984800459629991316689636624675047781577226293804624806", "price": "0.78", "size": "100", "side": "SELL", "hash": "7a85c754172a5d3b0d5e70c66d30dbee340d3671", "best_bid": "0.09", "best_ask": "0.11"}], "timestamp": "1769384156726", "event_type": "price_change"}}
{"_local_timestamp": "2026-01-25T23:35:58.177895+00:00", "data": {"market": "0xb57788cf555d65160e9860d8a86f3450803bb5f931ed2a8de833f2b52f271d5e", "price_changes": [{"asset_id": "65668565116462199424853420687038065868204288900715786773861886981737832765620", "price": "0.21", "size": "0", "side": "BUY", "hash": "54cb92c9a573906aa93a6229b7086283c7905286", "best_bid": "0.89", "best_ask": "0.91"}, {"asset_id": "82905177601129324963887984800459629991316689636624675047781577226293804624806", "price": "0.79", "size": "0", "side": "SELL", "hash": "5ba94f09e43d89c5b44ff5e3ea5aaad90750f143", "best_bid": "0.09", "best_ask": "0.11"}], "timestamp": "1769384158075", "event_type": "price_change"}}
{"_local_timestamp": "2026-01-25T23:36:30.738470+00:00", "data": {"market": "0xb57788cf555d65160e9860d8a86f3450803bb5f931ed2a8de833f2b52f271d5e", "price_changes": [{"asset_id": "65668565116462199424853420687038065868204288900715786773861886981737832765620", "price": "0.28", "size": "1590.85", "side": "BUY", "hash": "9ea286601ec73686aee12eead7ee693501760067", "best_bid": "0.89", "best_ask": "0.91"}, {"asset_id": "82905177601129324963887984800459629991316689636624675047781577226293804624806", "price": "0.72", "size": "1590.85", "side": "SELL", "hash": "f6f0d369d996bce3f287bfe0fd5adb4dae7f5269", "best_bid": "0.09", "best_ask": "0.11"}], "timestamp": "1769384190659", "event_type": "price_change"}}
{"_local_timestamp": "2026-01-25T23:36:55.147403+00:00", "data": {"market": "0xb57788cf555d65160e9860d8a86f3450803bb5f931ed2a8de833f2b52f271d5e", "price_changes": [{"asset_id": "65668565116462199424853420687038065868204288900715786773861886981737832765620", "price": "0.27", "size": "50", "side": "BUY", "hash": "4d30946036fb1b7a42748056c9b0000ec9ad12ac", "best_bid": "0.89", "best_ask": "0.91"}, {"asset_id": "82905177601129324963887984800459629991316689636624675047781577226293804624806", "price": "0.73", "size": "50", "side": "SELL", "hash": "ecc43ab8231847b840da61f5c6416ed16e5c9b37", "best_bid": "0.09", "best_ask": "0.11"}], "timestamp": "1769384215020", "event_type": "price_change"}}
{"_local_timestamp": "2026-01-25T23:36:55.831411+00:00", "data": {"market": "0xb57788cf555d65160e9860d8a86f3450803bb5f931ed2a8de833f2b52f271d5e", "price_changes": [{"asset_id": "65668565116462199424853420687038065868204288900715786773861886981737832765620", "price": "0.23", "size": "221.73", "side": "BUY", "hash": "1a30e233ead55a76a4bc44982d048eb0f597feaf", "best_bid": "0.89", "best_ask": "0.91"}, {"asset_id": "82905177601129324963887984800459629991316689636624675047781577226293804624806", "price": "0.77", "size": "221.73", "side": "SELL", "hash": "1af1b699a730c515d353c1ac5a56d0a9a88c8335", "best_bid": "0.09", "best_ask": "0.11"}], "timestamp": "1769384215684", "event_type": "price_change"}}
{"_local_timestamp": "2026-01-25T23:37:03.836367+00:00", "data": {"market": "0xb57788cf555d65160e9860d8a86f3450803bb5f931ed2a8de833f2b52f271d5e", "price_changes": [{"asset_id": "82905177601129324963887984800459629991316689636624675047781577226293804624806", "price": "0.05", "size": "21", "side": "BUY", "hash": "f967bb9200b371df1038c5af052bfaaf48a0b442", "best_bid": "0.09", "best_ask": "0.11"}, {"asset_id": "65668565116462199424853420687038065868204288900715786773861886981737832765620", "price": "0.95", "size": "21", "side": "SELL", "hash": "d5ae771aa4516fa9a1f23f6659c7878dea1efc40", "best_bid": "0.89", "best_ask": "0.91"}], "timestamp": "1769384223772", "event_type": "price_change"}}
{"_local_timestamp": "2026-01-25T23:37:13.146015+00:00", "data": {"market": "0xb57788cf555d65160e9860d8a86f3450803bb5f931ed2a8de833f2b52f271d5e", "price_changes": [{"asset_id": "65668565116462199424853420687038065868204288900715786773861886981737832765620", "price": "0.22", "size": "50", "side": "BUY", "hash": "662484485f2c35534e69c9152ab1b66ea6fea23f", "best_bid": "0.89", "best_ask": "0.91"}, {"asset_id": "82905177601129324963887984800459629991316689636624675047781577226293804624806", "price": "0.78", "size": "50", "side": "SELL", "hash": "b9e1139ffdffbb9b137d6ef583c41a87bfc6b4fa", "best_bid": "0.09", "best_ask": "0.11"}], "timestamp": "1769384233018", "event_type": "price_change"}}
{"_local_timestamp": "2026-01-25T23:37:13.560370+00:00", "data": {"market": "0xb57788cf555d65160e9860d8a86f3450803bb5f931ed2a8de833f2b52f271d5e", "price_changes": [{"asset_id": "65668565116462199424853420687038065868204288900715786773861886981737832765620", "price": "0.21", "size": "50", "side": "BUY", "hash": "fb6167da683afa80c3f53e10af79266fcdcb2d66", "best_bid": "0.89", "best_ask": "0.91"}, {"asset_id": "82905177601129324963887984800459629991316689636624675047781577226293804624806", "price": "0.79", "size": "50", "side": "SELL", "hash": "fceef60c44495dc712f920aa0df51c547262d0d0", "best_bid": "0.09", "best_ask": "0.11"}], "timestamp": "1769384233411", "event_type": "price_change"}}
{"_local_timestamp": "2026-01-25T23:37:35.229615+00:00", "data": {"market": "0xb57788cf555d65160e9860d8a86f3450803bb5f931ed2a8de833f2b52f271d5e", "price_changes": [{"asset_id": "65668565116462199424853420687038065868204288900715786773861886981737832765620", "price": "0.28", "size": "92.85", "side": "BUY", "hash": "3b1b0b8b2f11b68bb7d59ad9abd736f7bfb71a5d", "best_bid": "0.89", "best_ask": "0.91"}, {"asset_id": "82905177601129324963887984800459629991316689636624675047781577226293804624806", "price": "0.72", "size": "92.85", "side": "SELL", "hash": "d062d357049fe6d3f947084fd59a6873d266004f", "best_bid": "0.09", "best_ask": "0.11"}], "timestamp": "1769384255123", "event_type": "price_change"}}
