{"_local_timestamp": "2026-01-25T23:40:50.058727+00:00", "data": [{"market": "0xec9ed6760ff6f94af86360a27f0a58a8c3d81fcec4009104e74295ee31831de7", "asset_id": "93511473655815224600173274559129767111620985110313110555777037332556307696395", "timestamp": "1769384440612", "hash": "a631429976c56ca5f490be09bf81519141241d2d", "bids": [{"price": "0.001", "size": "5580.08"}, {"price": "0.002", "size": "5.04"}, {"price": "0.003", "size": "1000"}, {"price": "0.004", "size": "8.63"}, {"price": "0.01", "size": "5550"}, {"price": "0.011", "size": "8.38"}, {"price": "0.02", "size": "1000"}, {"price": "0.03", "size": "5332"}, {"price": "0.031", "size": "8.35"}, {"price": "0.05", "size": "30"}, {"price": "0.051", "size": "39"}, {"price": "0.06", "size": "500"}, {"price": "0.1", "size": "560"}, {"price": "0.101", "size": "5.93"}, {"price": "0.15", "size": "776.66"}, {"price": "0.2", "size": "660"}, {"price": "0.24", "size": "316.66"}, {"price": "0.29", "size": "89.65"}, {"price": "0.291", "size": "1592"}, {"price": "0.31", "size": "300"}, {"price": "0.34", "size": "70.58"}, {"price": "0.39", "size": "51.28"}, {"price": "0.4", "size": "225"}, {"price": "0.401", "size": "5"}, {"price": "0.5", "size": "40"}, {"price": "0.8", "size": "676.99"}, {"price": "0.948", "size": "119.2"}, {"price": "0.95", "size": "200"}, {"price": "0.959", "size": "200"}, {"price": "0.962", "size": "674"}, {"price": "0.963", "size": "1000"}, {"price": "0.964", "size": "434"}, {"price": "0.965", "size": "30"}, {"price": "0.966", "size": "30"}], "asks": [{"price": "0.999", "size": "62051"}, {"price": "0.998", "size": "4769.94"}, {"price": "0.997", "size": "1682.42"}, {"price": "0.996", "size": "261.5"}, {"price": "0.995", "size": "53.77"}, {"price": "0.99", "size": "2755"}, {"price": "0.989", "size": "555"}, {"price": "0.988", "size": "18.42"}, {"price": "0.985", "size": "554.99"}, {"price": "0.984", "size": "313"}, {"price": "0.983", "size": "100"}, {"price": "0.982", "size": "9.91"}, {"price": "0.98", "size": "1218.9"}, {"price": "0.979", "size": "439"}, {"price": "0.978", "size": "100"}, {"price": "0.977", "size": "8.67"}, {"price": "0.976", "size": "290"}, {"price": "0.975", "size": "100"}, {"price": "0.974", "size": "200"}], "event_type": "book", "last_trade_price": "0.025"}, {"market": "0xec9ed6760ff6f94af86360a27f0a58a8c3d81fcec4009104e74295ee31831de7", "asset_id": "67331822030244567879587561014926224494967230933578025199853347519154759516475", "timestamp": "1769384440612", "hash": "94759c9a26f88a442a9a0481da6eded2bb1552c5", "bids": [{"price": "0.001", "size": "62051"}, {"price": "0.002", "size": "4769.94"}, {"price": "0.003", "size": "1682.42"}, {"price": "0.004", "size": "261.5"}, {"price": "0.005", "size": "53.77"}, {"price": "0.01", "size": "2755"}, {"price": "0.011", "size": "555"}, {"price": "0.012", "size": "18.42"}, {"price": "0.015", "size": "554.99"}, {"price": "0.016", "size": "313"}, {"price": "0.017", "size": "100"}, {"price": "0.018", "size": "9.91"}, {"price": "0.02", "size": "1218.9"}, {"price": "0.021", "size": "439"}, {"price": "0.022", "size": "100"}, {"price": "0.023", "size": "8.67"}, {"price": "0.024", "size": "290"}, {"price": "0.025", "size": "100"}, {"price": "0.026", "size": "200"}], "asks": [{"price": "0.999", "size": "5580.08"}, {"price": "0.998", "size": "5.04"}, {"price": "0.997", "size": "1000"}, {"price": "0.996", "size": "8.63"}, {"price": "0.99", "size": "5550"}, {"price": "0.989", "size": "8.38"}, {"price": "0.98", "size": "1000"}, {"price": "0.97", "size": "5332"}, {"price": "0.969", "size": "8.35"}, {"price": "0.95", "size": "30"}, {"price": "0.949", "size": "39"}, {"price": "0.94", "size": "500"}, {"price": "0.9", "size": "560"}, {"price": "0.899", "size": "5.93"}, {"price": "0.85", "size": "776.66"}, {"price": "0.8", "size": "660"}, {"price": "0.76", "size": "316.66"}, {"price": "0.71", "size": "89.65"}, {"price": "0.709", "size": "1592"}, {"price": "0.69", "size": "300"}, {"price": "0.66", "size": "70.58"}, {"price": "0.61", "size": "51.28"}, {"price": "0.6", "size": "225"}, {"price": "0.599", "size": "5"}, {"price": "0.5", "size": "40"}, {"price": "0.2", "size": "676.99"}, {"price": "0.052", "size": "119.2"}, {"price": "0.05", "size": "200"}, {"price": "0.041", "size": "200"}, {"price": "0.038", "size": "674"}, {"price": "0.037", "size": "1000"}, {"price": "0.036", "size": "434"}, {"price": "0.035", "size": "30"}, {"price": "0.034", "size": "30"}], "event_type": "book", "last_trade_price": "0.025"}]}
{"_local_timestamp": "2026-01-25T23:41:14.642440+00:00", "data": {"market": "0xec9ed6760ff6f94af86360a27f0a58a8c3d81fcec4009104e74295ee31831de7", "price_changes": [{"asset_id": "93511473655815224600173274559129767111620985110313110555777037332556307696395", "price": "0.291", "size": "150", "side": "BUY", "hash": "827e667bda518bb0d197757f796b93ec791c1758", "best_bid": "0.966", "best_ask": "0.974"}, {"asset_id": "67331822030244567879587561014926224494967230933578025199853347519154759516475", "price": "0.709", "size": "150", "side": "SELL", "hash": "06e0e952e699c79a0307c911d8382172f693dc33", "best_bid": "0.026", "best_ask": "0.034"}], "timestamp": "1769384474530", "event_type": "price_change"}}
{"_local_timestamp": "2026-01-25T23:41:50.912734+00:00", "data": {"market": "0xec9ed6760ff6f94af86360a27f0a58a8c3d81fcec4009104e74295ee31831de7", "price_changes": [{"asset_id": "93511473655815224600173274559129767111620985110313110555777037332556307696395", "price": "0.24", "size": "216.66", "side": "BUY", "hash": "c13e27cb37c2e38c9a26f639086e72ffe0b5636c", "best_bid": "0.966", "best_ask": "0.974"}, {"asset_id": "67331822030244567879587561014926224494967230933578025199853347519154759516475", "price": "0.76", "size": "216.66", "side": "SELL", "hash": "3f16758839bda8d984ddecfe43c69516dd5c62ef", "best_bid": "0.026", "best_ask": "0.034"}], "timestamp": "1769384510746", "event_type": "price_change"}}
{"_local_timestamp": "2026-01-25T23:41:52.690703+00:00", "data": {"market": "0xec9ed6760ff6f94af86360a27f0a58a8c3d81fcec4009104e74295ee31831de7", "price_changes": [{"asset_id": "93511473655815224600173274559129767111620985110313110555777037332556307696395", "price": "0.291", "size": "250", "side": "BUY", "hash": "373a80000fbfa946f459adfe959509c48143f9c3", "best_bid": "0.966", "best_ask": "0.974"}, {"asset_id": "67331822030244567879587561014926224494967230933578025199853347519154759516475", "price": "0.709", "size": "250", "side": "SELL", "hash": "85364e1ec23cc9fd8f623ce7d5089d1806a61b82", "best_bid": "0.026", "best_ask": "0.034"}], "timestamp": "1769384511754", "event_type": "price_change"}}
{"_local_timestamp": "2026-01-25T23:42:08.501114+00:00", "data": {"market": "0xec9ed6760ff6f94af86360a27f0a58a8c3d81fcec4009104e74295ee31831de7", "price_changes": [{"asset_id": "93511473655815224600173274559129767111620985110313110555777037332556307696395", "price": "0.241", "size": "1742", "side": "BUY", "hash": "204297479de7dedf0f99e56afd3c4f1ed7da63c1", "best_bid": "0.966", "best_ask": "0.974"}, {"asset_id": "67331822030244567879587561014926224494967230933578025199853347519154759516475", "price": "0.759", "size": "1742", "side": "SELL", "hash": "f1df6fca41d6b2a7925f1018df7eaa707f338dcd", "best_bid": "0.026", "best_ask": "0.034"}], "timestamp": "1769384528433", "event_type": "price_change"}}
{"_local_timestamp": "2026-01-25T23:42:47.164327+00:00", "data": {"market": "0xec9ed6760ff6f94af86360a27f0a58a8c3d81fcec4009104e74295ee31831de7", "price_changes": [{"asset_id": "93511473655815224600173274559129767111620985110313110555777037332556307696395", "price": "0.241", "size": "0", "side": "BUY", "hash": "9d32760337a816ba43bd4ced2ee984e3af0eaf13", "best_bid": "0.966", "best_ask": "0.974"}, {"asset_id": "67331822030244567879587561014926224494967230933578025199853347519154759516475", "price": "0.759", "size": "0", "side": "SELL", "hash": "0bb0a09f442fa902635104729ad183c562b76d88", "best_bid": "0.026", "best_ask": "0.034"}], "timestamp": "1769384566987", "event_type": "price_change"}}
