{"_local_timestamp": "2026-01-25T23:33:18.950283+00:00", "data": [{"market": "0xb215decbedd846168842f6e207f09bd5f50ce51d2191f238887d976ec21b6f66", "asset_id": "52035147432985774092509040925165515760899062720939921734142361138587845236034", "timestamp": "1769383993325", "hash": "af6991cd369f531f30a74f25e76a6da947c450e7", "bids": [{"price": "0.01", "size": "365582.07"}, {"price": "0.02", "size": "20117.05"}, {"price": "0.03", "size": "5184.55"}, {"price": "0.04", "size": "10595.71"}], "asks": [{"price": "0.99", "size": "16016.26"}, {"price": "0.98", "size": "5048"}, {"price": "0.97", "size": "550"}, {"price": "0.96", "size": "518.49"}, {"price": "0.95", "size": "30"}, {"price": "0.94", "size": "2383"}, {"price": "0.92", "size": "128"}, {"price": "0.9", "size": "360"}, {"price": "0.89", "size": "5.43"}, {"price": "0.86", "size": "667.85"}, {"price": "0.84", "size": "32"}, {"price": "0.81", "size": "418.42"}, {"price": "0.78", "size": "100"}, {"price": "0.76", "size": "832.66"}, {"price": "0.73", "size": "200"}, {"price": "0.71", "size": "89.65"}, {"price": "0.68", "size": "8"}, {"price": "0.66", "size": "70.58"}, {"price": "0.63", "size": "10"}, {"price": "0.62", "size": "52.63"}, {"price": "0.61", "size": "1663"}, {"price": "0.4", "size": "142.85"}, {"price": "0.39", "size": "40"}, {"price": "0.36", "size": "5"}, {"price": "0.3", "size": "4553.32"}, {"price": "0.27", "size": "1036.11"}, {"price": "0.26", "size": "24.99"}, {"price": "0.23", "size": "1500"}, {"price": "0.21", "size": "10"}, {"price": "0.2", "size": "6915.35"}, {"price": "0.19", "size": "236.55"}, {"price": "0.18", "size": "50"}, {"price": "0.17", "size": "6"}, {"price": "0.16", "size": "420"}, {"price": "0.15", "size": "20"}, {"price": "0.13", "size": "100"}, {"price": "0.12", "size": "697.57"}, {"price": "0.11", "size": "1050"}, {"price": "0.1", "size": "2724.98"}, {"price": "0.09", "size": "4144.99"}, {"price": "0.08", "size": "3350.35"}, {"price": "0.07", "size": "8795.92"}, {"price": "0.06", "size": "3517.33"}, {"price": "0.05", "size": "523.95"}], "event_type": "book", "last_trade_price": "0.050"}, {"market": "0xb215decbedd846168842f6e207f09bd5f50ce51d2191f238887d976ec21b6f66", "asset_id": "47095491075893964893538760255117389376159789121042722751357548754013031094277", "timestamp": "1769383993325", "hash": "02d3562dbcc8e8f70fcf4139c79a65b0ecdf41e2", "bids": [{"price": "0.01", "size": "16016.26"}, {"price": "0.02", "size": "5048"}, {"price": "0.03", "size": "550"}, {"price": "0.04", "size": "518.49"}, {"price": "0.05", "size": "30"}, {"price": "0.06", "size": "2383"}, {"price": "0.08", "size": "128"}, {"price": "0.1", "size": "360"}, {"price": "0.11", "size": "5.43"}, {"price": "0.14", "size": "667.85"}, {"price": "0.16", "size": "32"}, {"price": "0.19", "size": "418.42"}, {"price": "0.22", "size": "100"}, {"price": "0.24", "size": "832.66"}, {"price": "0.27", "size": "200"}, {"price": "0.29", "size": "89.65"}, {"price": "0.32", "size": "8"}, {"price": "0.34", "size": "70.58"}, {"price": "0.37", "size": "10"}, {"price": "0.38", "size": "52.63"}, {"price": "0.39", "size": "1663"}, {"price": "0.6", "size": "142.85"}, {"price": "0.61", "size": "40"}, {"price": "0.64", "size": "5"}, {"price": "0.7", "size": "4553.32"}, {"price": "0.73", "size": "1036.11"}, {"price": "0.74", "size": "24.99"}, {"price": "0.77", "size": "1500"}, {"price": "0.79", "size": "10"}, {"price": "0.8", "size": "6915.35"}, {"price": "0.81", "size": "236.55"}, {"price": "0.82", "size": "50"}, {"price": "0.83", "size": "6"}, {"price": "0.84", "size": "420"}, {"price": "0.85", "size": "20"}, {"price": "0.87", "size": "100"}, {"price": "0.88", "size": "697.57"}, {"price": "0.89", "size": "1050"}, {"price": "0.9", "size": "2724.98"}, {"price": "0.91", "size": "4144.99"}, {"price": "0.92", "size": "3350.35"}, {"price": "0.93", "size": "8795.92"}, {"price": "0.94", "size": "3517.33"}, {"price": "0.95", "size": "523.95"}], "asks": [{"price": "0.99", "size": "365582.07"}, {"price": "0.98", "size": "20117.05"}, {"price": "0.97", "size": "5184.55"}, {"price": "0.96", "size": "10595.71"}], "event_type": "book", "last_trade_price": "0.050"}]}
{"_local_timestamp": "2026-01-25T23:33:33.460477+00:00", "data": {"market": "0xb215decbedd846168842f6e207f09bd5f50ce51d2191f238887d976ec21b6f66", "price_changes": [{"asset_id": "47095491075893964893538760255117389376159789121042722751357548754013031094277", "price": "0.25", "size": "1680", "side": "BUY", "hash": "e515cfdc79cb881ad331f7e8a5b9c03b6a83bb23", "best_bid": "0.95", "best_ask": "0.96"}, {"asset_id": "52035147432985774092509040925165515760899062720939921734142361138587845236034", "price": "0.75", "size": "1680", "side": "SELL", "hash": "979f782f28c3c17f8f5237e13623ff44cf5748d3", "best_bid": "0.04", "best_ask": "0.05"}], "timestamp": "1769384013243", "event_type": "price_change"}}
{"_local_timestamp": "2026-01-25T23:34:19.962466+00:00", "data": {"market": "0xb215decbedd846168842f6e207f09bd5f50ce51d2191f238887d976ec21b6f66", "price_changes": [{"asset_id": "47095491075893964893538760255117389376159789121042722751357548754013031094277", "price": "0.25", "size": "0", "side": "BUY", "hash": "a40cd9741b037da73cd99bd29b2e643a154756c5", "best_bid": "0.95", "best_ask": "0.96"}, {"asset_id": "52035147432985774092509040925165515760899062720939921734142361138587845236034", "price": "0.75", "size": "0", "side": "SELL", "hash": "6cc0ca90f77cee54a22d549758dca45c145e003f", "best_bid": "0.04", "best_ask": "0.05"}], "timestamp": "1769384059762", "event_type": "price_change"}}
{"_local_timestamp": "2026-01-25T23:34:46.972196+00:00", "data": {"market": "0xb215decbedd846168842f6e207f09bd5f50ce51d2191f238887d976ec21b6f66", "price_changes": [{"asset_id": "52035147432985774092509040925165515760899062720939921734142361138587845236034", "price": "0.01", "size": "365564.4", "side": "BUY", "hash": "4ed9997a74dc957c52a7d5fd61e8cddcb5ef9ad3", "best_bid": "0.04", "best_ask": "0.05"}, {"asset_id": "47095491075893964893538760255117389376159789121042722751357548754013031094277", "price": "0.99", "size": "365564.4", "side": "SELL", "hash": "1842d2f8218605b0efad20dd1b363d880f331845", "best_bid": "0.95", "best_ask": "0.96"}], "timestamp": "1769384086903", "event_type": "price_change"}}
{"_local_timestamp": "2026-01-25T23:34:46.973101+00:00", "data": {"market": "0xb215decbedd846168842f6e207f09bd5f50ce51d2191f238887d976ec21b6f66", "price_changes": [{"asset_id": "52035147432985774092509040925165515760899062720939921734142361138587845236034", "price": "0.02", "size": "20093.4", "side": "BUY", "hash": "4ed9997a74dc957c52a7d5fd61e8cddcb5ef9ad3", "best_bid": "0.04", "best_ask": "0.05"}, {"asset_id": "47095491075893964893538760255117389376159789121042722751357548754013031094277", "price": "0.98", "size": "20093.4", "side": "SELL", "hash": "1842d2f8218605b0efad20dd1b363d880f331845", "best_bid": "0.95", "best_ask": "0.96"}], "timestamp": "1769384086903", "event_type": "price_change"}}
{"_local_timestamp": "2026-01-25T23:34:48.024079+00:00", "data": {"market": "0xb215decbedd846168842f6e207f09bd5f50ce51d2191f238887d976ec21b6f66", "price_changes": [{"asset_id": "52035147432985774092509040925165515760899062720939921734142361138587845236034", "price": "0.01", "size": "365582.07", "side": "BUY", "hash": "730ebd327c26a0f97f710ecc3f78d991136d2619", "best_bid": "0.04", "best_ask": "0.05"}, {"asset_id": "47095491075893964893538760255117389376159789121042722751357548754013031094277", "price": "0.99", "size": "365582.07", "side": "SELL", "hash": "65f5bac8d19373f4a382896d1cb208c694a6b7b5", "best_bid": "0.95", "best_ask": "0.96"}], "timestamp": "1769384087950", "event_type": "price_change"}}
{"_local_timestamp": "2026-01-25T23:34:48.024441+00:00", "data": {"market": "0xb215decbedd846168842f6e207f09bd5f50ce51d2191f238887d976ec21b6f66", "price_changes": [{"asset_id": "52035147432985774092509040925165515760899062720939921734142361138587845236034", "price": "0.02", "size": "20117.05", "side": "BUY", "hash": "2deb9643e9a2ef592d78afdc9cc80e3b85649e08", "best_bid": "0.04", "best_ask": "0.05"}, {"asset_id": "47095491075893964893538760255117389376159789121042722751357548754013031094277", "price": "0.98", "size": "20117.05", "side": "SELL", "hash": "1bac1e97d9728f2827f4c61e98a68401e4f62d72", "best_bid": "0.95", "best_ask": "0.96"}], "timestamp": "1769384087951", "event_type": "price_change"}}
{"_local_timestamp": "2026-01-25T23:35:14.948954+00:00", "data": {"market": "0xb215decbedd846168842f6e207f09bd5f50ce51d2191f238887d976ec21b6f66", "price_changes": [{"asset_id": "47095491075893964893538760255117389376159789121042722751357548754013031094277", "price": "0.28", "size": "1498", "side": "BUY", "hash": "899234bbe4c8653944406a29cbe3d3ba5115e6ac", "best_bid": "0.95", "best_ask": "0.96"}, {"asset_id": "52035147432985774092509040925165515760899062720939921734142361138587845236034", "price": "0.72", "size": "1498", "side": "SELL", "hash": "aaa7f0100e67a11c621dd8c077f2bc03816602aa", "best_bid": "0.04", "best_ask": "0.05"}], "timestamp": "1769384114882", "event_type": "price_change"}}
{"_local_timestamp": "2026-01-25T23:35:26.660316+00:00", "data": {"market": "0xb215decbedd846168842f6e207f09bd5f50ce51d2191f238887d976ec21b6f66", "price_changes": [{"asset_id": "47095491075893964893538760255117389376159789121042722751357548754013031094277", "price": "0.27", "size": "150", "side": "BUY", "hash": "27c3f3809fe36db20f4959ed1d16e48059473ecd", "best_bid": "0.95", "best_ask": "0.96"}, {"asset_id": "52035147432985774092509040925165515760899062720939921734142361138587845236034", "price": "0.73", "size": "150", "side": "SELL", "hash": "8fc65a4e0be389e6dd3ed2f405f0115882562eb9", "best_bid": "0.04", "best_ask": "0.05"}], "timestamp": "1769384126561", "event_type": "price_change"}}
{"_local_timestamp": "2026-01-25T23:35:27.079735+00:00", "data": {"market": "0xb215decbedd846168842f6e207f09bd5f50ce51d2191f238887d976ec21b6f66", "price_changes": [{"asset_id": "47095491075893964893538760255117389376159789121042722751357548754013031094277", "price": "0.25", "size": "50", "side": "BUY", "hash": "72d1af1b327c9846a7bf09a34179a72cf6feaa1a", "best_bid": "0.95", "best_ask": "0.96"}, {"asset_id": "52035147432985774092509040925165515760899062720939921734142361138587845236034", "price": "0.75", "size": "50", "side": "SELL", "hash": "7f6e1e9988e320bcc38cf027335a15bbefcd90a8", "best_bid": "0.04", "best_ask": "0.05"}], "timestamp": "1769384126897", "event_type": "price_change"}}
{"_local_timestamp": "2026-01-25T23:35:56.471565+00:00", "data": {"market": "0xb215decbedd846168842f6e207f09bd5f50ce51d2191f238887d976ec21b6f66", "price_changes": [{"asset_id": "47095491075893964893538760255117389376159789121042722751357548754013031094277", "price": "0.24", "size": "782.66", "side": "BUY", "hash": "7a3b900e1485bbec8a7ba47aef9be1e7c4a5ed57", "best_bid": "0.95", "best_ask": "0.96"}, {"asset_id": "52035147432985774092509040925165515760899062720939921734142361138587845236034", "price": "0.76", "size": "782.66", "side": "SELL", "hash": "6559fbb937451c0e285f6afdc3a0828b7695b7d0", "best_bid": "0.04", "best_ask": "0.05"}], "timestamp": "1769384156304", "event_type": "price_change"}}
{"_local_timestamp": "2026-01-25T23:35:56.849221+00:00", "data": {"market": "0xb215decbedd846168842f6e207f09bd5f50ce51d2191f238887d976ec21b6f66", "price_changes": [{"asset_id": "47095491075893964893538760255117389376159789121042722751357548754013031094277", "price": "0.25", "size": "100", "side": "BUY", "hash": "add17a5e17ff26d1d67dde7aec0b35d726a541da", "best_bid": "0.95", "best_ask": "0.96"}, {"asset_id": "52035147432985774092509040925165515760899062720939921734142361138587845236034", "price": "0.75", "size": "100", "side": "SELL", "hash": "cab1e2b5ef19ffbd2426ab5bd95a6feea2d36f4f", "best_bid": "0.04", "best_ask": "0.05"}], "timestamp": "1769384156724", "event_type": "price_change"}}
{"_local_timestamp": "2026-01-25T23:36:03.718503+00:00", "data": {"market": "0xb215decbedd846168842f6e207f09bd5f50ce51d2191f238887d976ec21b6f66", "price_changes": [{"asset_id": "52035147432985774092509040925165515760899062720939921734142361138587845236034", "price": "0.05", "size": "503.95", "side": "SELL", "hash": "a7c05acac8176e7b0660455195530630f7dafc6f", "best_bid": "0.04", "best_ask": "0.05"}, {"asset_id": "47095491075893964893538760255117389376159789121042722751357548754013031094277", "price": "0.95", "size": "503.95", "side": "BUY", "hash": "19414d89d98297280c61fc84b53f06b56203bf1a", "best_bid": "0.95", "best_ask": "0.96"}], "timestamp": "1769384163650", "event_type": "price_change"}}
{"_local_timestamp": "2026-01-25T23:36:03.719289+00:00", "data": {"market": "0xb215decbedd846168842f6e207f09bd5f50ce51d2191f238887d976ec21b6f66", "asset_id": "52035147432985774092509040925165515760899062720939921734142361138587845236034", "bids": [{"price": "0.01", "size": "365582.07"}, {"price": "0.02", "size": "20117.05"}, {"price": "0.03", "size": "5184.55"}, {"price": "0.04", "size": "10595.71"}], "asks": [{"price": "0.99", "size": "16016.26"}, {"price": "0.98", "size": "5048"}, {"price": "0.97", "size": "550"}, {"price": "0.96", "size": "518.49"}, {"price": "0.95", "size": "30"}, {"price": "0.94", "size": "2383"}, {"price": "0.92", "size": "128"}, {"price": "0.9", "size": "360"}, {"price": "0.89", "size": "5.43"}, {"price": "0.86", "size": "667.85"}, {"price": "0.84", "size": "32"}, {"price": "0.81", "size": "418.42"}, {"price": "0.78", "size": "100"}, {"price": "0.76", "size": "782.66"}, {"price": "0.75", "size": "100"}, {"price": "0.73", "size": "150"}, {"price": "0.72", "size": "1498"}, {"price": "0.71", "size": "89.65"}, {"price": "0.68", "size": "8"}, {"price": "0.66", "size": "70.58"}, {"price": "0.63", "size": "10"}, {"price": "0.62", "size": "52.63"}, {"price": "0.61", "size": "1663"}, {"price": "0.4", "size": "142.85"}, {"price": "0.39", "size": "40"}, {"price": "0.36", "size": "5"}, {"price": "0.3", "size": "4553.32"}, {"price": "0.27", "size": "1036.11"}, {"price": "0.26", "size": "24.99"}, {"price": "0.23", "size": "1500"}, {"price": "0.21", "size": "10"}, {"price": "0.2", "size": "6915.35"}, {"price": "0.19", "size": "236.55"}, {"price": "0.18", "size": "50"}, {"price": "0.17", "size": "6"}, {"price": "0.16", "size": "420"}, {"price": "0.15", "size": "20"}, {"price": "0.13", "size": "100"}, {"price": "0.12", "size": "697.57"}, {"price": "0.11", "size": "1050"}, {"price": "0.1", "size": "2724.98"}, {"price": "0.09", "size": "4144.99"}, {"price": "0.08", "size": "3350.35"}, {"price": "0.07", "size": "8795.92"}, {"price": "0.06", "size": "3517.33"}, {"price": "0.05", "size": "503.95"}], "hash": "a7c05acac8176e7b0660455195530630f7dafc6f", "timestamp": "1769384163650", "event_type": "book"}}
{"_local_timestamp": "2026-01-25T23:36:03.719951+00:00", "data": {"market": "0xb215decbedd846168842f6e207f09bd5f50ce51d2191f238887d976ec21b6f66", "asset_id": "47095491075893964893538760255117389376159789121042722751357548754013031094277", "bids": [{"price": "0.01", "size": "16016.26"}, {"price": "0.02", "size": "5048"}, {"price": "0.03", "size": "550"}, {"price": "0.04", "size": "518.49"}, {"price": "0.05", "size": "30"}, {"price": "0.06", "size": "2383"}, {"price": "0.08", "size": "128"}, {"price": "0.1", "size": "360"}, {"price": "0.11", "size": "5.43"}, {"price": "0.14", "size": "667.85"}, {"price": "0.16", "size": "32"}, {"price": "0.19", "size": "418.42"}, {"price": "0.22", "size": "100"}, {"price": "0.24", "size": "782.66"}, {"price": "0.25", "size": "100"}, {"price": "0.27", "size": "150"}, {"price": "0.28", "size": "1498"}, {"price": "0.29", "size": "89.65"}, {"price": "0.32", "size": "8"}, {"price": "0.34", "size": "70.58"}, {"price": "0.37", "size": "10"}, {"price": "0.38", "size": "52.63"}, {"price": "0.39", "size": "1663"}, {"price": "0.6", "size": "142.85"}, {"price": "0.61", "size": "40"}, {"price": "0.64", "size": "5"}, {"price": "0.7", "size": "4553.32"}, {"price": "0.73", "size": "1036.11"}, {"price": "0.74", "size": "24.99"}, {"price": "0.77", "size": "1500"}, {"price": "0.79", "size": "10"}, {"price": "0.8", "size": "6915.35"}, {"price": "0.81", "size": "236.55"}, {"price": "0.82", "size": "50"}, {"price": "0.83", "size": "6"}, {"price": "0.84", "size": "420"}, {"price": "0.85", "size": "20"}, {"price": "0.87", "size": "100"}, {"price": "0.88", "size": "697.57"}, {"price": "0.89", "size": "1050"}, {"price": "0.9", "size": "2724.98"}, {"price": "0.91", "size": "4144.99"}, {"price": "0.92", "size": "3350.35"}, {"price": "0.93", "size": "8795.92"}, {"price": "0.94", "size": "3517.33"}, {"price": "0.95", "size": "503.95"}], "asks": [{"price": "0.99", "size": "365582.07"}, {"price": "0.98", "size": "20117.05"}, {"price": "0.97", "size": "5184.55"}, {"price": "0.96", "size": "10595.71"}], "hash": "19414d89d98297280c61fc84b53f06b56203bf1a", "timestamp": "1769384163650", "event_type": "book"}}
{"_local_timestamp": "2026-01-25T23:36:03.750972+00:00", "data": {"market": "0xb215decbedd846168842f6e207f09bd5f50ce51d2191f238887d976ec21b6f66", "asset_id": "52035147432985774092509040925165515760899062720939921734142361138587845236034", "price": "0.05", "size": "20", "fee_rate_bps": "0", "side": "BUY", "timestamp": "1769384163681", "event_type": "last_trade_price", "transaction_hash": "0x4fc7e8ea216345683359c4e5bee3c6a8f9e79e5120715d76a512b354bf085c53"}}
{"_local_timestamp": "2026-01-25T23:36:06.985071+00:00", "data": {"market": "0xb215decbedd846168842f6e207f09bd5f50ce51d2191f238887d976ec21b6f66", "price_changes": [{"asset_id": "52035147432985774092509040925165515760899062720939921734142361138587845236034", "price": "0.03", "size": "4984.55", "side": "BUY", "hash": "11e0a724c556dc13c99808863674da42e9ad0987", "best_bid": "0.04", "best_ask": "0.05"}, {"asset_id": "47095491075893964893538760255117389376159789121042722751357548754013031094277", "price": "0.97", "size": "4984.55", "side": "SELL", "hash": "6efbcf0ae47c66fbd57aa75229d0a9574009bf49", "best_bid": "0.95", "best_ask": "0.96"}], "timestamp": "1769384166918", "event_type": "price_change"}}
{"_local_timestamp": "2026-01-25T23:36:07.215242+00:00", "data": {"market": "0xb215decbedd846168842f6e207f09bd5f50ce51d2191f238887d976ec21b6f66", "price_changes": [{"asset_id": "47095491075893964893538760255117389376159789121042722751357548754013031094277", "price": "0.94", "size": "3317.33", "side": "BUY", "hash": "6a33e78a165cccfc49ec87c1d28211c18b2d7a3a", "best_bid": "0.95", "best_ask": "0.96"}, {"asset_id": "52035147432985774092509040925165515760899062720939921734142361138587845236034", "price": "0.06", "size": "3317.33", "side": "SELL", "hash": "ed2b8c814d6a54faf0ebd745038f0b05d05d0838", "best_bid": "0.04", "best_ask": "0.05"}], "timestamp": "1769384167147", "event_type": "price_change"}}
{"_local_timestamp": "2026-01-25T23:36:55.038746+00:00", "data": {"market": "0xb215decbedd846168842f6e207f09bd5f50ce51d2191f238887d976ec21b6f66", "price_changes": [{"asset_id": "52035147432985774092509040925165515760899062720939921734142361138587845236034", "price": "0.03", "size": "5184.55", "side": "BUY", "hash": "51f35c629e030b20524113f4154265c7acf6b227", "best_bid": "0.04", "best_ask": "0.05"}, {"asset_id": "47095491075893964893538760255117389376159789121042722751357548754013031094277", "price": "0.97", "size": "5184.55", "side": "SELL", "hash": "90446e4ebaec600acd984a53f666ef6a27425dea", "best_bid": "0.95", "best_ask": "0.96"}], "timestamp": "1769384214912", "event_type": "price_change"}}
{"_local_timestamp": "2026-01-25T23:36:55.262320+00:00", "data": {"market": "0xb215decbedd846168842f6e207f09bd5f50ce51d2191f238887d976ec21b6f66", "price_changes": [{"asset_id": "47095491075893964893538760255117389376159789121042722751357548754013031094277", "price": "0.27", "size": "50", "side": "BUY", "hash": "68a283b35f34e4c7421e59d2c18d99dcbf4c1bdc", "best_bid": "0.95", "best_ask": "0.96"}, {"asset_id": "52035147432985774092509040925165515760899062720939921734142361138587845236034", "price": "0.73", "size": "50", "side": "SELL", "hash": "d1b16fc975cb2194cb5089a0532f04d041847c4b", "best_bid": "0.04", "best_ask": "0.05"}], "timestamp": "1769384215023", "event_type": "price_change"}}
{"_local_timestamp": "2026-01-25T23:36:55.294938+00:00", "data": {"market": "0xb215decbedd846168842f6e207f09bd5f50ce51d2191f238887d976ec21b6f66", "price_changes": [{"asset_id": "47095491075893964893538760255117389376159789121042722751357548754013031094277", "price": "0.94", "size": "3517.33", "side": "BUY", "hash": "8c6d47866c0a3a3841074f2e48e7596747411409", "best_bid": "0.95", "best_ask": "0.96"}, {"asset_id": "52035147432985774092509040925165515760899062720939921734142361138587845236034", "price": "0.06", "size": "3517.33", "side": "SELL", "hash": "42607945a752797dd5b3c17282862dea5d913102", "best_bid": "0.04", "best_ask": "0.05"}], "timestamp": "1769384215154", "event_type": "price_change"}}
{"_local_timestamp": "2026-01-25T23:36:56.194172+00:00", "data": {"market": "0xb215decbedd846168842f6e207f09bd5f50ce51d2191f238887d976ec21b6f66", "price_changes": [{"asset_id": "47095491075893964893538760255117389376159789121042722751357548754013031094277", "price": "0.24", "size": "882.66", "side": "BUY", "hash": "5dd8e97bf0d4b1aef2f3afc50032e7dc56e65a8a", "best_bid": "0.95", "best_ask": "0.96"}, {"asset_id": "52035147432985774092509040925165515760899062720939921734142361138587845236034", "price": "0.76", "size": "882.66", "side": "SELL", "hash": "99058f31e3db43c607e499d8a489569bdd93f110", "best_bid": "0.04", "best_ask": "0.05"}], "timestamp": "1769384215700", "event_type": "price_change"}}
{"_local_timestamp": "2026-01-25T23:37:13.075634+00:00", "data": {"market": "0xb215decbedd846168842f6e207f09bd5f50ce51d2191f238887d976ec21b6f66", "price_changes": [{"asset_id": "47095491075893964893538760255117389376159789121042722751357548754013031094277", "price": "0.25", "size": "50", "side": "BUY", "hash": "b6a9fbd7d67672cf8a722ba953c26d797ff58f2e", "best_bid": "0.95", "best_ask": "0.96"}, {"asset_id": "52035147432985774092509040925165515760899062720939921734142361138587845236034", "price": "0.75", "size": "50", "side": "SELL", "hash": "eeda65e8270d2353e60dbbc52217e2e421e0654c", "best_bid": "0.04", "best_ask": "0.05"}], "timestamp": "1769384232988", "event_type": "price_change"}}
{"_local_timestamp": "2026-01-25T23:37:13.485024+00:00", "data": {"market": "0xb215decbedd846168842f6e207f09bd5f50ce51d2191f238887d976ec21b6f66", "price_changes": [{"asset_id": "47095491075893964893538760255117389376159789121042722751357548754013031094277", "price": "0.28", "size": "1548", "side": "BUY", "hash": "c05e456531aa8270eaa202ed0b7ad0609cb06a80", "best_bid": "0.95", "best_ask": "0.96"}, {"asset_id": "52035147432985774092509040925165515760899062720939921734142361138587845236034", "price": "0.72", "size": "1548", "side": "SELL", "hash": "9220e8acf2cdb8337ed1688a4494706ef972e85c", "best_bid": "0.04", "best_ask": "0.05"}], "timestamp": "1769384233370", "event_type": "price_change"}}
{"_local_timestamp": "2026-01-25T23:38:17.067090+00:00", "data": {"market": "0xb215decbedd846168842f6e207f09bd5f50ce51d2191f238887d976ec21b6f66", "price_changes": [{"asset_id": "52035147432985774092509040925165515760899062720939921734142361138587845236034", "price": "0.01", "size": "364781.67", "side": "BUY", "hash": "47c70296c68e0b03f48b1619f543071e6bd08032", "best_bid": "0.04", "best_ask": "0.05"}, {"asset_id": "47095491075893964893538760255117389376159789121042722751357548754013031094277", "price": "0.99", "size": "364781.67", "side": "SELL", "hash": "118d629c271fecb460c065e126e632fd5b1a982c", "best_bid": "0.95", "best_ask": "0.96"}], "timestamp": "1769384297000", "event_type": "price_change"}}
{"_local_timestamp": "2026-01-25T23:38:21.289721+00:00", "data": {"market": "0xb215decbedd846168842f6e207f09bd5f50ce51d2191f238887d976ec21b6f66", "price_changes": [{"asset_id": "47095491075893964893538760255117389376159789121042722751357548754013031094277", "price": "0.27", "size": "0", "side": "BUY", "hash": "54a46d961c9a7ee653a4865413d8a05cdd250640", "best_bid": "0.95", "best_ask": "0.96"}, {"asset_id": "52035147432985774092509040925165515760899062720939921734142361138587845236034", "price": "0.73", "size": "0", "side": "SELL", "hash": "0bcf4afc6a7f69386325b60f8732c6d4b37dfda7", "best_bid": "0.04", "best_ask": "0.05"}], "timestamp": "1769384301127", "event_type": "price_change"}}
{"_local_timestamp": "2026-01-25T23:38:21.297012+00:00", "data": {"market": "0xb215decbedd846168842f6e207f09bd5f50ce51d2191f238887d976ec21b6f66", "price_changes": [{"asset_id": "47095491075893964893538760255117389376159789121042722751357548754013031094277", "price": "0.25", "size": "0", "side": "BUY", "hash": "54a46d961c9a7ee653a4865413d8a05cdd250640", "best_bid": "0.95", "best_ask": "0.96"}, {"asset_id": "52035147432985774092509040925165515760899062720939921734142361138587845236034", "price": "0.75", "size": "0", "side": "SELL", "hash": "0bcf4afc6a7f69386325b60f8732c6d4b37dfda7", "best_bid": "0.04", "best_ask": "0.05"}], "timestamp": "1769384301127", "event_type": "price_change"}}
{"_local_timestamp": "2026-01-25T23:38:21.615097+00:00", "data": {"market": "0xb215decbedd846168842f6e207f09bd5f50ce51d2191f238887d976ec21b6f66", "price_changes": [{"asset_id": "47095491075893964893538760255117389376159789121042722751357548754013031094277", "price": "0.28", "size": "1598", "side": "BUY", "hash": "729addb6f7652f037773c473ab81bf27e508da80", "best_bid": "0.95", "best_ask": "0.96"}, {"asset_id": "52035147432985774092509040925165515760899062720939921734142361138587845236034", "price": "0.72", "size": "1598", "side": "SELL", "hash": "38d01d33d3a03cff5890aff373b1a632a0ce2827", "best_bid": "0.04", "best_ask": "0.05"}], "timestamp": "1769384301466", "event_type": "price_change"}}
{"_local_timestamp": "2026-01-25T23:38:21.687715+00:00", "data": {"market": "0xb215decbedd846168842f6e207f09bd5f50ce51d2191f238887d976ec21b6f66", "price_changes": [{"asset_id": "47095491075893964893538760255117389376159789121042722751357548754013031094277", "price": "0.24", "size": "932.66", "side": "BUY", "hash": "2b4c532be08fb58e2b763c452a30df13937250b4", "best_bid": "0.95", "best_ask": "0.96"}, {"asset_id": "52035147432985774092509040925165515760899062720939921734142361138587845236034", "price": "0.76", "size": "932.66", "side": "SELL", "hash": "fb2401a0209e213779519b72bb0de94c33250555", "best_bid": "0.04", "best_ask": "0.05"}], "timestamp": "1769384301497", "event_type": "price_change"}}
