{"_local_timestamp": "2026-01-25T23:33:32.062000+00:00", "data": [{"market": "0x7209592f294c2b3a7230ea66a4483ecfe1a57ae79144e5e735654829e00cfc68", "asset_id": "35608595602971585131748334524997534059288005974951964270070510209825391272871", "timestamp": "1769383946584", "hash": "da1483ab7f05a30df5b0d8f5cc0d6582cc4d7212", "bids": [{"price": "0.01", "size": "225351.69"}, {"price": "0.02", "size": "1500"}, {"price": "0.03", "size": "6000"}, {"price": "0.04", "size": "6.54"}, {"price": "0.05", "size": "1310"}, {"price": "0.08", "size": "550"}, {"price": "0.1", "size": "700"}, {"price": "0.11", "size": "5.4"}, {"price": "0.12", "size": "383.33"}, {"price": "0.15", "size": "1325"}, {"price": "0.16", "size": "700"}, {"price": "0.2", "size": "140"}, {"price": "0.21", "size": "700"}, {"price": "0.24", "size": "108.33"}, {"price": "0.28", "size": "85.71"}, {"price": "0.3", "size": "100"}, {"price": "0.31", "size": "250"}, {"price": "0.32", "size": "62.5"}, {"price": "0.35", "size": "100"}, {"price": "0.4", "size": "450"}, {"price": "0.41", "size": "103.3"}, {"price": "0.42", "size": "100"}, {"price": "0.43", "size": "100"}, {"price": "0.44", "size": "100"}, {"price": "0.45", "size": "200"}, {"price": "0.46", "size": "100"}, {"price": "0.47", "size": "100"}, {"price": "0.48", "size": "100"}, {"price": "0.49", "size": "100"}, {"price": "0.5", "size": "247.17"}, {"price": "0.53", "size": "100"}, {"price": "0.55", "size": "100"}, {"price": "0.6", "size": "100"}, {"price": "0.61", "size": "95.73"}, {"price": "0.62", "size": "200"}, {"price": "0.63", "size": "103.29"}, {"price": "0.64", "size": "70.28"}, {"price": "0.65", "size": "89.58"}, {"price": "0.66", "size": "13.14"}, {"price": "0.67", "size": "6"}, {"price": "0.68", "size": "116.66"}, {"price": "0.69", "size": "216"}, {"price": "0.7", "size": "100"}, {"price": "0.71", "size": "6"}, {"price": "0.74", "size": "66.66"}], "asks": [{"price": "0.99", "size": "4250"}, {"price": "0.98", "size": "1056.67"}, {"price": "0.97", "size": "800"}, {"price": "0.96", "size": "550"}, {"price": "0.95", "size": "1047.57"}, {"price": "0.94", "size": "200"}, {"price": "0.92", "size": "6.1"}, {"price": "0.91", "size": "6"}, {"price": "0.89", "size": "2104.28"}, {"price": "0.88", "size": "250"}, {"price": "0.87", "size": "6"}, {"price": "0.84", "size": "81.25"}, {"price": "0.83", "size": "131.36"}, {"price": "0.82", "size": "6"}, {"price": "0.8", "size": "72.66"}, {"price": "0.79", "size": "164.28"}, {"price": "0.77", "size": "66.66"}, {"price": "0.76", "size": "99.99"}], "event_type": "book", "last_trade_price": "0.260"}, {"market": "0x7209592f294c2b3a7230ea66a4483ecfe1a57ae79144e5e735654829e00cfc68", "asset_id": "86136836547770521111743494575582395458930966240091848908759010720929112549108", "timestamp": "1769383946584", "hash": "b1e2e525cea58050a10ff1d7b71e8a619d79232a", "bids": [{"price": "0.01", "size": "4250"}, {"price": "0.02", "size": "1056.67"}, {"price": "0.03", "size": "800"}, {"price": "0.04", "size": "550"}, {"price": "0.05", "size": "1047.57"}, {"price": "0.06", "size": "200"}, {"price": "0.08", "size": "6.1"}, {"price": "0.09", "size": "6"}, {"price": "0.11", "size": "2104.28"}, {"price": "0.12", "size": "250"}, {"price": "0.13", "size": "6"}, {"price": "0.16", "size": "81.25"}, {"price": "0.17", "size": "131.36"}, {"price": "0.18", "size": "6"}, {"price": "0.2", "size": "72.66"}, {"price": "0.21", "size": "164.28"}, {"price": "0.23", "size": "66.66"}, {"price": "0.24", "size": "99.99"}], "asks": [{"price": "0.99", "size": "225351.69"}, {"price": "0.98", "size": "1500"}, {"price": "0.97", "size": "6000"}, {"price": "0.96", "size": "6.54"}, {"price": "0.95", "size": "1310"}, {"price": "0.92", "size": "550"}, {"price": "0.9", "size": "700"}, {"price": "0.89", "size": "5.4"}, {"price": "0.88", "size": "383.33"}, {"price": "0.85", "size": "1325"}, {"price": "0.84", "size": "700"}, {"price": "0.8", "size": "140"}, {"price": "0.79", "size": "700"}, {"price": "0.76", "size": "108.33"}, {"price": "0.72", "size": "85.71"}, {"price": "0.7", "size": "100"}, {"price": "0.69", "size": "250"}, {"price": "0.68", "size": "62.5"}, {"price": "0.65", "size": "100"}, {"price": "0.6", "size": "450"}, {"price": "0.59", "size": "103.3"}, {"price": "0.58", "size": "100"}, {"price": "0.57", "size": "100"}, {"price": "0.56", "size": "100"}, {"price": "0.55", "size": "200"}, {"price": "0.54", "size": "100"}, {"price": "0.53", "size": "100"}, {"price": "0.52", "size": "100"}, {"price": "0.51", "size": "100"}, {"price": "0.5", "size": "247.17"}, {"price": "0.47", "size": "100"}, {"price": "0.45", "size": "100"}, {"price": "0.4", "size": "100"}, {"price": "0.39", "size": "95.73"}, {"price": "0.38", "size": "200"}, {"price": "0.37", "size": "103.29"}, {"price": "0.36", "size": "70.28"}, {"price": "0.35", "size": "89.58"}, {"price": "0.34", "size": "13.14"}, {"price": "0.33", "size": "6"}, {"price": "0.32", "size": "116.66"}, {"price": "0.31", "size": "216"}, {"price": "0.3", "size": "100"}, {"price": "0.29", "size": "6"}, {"price": "0.26", "size": "66.66"}], "event_type": "book", "last_trade_price": "0.260"}]}
{"_local_timestamp": "2026-01-25T23:33:40.410879+00:00", "data": {"market": "0x7209592f294c2b3a7230ea66a4483ecfe1a57ae79144e5e735654829e00cfc68", "price_changes": [{"asset_id": "86136836547770521111743494575582395458930966240091848908759010720929112549108", "price": "0.02", "size": "1050", "side": "BUY", "hash": "322ed4bcd7d2055d4cb05b88a7c4bbcaa91f28ce", "best_bid": "0.24", "best_ask": "0.26"}, {"asset_id": "35608595602971585131748334524997534059288005974951964270070510209825391272871", "price": "0.98", "size": "1050", "side": "SELL", "hash": "ae9bff1bd3e512d0370f1056b94ac2b2174d26c5", "best_bid": "0.74", "best_ask": "0.76"}], "timestamp": "1769384020214", "event_type": "price_change"}}
{"_local_timestamp": "2026-01-25T23:33:40.412272+00:00", "data": {"market": "0x7209592f294c2b3a7230ea66a4483ecfe1a57ae79144e5e735654829e00cfc68", "price_changes": [{"asset_id": "86136836547770521111743494575582395458930966240091848908759010720929112549108", "price": "0.05", "size": "1040", "side": "BUY", "hash": "322ed4bcd7d2055d4cb05b88a7c4bbcaa91f28ce", "best_bid": "0.24", "best_ask": "0.26"}, {"asset_id": "35608595602971585131748334524997534059288005974951964270070510209825391272871", "price": "0.95", "size": "1040", "side": "SELL", "hash": "ae9bff1bd3e512d0370f1056b94ac2b2174d26c5", "best_bid": "0.74", "best_ask": "0.76"}], "timestamp": "1769384020214", "event_type": "price_change"}}
{"_local_timestamp": "2026-01-25T23:33:40.414524+00:00", "data": {"market": "0x7209592f294c2b3a7230ea66a4483ecfe1a57ae79144e5e735654829e00cfc68", "price_changes": [{"asset_id": "86136836547770521111743494575582395458930966240091848908759010720929112549108", "price": "0.08", "size": "0", "side": "BUY", "hash": "322ed4bcd7d2055d4cb05b88a7c4bbcaa91f28ce", "best_bid": "0.24", "best_ask": "0.26"}, {"asset_id": "35608595602971585131748334524997534059288005974951964270070510209825391272871", "price": "0.92", "size": "0", "side": "SELL", "hash": "ae9bff1bd3e512d0370f1056b94ac2b2174d26c5", "best_bid": "0.74", "best_ask": "0.76"}], "timestamp": "1769384020214", "event_type": "price_change"}}
{"_local_timestamp": "2026-01-25T23:33:40.565329+00:00", "data": {"market": "0x7209592f294c2b3a7230ea66a4483ecfe1a57ae79144e5e735654829e00cfc68", "price_changes": [{"asset_id": "86136836547770521111743494575582395458930966240091848908759010720929112549108", "price": "0.02", "size": "1057.13", "side": "BUY", "hash": "c7b0f804d061d72961f64be834f62c52775f46aa", "best_bid": "0.24", "best_ask": "0.26"}, {"asset_id": "35608595602971585131748334524997534059288005974951964270070510209825391272871", "price": "0.98", "size": "1057.13", "side": "SELL", "hash": "9f6c331191033592b070b456af8349ec1e8b54dd", "best_bid": "0.74", "best_ask": "0.76"}], "timestamp": "1769384020491", "event_type": "price_change"}}
{"_local_timestamp": "2026-01-25T23:33:40.565862+00:00", "data": {"market": "0x7209592f294c2b3a7230ea66a4483ecfe1a57ae79144e5e735654829e00cfc68", "price_changes": [{"asset_id": "86136836547770521111743494575582395458930966240091848908759010720929112549108", "price": "0.09", "size": "11.83", "side": "BUY", "hash": "a9514dfd31f059fbe16116a9081297daad5d0457", "best_bid": "0.24", "best_ask": "0.26"}, {"asset_id": "35608595602971585131748334524997534059288005974951964270070510209825391272871", "price": "0.91", "size": "11.83", "side": "SELL", "hash": "6ed6e1cc0415f8480019217f5e32d00296fdd8d2", "best_bid": "0.74", "best_ask": "0.76"}], "timestamp": "1769384020492", "event_type": "price_change"}}
{"_local_timestamp": "2026-01-25T23:33:40.566846+00:00", "data": {"market": "0x7209592f294c2b3a7230ea66a4483ecfe1a57ae79144e5e735654829e00cfc68", "price_changes": [{"asset_id": "86136836547770521111743494575582395458930966240091848908759010720929112549108", "price": "0.04", "size": "558.29", "side": "BUY", "hash": "88755a4ce7d7ab3bf02cd307059966b31982124a", "best_bid": "0.24", "best_ask": "0.26"}, {"asset_id": "35608595602971585131748334524997534059288005974951964270070510209825391272871", "price": "0.96", "size": "558.29", "side": "SELL", "hash": "6d9df4bcd1bf3b804d1d3b3cbab6300def376793", "best_bid": "0.74", "best_ask": "0.76"}], "timestamp": "1769384020493", "event_type": "price_change"}}
