{"_local_timestamp": "2026-01-25T23:33:17.923728+00:00", "data": [{"market": "0xab6fb278f753c6c10479d71429d3ef53ed213ddd208b9f4381cecd8db393974c", "asset_id": "112000997367369775705892760747740706713090189173150311174658104010356449962658", "timestamp": "1769383799925", "hash": "6278694aab45367af3776371caa54f7fbfeb6b70", "bids": [{"price": "0.01", "size": "2000"}, {"price": "0.02", "size": "763.46"}, {"price": "0.03", "size": "675.53"}, {"price": "0.04", "size": "961.87"}, {"price": "0.05", "size": "855.41"}, {"price": "0.06", "size": "277.75"}], "asks": [{"price": "0.99", "size": "7514.31"}, {"price": "0.98", "size": "3000"}, {"price": "0.97", "size": "373.07"}, {"price": "0.96", "size": "6.51"}, {"price": "0.95", "size": "30"}, {"price": "0.94", "size": "33"}, {"price": "0.93", "size": "52.74"}, {"price": "0.91", "size": "1400"}, {"price": "0.9", "size": "36.92"}, {"price": "0.89", "size": "5.42"}, {"price": "0.86", "size": "268.49"}, {"price": "0.85", "size": "550"}, {"price": "0.84", "size": "23.07"}, {"price": "0.81", "size": "168.42"}, {"price": "0.8", "size": "500"}, {"price": "0.79", "size": "910"}, {"price": "0.77", "size": "121.73"}, {"price": "0.73", "size": "2550"}, {"price": "0.72", "size": "1590.85"}, {"price": "0.71", "size": "147.3"}, {"price": "0.67", "size": "72.72"}, {"price": "0.63", "size": "217.89"}, {"price": "0.62", "size": "52.63"}, {"price": "0.55", "size": "3640"}, {"price": "0.54", "size": "1304"}, {"price": "0.45", "size": "1274.34"}, {"price": "0.44", "size": "200"}, {"price": "0.43", "size": "5"}, {"price": "0.25", "size": "400"}, {"price": "0.24", "size": "100"}, {"price": "0.17", "size": "20"}, {"price": "0.16", "size": "5"}, {"price": "0.15", "size": "10"}, {"price": "0.14", "size": "255"}, {"price": "0.13", "size": "110"}, {"price": "0.1", "size": "1021.26"}, {"price": "0.09", "size": "915"}, {"price": "0.08", "size": "202.59"}], "event_type": "book", "last_trade_price": "0.060"}, {"market": "0xab6fb278f753c6c10479d71429d3ef53ed213ddd208b9f4381cecd8db393974c", "asset_id": "38866455815587878378722453945405800333983041821938932743625970338528647654130", "timestamp": "1769383799925", "hash": "caff7d5d5026510d20d03cb0e116f0bb6fbe0475", "bids": [{"price": "0.01", "size": "7514.31"}, {"price": "0.02", "size": "3000"}, {"price": "0.03", "size": "373.07"}, {"price": "0.04", "size": "6.51"}, {"price": "0.05", "size": "30"}, {"price": "0.06", "size": "33"}, {"price": "0.07", "size": "52.74"}, {"price": "0.09", "size": "1400"}, {"price": "0.1", "size": "36.92"}, {"price": "0.11", "size": "5.42"}, {"price": "0.14", "size": "268.49"}, {"price": "0.15", "size": "550"}, {"price": "0.16", "size": "23.07"}, {"price": "0.19", "size": "168.42"}, {"price": "0.2", "size": "500"}, {"price": "0.21", "size": "910"}, {"price": "0.23", "size": "121.73"}, {"price": "0.27", "size": "2550"}, {"price": "0.28", "size": "1590.85"}, {"price": "0.29", "size": "147.3"}, {"price": "0.33", "size": "72.72"}, {"price": "0.37", "size": "217.89"}, {"price": "0.38", "size": "52.63"}, {"price": "0.45", "size": "3640"}, {"price": "0.46", "size": "1304"}, {"price": "0.55", "size": "1274.34"}, {"price": "0.56", "size": "200"}, {"price": "0.57", "size": "5"}, {"price": "0.75", "size": "400"}, {"price": "0.76", "size": "100"}, {"price": "0.83", "size": "20"}, {"price": "0.84", "size": "5"}, {"price": "0.85", "size": "10"}, {"price": "0.86", "size": "255"}, {"price": "0.87", "size": "110"}, {"price": "0.9", "size": "1021.26"}, {"price": "0.91", "size": "915"}, {"price": "0.92", "size": "202.59"}], "asks": [{"price": "0.99", "size": "2000"}, {"price": "0.98", "size": "763.46"}, {"price": "0.97", "size": "675.53"}, {"price": "0.96", "size": "961.87"}, {"price": "0.95", "size": "855.41"}, {"price": "0.94", "size": "277.75"}], "event_type": "book", "last_trade_price": "0.060"}]}
{"_local_timestamp": "2026-01-25T23:34:55.885282+00:00", "data": {"market": "0xab6fb278f753c6c10479d71429d3ef53ed213ddd208b9f4381cecd8db393974c", "price_changes": [{"asset_id": "112000997367369775705892760747740706713090189173150311174658104010356449962658", "price": "0.02", "size": "750", "side": "BUY", "hash": "399eb9a2df2f5b252b8b2636ddb58d5156a2e42a", "best_bid": "0.06", "best_ask": "0.08"}, {"asset_id": "38866455815587878378722453945405800333983041821938932743625970338528647654130", "price": "0.98", "size": "750", "side": "SELL", "hash": "b4017e11be3a0a1eac4a126da2dd4ba71cc9093b", "best_bid": "0.92", "best_ask": "0.94"}], "timestamp": "1769384095782", "event_type": "price_change"}}
{"_local_timestamp": "2026-01-25T23:34:55.888391+00:00", "data": {"market": "0xab6fb278f753c6c10479d71429d3ef53ed213ddd208b9f4381cecd8db393974c", "price_changes": [{"asset_id": "112000997367369775705892760747740706713090189173150311174658104010356449962658", "price": "0.04", "size": "950", "side": "BUY", "hash": "399eb9a2df2f5b252b8b2636ddb58d5156a2e42a", "best_bid": "0.06", "best_ask": "0.08"}, {"asset_id": "38866455815587878378722453945405800333983041821938932743625970338528647654130", "price": "0.96", "size": "950", "side": "SELL", "hash": "b4017e11be3a0a1eac4a126da2dd4ba71cc9093b", "best_bid": "0.92", "best_ask": "0.94"}], "timestamp": "1769384095782", "event_type": "price_change"}}
{"_local_timestamp": "2026-01-25T23:34:56.240847+00:00", "data": {"market": "0xab6fb278f753c6c10479d71429d3ef53ed213ddd208b9f4381cecd8db393974c", "price_changes": [{"asset_id": "112000997367369775705892760747740706713090189173150311174658104010356449962658", "price": "0.04", "size": "961.87", "side": "BUY", "hash": "54a9d5deda4b761c834f32e6df31f3f876408ede", "best_bid": "0.06", "best_ask": "0.08"}, {"asset_id": "38866455815587878378722453945405800333983041821938932743625970338528647654130", "price": "0.96", "size": "961.87", "side": "SELL", "hash": "4b371de9937e43129ba2595a8a0d7aa970afc4fc", "best_bid": "0.92", "best_ask": "0.94"}], "timestamp": "1769384096147", "event_type": "price_change"}}
{"_local_timestamp": "2026-01-25T23:34:56.262247+00:00", "data": {"market": "0xab6fb278f753c6c10479d71429d3ef53ed213ddd208b9f4381cecd8db393974c", "price_changes": [{"asset_id": "112000997367369775705892760747740706713090189173150311174658104010356449962658", "price": "0.02", "size": "763.46", "side": "BUY", "hash": "7e5f44512833d079847048c96a1844c89b474fcf", "best_bid": "0.06", "best_ask": "0.08"}, {"asset_id": "38866455815587878378722453945405800333983041821938932743625970338528647654130", "price": "0.98", "size": "763.46", "side": "SELL", "hash": "e295e3903fb6f819b7becdf51fd51b9785453d64", "best_bid": "0.92", "best_ask": "0.94"}], "timestamp": "1769384096156", "event_type": "price_change"}}
