{"_local_timestamp": "2026-01-25T23:33:48.184644+00:00", "data": [{"market": "0xc71ae60417a812b0a16d7eca04bbd5db4a330a56b3c8cb4fe254f2a7b77207f3", "asset_id": "46179339716073735090378675674664043208832842430526090272895953783274864770185", "timestamp": "1769384020565", "hash": "6561f091e386c453589149b81d611b9d3cab1c8f", "bids": [{"price": "0.01", "size": "5609.76"}, {"price": "0.02", "size": "2200"}, {"price": "0.03", "size": "9.12"}, {"price": "0.05", "size": "30"}, {"price": "0.08", "size": "1250"}, {"price": "0.09", "size": "6.98"}, {"price": "0.13", "size": "261.53"}, {"price": "0.14", "size": "550"}, {"price": "0.17", "size": "188.23"}, {"price": "0.2", "size": "455"}, {"price": "0.21", "size": "893.33"}, {"price": "0.22", "size": "2108"}, {"price": "0.25", "size": "5"}, {"price": "0.26", "size": "100"}, {"price": "0.27", "size": "105"}, {"price": "0.28", "size": "357"}, {"price": "0.3", "size": "80"}, {"price": "0.34", "size": "183.82"}, {"price": "0.55", "size": "20"}, {"price": "0.6", "size": "500"}, {"price": "0.71", "size": "18.3"}, {"price": "0.72", "size": "15.27"}, {"price": "0.78", "size": "380.97"}, {"price": "0.79", "size": "800"}, {"price": "0.81", "size": "1050"}, {"price": "0.82", "size": "180"}, {"price": "0.83", "size": "1219.08"}], "asks": [{"price": "0.99", "size": "4606.97"}, {"price": "0.98", "size": "3077.2"}, {"price": "0.97", "size": "11.77"}, {"price": "0.96", "size": "1500"}, {"price": "0.94", "size": "216.66"}, {"price": "0.93", "size": "78.57"}, {"price": "0.92", "size": "7.21"}, {"price": "0.88", "size": "55"}, {"price": "0.87", "size": "500"}, {"price": "0.86", "size": "550"}, {"price": "0.85", "size": "18338.14"}], "event_type": "book", "last_trade_price": "0.840"}, {"market": "0xc71ae60417a812b0a16d7eca04bbd5db4a330a56b3c8cb4fe254f2a7b77207f3", "asset_id": "100441399760622064650840625494872216181329090159239475460428335733835379523137", "timestamp": "1769384020565", "hash": "19eb8987902d091380ada8151d891295baba3a33", "bids": [{"price": "0.01", "size": "4606.97"}, {"price": "0.02", "size": "3077.2"}, {"price": "0.03", "size": "11.77"}, {"price": "0.04", "size": "1500"}, {"price": "0.06", "size": "216.66"}, {"price": "0.07", "size": "78.57"}, {"price": "0.08", "size": "7.21"}, {"price": "0.12", "size": "55"}, {"price": "0.13", "size": "500"}, {"price": "0.14", "size": "550"}, {"price": "0.15", "size": "18338.14"}], "asks": [{"price": "0.99", "size": "5609.76"}, {"price": "0.98", "size": "2200"}, {"price": "0.97", "size": "9.12"}, {"price": "0.95", "size": "30"}, {"price": "0.92", "size": "1250"}, {"price": "0.91", "size": "6.98"}, {"price": "0.87", "size": "261.53"}, {"price": "0.86", "size": "550"}, {"price": "0.83", "size": "188.23"}, {"price": "0.8", "size": "455"}, {"price": "0.79", "size": "893.33"}, {"price": "0.78", "size": "2108"}, {"price": "0.75", "size": "5"}, {"price": "0.74", "size": "100"}, {"price": "0.73", "size": "105"}, {"price": "0.72", "size": "357"}, {"price": "0.7", "size": "80"}, {"price": "0.66", "size": "183.82"}, {"price": "0.45", "size": "20"}, {"price": "0.4", "size": "500"}, {"price": "0.29", "size": "18.3"}, {"price": "0.28", "size": "15.27"}, {"price": "0.22", "size": "380.97"}, {"price": "0.21", "size": "800"}, {"price": "0.19", "size": "1050"}, {"price": "0.18", "size": "180"}, {"price": "0.17", "size": "1219.08"}], "event_type": "book", "last_trade_price": "0.840"}, {"market": "0xfa13efa033b68c664ba009a6187cb337969ee45f418f0958b4d3654a345c79ea", "asset_id": "14198420664819580603238555810652932631588491733675417168465407739911632492677", "timestamp": "1769384027414", "hash": "2ca7c63098ad6085f3eb8ee01489df4950f84a34", "bids": [{"price": "0.01", "size": "19300"}, {"price": "0.02", "size": "258.25"}, {"price": "0.03", "size": "14.95"}, {"price": "0.05", "size": "2080"}, {"price": "0.06", "size": "10948.6"}, {"price": "0.07", "size": "658"}, {"price": "0.08", "size": "1369.68"}, {"price": "0.09", "size": "0.39"}], "asks": [{"price": "0.99", "size": "7364.21"}, {"price": "0.98", "size": "2200"}, {"price": "0.97", "size": "250"}, {"price": "0.96", "size": "5.68"}, {"price": "0.95", "size": "30"}, {"price": "0.94", "size": "33"}, {"price": "0.91", "size": "1200"}, {"price": "0.9", "size": "6.3"}, {"price": "0.86", "size": "242.85"}, {"price": "0.85", "size": "600"}, {"price": "0.82", "size": "177.77"}, {"price": "0.8", "size": "400"}, {"price": "0.78", "size": "735"}, {"price": "0.77", "size": "2147.73"}, {"price": "0.72", "size": "142.85"}, {"price": "0.71", "size": "150"}, {"price": "0.68", "size": "75"}, {"price": "0.63", "size": "54.05"}, {"price": "0.61", "size": "1663"}, {"price": "0.44", "size": "3000"}, {"price": "0.28", "size": "1000"}, {"price": "0.2", "size": "10"}, {"price": "0.12", "size": "2833"}, {"price": "0.11", "size": "1747.1"}, {"price": "0.1", "size": "1079.36"}], "event_type": "book", "last_trade_price": "0.100"}, {"market": "0xfa13efa033b68c664ba009a6187cb337969ee45f418f0958b4d3654a345c79ea", "asset_id": "6969505512906397892758093530201478472799952923489958561611143885815628277167", "timestamp": "1769384027414", "hash": "8c635326d3b158e712597622cd01622d2967fba3", "bids": [{"price": "0.01", "size": "7364.21"}, {"price": "0.02", "size": "2200"}, {"price": "0.03", "size": "250"}, {"price": "0.04", "size": "5.68"}, {"price": "0.05", "size": "30"}, {"price": "0.06", "size": "33"}, {"price": "0.09", "size": "1200"}, {"price": "0.1", "size": "6.3"}, {"price": "0.14", "size": "242.85"}, {"price": "0.15", "size": "600"}, {"price": "0.18", "size": "177.77"}, {"price": "0.2", "size": "400"}, {"price": "0.22", "size": "735"}, {"price": "0.23", "size": "2147.73"}, {"price": "0.28", "size": "142.85"}, {"price": "0.29", "size": "150"}, {"price": "0.32", "size": "75"}, {"price": "0.37", "size": "54.05"}, {"price": "0.39", "size": "1663"}, {"price": "0.56", "size": "3000"}, {"price": "0.72", "size": "1000"}, {"price": "0.8", "size": "10"}, {"price": "0.88", "size": "2833"}, {"price": "0.89", "size": "1747.1"}, {"price": "0.9", "size": "1079.36"}], "asks": [{"price": "0.99", "size": "19300"}, {"price": "0.98", "size": "258.25"}, {"price": "0.97", "size": "14.95"}, {"price": "0.95", "size": "2080"}, {"price": "0.94", "size": "10948.6"}, {"price": "0.93", "size": "658"}, {"price": "0.92", "size": "1369.68"}, {"price": "0.91", "size": "0.39"}], "event_type": "book", "last_trade_price": "0.100"}]}
{"_local_timestamp": "2026-01-25T23:33:49.925325+00:00", "data": {"market": "0xfa13efa033b68c664ba009a6187cb337969ee45f418f0958b4d3654a345c79ea", "price_changes": [{"asset_id": "14198420664819580603238555810652932631588491733675417168465407739911632492677", "price": "0.08", "size": "1359.68", "side": "BUY", "hash": "176ffa9a8686f9556d51246aa04c8b6d092acc09", "best_bid": "0.09", "best_ask": "0.1"}, {"asset_id": "6969505512906397892758093530201478472799952923489958561611143885815628277167", "price": "0.92", "size": "1359.68", "side": "SELL", "hash": "e473f886859909ae8b21521c822f39d3de55f0c3", "best_bid": "0.9", "best_ask": "0.91"}], "timestamp": "1769384029854", "event_type": "price_change"}}
{"_local_timestamp": "2026-01-25T23:33:51.334484+00:00", "data": {"market": "0xfa13efa033b68c664ba009a6187cb337969ee45f418f0958b4d3654a345c79ea", "price_changes": [{"asset_id": "6969505512906397892758093530201478472799952923489958561611143885815628277167", "price": "0.89", "size": "1757.1", "side": "BUY", "hash": "fee964e331739cf612fe7fde7e18e3216ff664c0", "best_bid": "0.9", "best_ask": "0.91"}, {"asset_id": "14198420664819580603238555810652932631588491733675417168465407739911632492677", "price": "0.11", "size": "1757.1", "side": "SELL", "hash": "c6658a6e8fcf5738f9cdc6392dceb7fb919aba8d", "best_bid": "0.09", "best_ask": "0.1"}], "timestamp": "1769384031265", "event_type": "price_change"}}
{"_local_timestamp": "2026-01-25T23:33:56.334333+00:00", "data": {"market": "0xfa13efa033b68c664ba009a6187cb337969ee45f418f0958b4d3654a345c79ea", "price_changes": [{"asset_id": "6969505512906397892758093530201478472799952923489958561611143885815628277167", "price": "0.89", "size": "1747.1", "side": "BUY", "hash": "de75ae4090391d5d6c24c50c651b3933128a2428", "best_bid": "0.9", "best_ask": "0.91"}, {"asset_id": "14198420664819580603238555810652932631588491733675417168465407739911632492677", "price": "0.11", "size": "1747.1", "side": "SELL", "hash": "670e9088f990e9c69c4b0d2e7569060aed806e4f", "best_bid": "0.09", "best_ask": "0.1"}], "timestamp": "1769384036256", "event_type": "price_change"}}
{"_local_timestamp": "2026-01-25T23:33:57.767555+00:00", "data": {"market": "0xfa13efa033b68c664ba009a6187cb337969ee45f418f0958b4d3654a345c79ea", "price_changes": [{"asset_id": "14198420664819580603238555810652932631588491733675417168465407739911632492677", "price": "0.08", "size": "1369.68", "side": "BUY", "hash": "8b0e5e062f1782463f88a60ec822cc5f2bcacaca", "best_bid": "0.09", "best_ask": "0.1"}, {"asset_id": "6969505512906397892758093530201478472799952923489958561611143885815628277167", "price": "0.92", "size": "1369.68", "side": "SELL", "hash": "fb282db65024bff23f943b678a7fe7841576e0fa", "best_bid": "0.9", "best_ask": "0.91"}], "timestamp": "1769384037698", "event_type": "price_change"}}
{"_local_timestamp": "2026-01-25T23:33:57.838676+00:00", "data": {"market": "0xfa13efa033b68c664ba009a6187cb337969ee45f418f0958b4d3654a345c79ea", "price_changes": [{"asset_id": "14198420664819580603238555810652932631588491733675417168465407739911632492677", "price": "0.08", "size": "1359.68", "side": "BUY", "hash": "3d874a6a6ba4e8a644db8514ef9340187ec5b96a", "best_bid": "0.09", "best_ask": "0.1"}, {"asset_id": "6969505512906397892758093530201478472799952923489958561611143885815628277167", "price": "0.92", "size": "1359.68", "side": "SELL", "hash": "438d5dc5484f639416452907616a1f74d257869f", "best_bid": "0.9", "best_ask": "0.91"}], "timestamp": "1769384037770", "event_type": "price_change"}}
{"_local_timestamp": "2026-01-25T23:34:00.586433+00:00", "data": {"market": "0xfa13efa033b68c664ba009a6187cb337969ee45f418f0958b4d3654a345c79ea", "price_changes": [{"asset_id": "6969505512906397892758093530201478472799952923489958561611143885815628277167", "price": "0.89", "size": "1757.1", "side": "BUY", "hash": "f26057fccef18a9d03d91d79b057ee8a33b15316", "best_bid": "0.9", "best_ask": "0.91"}, {"asset_id": "14198420664819580603238555810652932631588491733675417168465407739911632492677", "price": "0.11", "size": "1757.1", "side": "SELL", "hash": "55595af36635ef4810b8a3683cf78ab3e161f619", "best_bid": "0.09", "best_ask": "0.1"}], "timestamp": "1769384040517", "event_type": "price_change"}}
{"_local_timestamp": "2026-01-25T23:34:06.488178+00:00", "data": {"market": "0xfa13efa033b68c664ba009a6187cb337969ee45f418f0958b4d3654a345c79ea", "price_changes": [{"asset_id": "6969505512906397892758093530201478472799952923489958561611143885815628277167", "price": "0.89", "size": "1747.1", "side": "BUY", "hash": "966400d707db7d1e103e1679f56ace1dc54f6016", "best_bid": "0.9", "best_ask": "0.91"}, {"asset_id": "14198420664819580603238555810652932631588491733675417168465407739911632492677", "price": "0.11", "size": "1747.1", "side": "SELL", "hash": "6109e16098d2fc79e90caa7223e2089a3f1fd370", "best_bid": "0.09", "best_ask": "0.1"}], "timestamp": "1769384046407", "event_type": "price_change"}}
{"_local_timestamp": "2026-01-25T23:34:08.137906+00:00", "data": {"market": "0xfa13efa033b68c664ba009a6187cb337969ee45f418f0958b4d3654a345c79ea", "price_changes": [{"asset_id": "6969505512906397892758093530201478472799952923489958561611143885815628277167", "price": "0.89", "size": "1757.1", "side": "BUY", "hash": "c630a425c8ec2cf3393de372cbd4233371bd4e59", "best_bid": "0.9", "best_ask": "0.91"}, {"asset_id": "14198420664819580603238555810652932631588491733675417168465407739911632492677", "price": "0.11", "size": "1757.1", "side": "SELL", "hash": "5baca0e4c32ce99b8f7003e8e024ef2df5e3575c", "best_bid": "0.09", "best_ask": "0.1"}], "timestamp": "1769384048023", "event_type": "price_change"}}
{"_local_timestamp": "2026-01-25T23:34:08.283318+00:00", "data": {"market": "0xfa13efa033b68c664ba009a6187cb337969ee45f418f0958b4d3654a345c79ea", "price_changes": [{"asset_id": "6969505512906397892758093530201478472799952923489958561611143885815628277167", "price": "0.89", "size": "1747.1", "side": "BUY", "hash": "e9d80af29dc495eaab106ebfc52ad50fc1ea4924", "best_bid": "0.9", "best_ask": "0.91"}, {"asset_id": "14198420664819580603238555810652932631588491733675417168465407739911632492677", "price": "0.11", "size": "1747.1", "side": "SELL", "hash": "b18940960fb3450a89c9b52f0292763749bfe93a", "best_bid": "0.09", "best_ask": "0.1"}], "timestamp": "1769384048210", "event_type": "price_change"}}
{"_local_timestamp": "2026-01-25T23:34:08.322968+00:00", "data": {"market": "0xfa13efa033b68c664ba009a6187cb337969ee45f418f0958b4d3654a345c79ea", "price_changes": [{"asset_id": "14198420664819580603238555810652932631588491733675417168465407739911632492677", "price": "0.08", "size": "1369.68", "side": "BUY", "hash": "402271b0509dff0ddf10eac3455e643b25457de3", "best_bid": "0.09", "best_ask": "0.1"}, {"asset_id": "6969505512906397892758093530201478472799952923489958561611143885815628277167", "price": "0.92", "size": "1369.68", "side": "SELL", "hash": "ffa52bcbc02935cecce20364942ea94f690fec68", "best_bid": "0.9", "best_ask": "0.91"}], "timestamp": "1769384048256", "event_type": "price_change"}}
{"_local_timestamp": "2026-01-25T23:34:12.858177+00:00", "data": {"market": "0xfa13efa033b68c664ba009a6187cb337969ee45f418f0958b4d3654a345c79ea", "price_changes": [{"asset_id": "14198420664819580603238555810652932631588491733675417168465407739911632492677", "price": "0.08", "size": "1359.68", "side": "BUY", "hash": "bac43baa0fc63d50e13681a20b5fd566c47144cd", "best_bid": "0.09", "best_ask": "0.1"}, {"asset_id": "6969505512906397892758093530201478472799952923489958561611143885815628277167", "price": "0.92", "size": "1359.68", "side": "SELL", "hash": "1cb11cc1930cfc922e2db4d7f5a9c4b469053853", "best_bid": "0.9", "best_ask": "0.91"}], "timestamp": "1769384052789", "event_type": "price_change"}}
{"_local_timestamp": "2026-01-25T23:34:14.957403+00:00", "data": {"market": "0xfa13efa033b68c664ba009a6187cb337969ee45f418f0958b4d3654a345c79ea", "price_changes": [{"asset_id": "6969505512906397892758093530201478472799952923489958561611143885815628277167", "price": "0.89", "size": "1757.1", "side": "BUY", "hash": "4a1d243f4aa210953065331b0d292e1c2e2d14cf", "best_bid": "0.9", "best_ask": "0.91"}, {"asset_id": "14198420664819580603238555810652932631588491733675417168465407739911632492677", "price": "0.11", "size": "1757.1", "side": "SELL", "hash": "e33adad79ea6f62c4f11ed00ea7cb54a24813ecb", "best_bid": "0.09", "best_ask": "0.1"}], "timestamp": "1769384054872", "event_type": "price_change"}}
{"_local_timestamp": "2026-01-25T23:34:17.662261+00:00", "data": {"market": "0xfa13efa033b68c664ba009a6187cb337969ee45f418f0958b4d3654a345c79ea", "price_changes": [{"asset_id": "6969505512906397892758093530201478472799952923489958561611143885815628277167", "price": "0.89", "size": "1747.1", "side": "BUY", "hash": "3dc727845f6cfd8fe83836d6511f3713f9b9d215", "best_bid": "0.9", "best_ask": "0.91"}, {"asset_id": "14198420664819580603238555810652932631588491733675417168465407739911632492677", "price": "0.11", "size": "1747.1", "side": "SELL", "hash": "db57bff61426a84ce6d1e83475f5b02af2a52788", "best_bid": "0.09", "best_ask": "0.1"}], "timestamp": "1769384057590", "event_type": "price_change"}}
{"_local_timestamp": "2026-01-25T23:34:18.701738+00:00", "data": {"market": "0xfa13efa033b68c664ba009a6187cb337969ee45f418f0958b4d3654a345c79ea", "price_changes": [{"asset_id": "14198420664819580603238555810652932631588491733675417168465407739911632492677", "price": "0.08", "size": "1369.68", "side": "BUY", "hash": "fddbe8b3419f5605cab1e232279b3bb655087ec6", "best_bid": "0.09", "best_ask": "0.1"}, {"asset_id": "6969505512906397892758093530201478472799952923489958561611143885815628277167", "price": "0.92", "size": "1369.68", "side": "SELL", "hash": "2a54585ab93ffcf15ab792d8c7840249b0839b51", "best_bid": "0.9", "best_ask": "0.91"}], "timestamp": "1769384058630", "event_type": "price_change"}}
{"_local_timestamp": "2026-01-25T23:34:18.893033+00:00", "data": {"market": "0xfa13efa033b68c664ba009a6187cb337969ee45f418f0958b4d3654a345c79ea", "price_changes": [{"asset_id": "14198420664819580603238555810652932631588491733675417168465407739911632492677", "price": "0.08", "size": "1359.68", "side": "BUY", "hash": "846ca2360b075e5c5e6bc075bb2b1c70a8d40307", "best_bid": "0.09", "best_ask": "0.1"}, {"asset_id": "6969505512906397892758093530201478472799952923489958561611143885815628277167", "price": "0.92", "size": "1359.68", "side": "SELL", "hash": "dcaea284fded7c4c046bda2c06eec45c452f850c", "best_bid": "0.9", "best_ask": "0.91"}], "timestamp": "1769384058819", "event_type": "price_change"}}
{"_local_timestamp": "2026-01-25T23:34:19.000504+00:00", "data": {"market": "0xfa13efa033b68c664ba009a6187cb337969ee45f418f0958b4d3654a345c79ea", "price_changes": [{"asset_id": "6969505512906397892758093530201478472799952923489958561611143885815628277167", "price": "0.89", "size": "1757.1", "side": "BUY", "hash": "932584a5fed2d6645c8fc65a2bb403d1ae23a7d2", "best_bid": "0.9", "best_ask": "0.91"}, {"asset_id": "14198420664819580603238555810652932631588491733675417168465407739911632492677", "price": "0.11", "size": "1757.1", "side": "SELL", "hash": "61fd3342e75c7be2f9e2a1477e8264d28e91920b", "best_bid": "0.09", "best_ask": "0.1"}], "timestamp": "1769384058931", "event_type": "price_change"}}
{"_local_timestamp": "2026-01-25T23:34:20.501316+00:00", "data": {"market": "0xfa13efa033b68c664ba009a6187cb337969ee45f418f0958b4d3654a345c79ea", "price_changes": [{"asset_id": "6969505512906397892758093530201478472799952923489958561611143885815628277167", "price": "0.89", "size": "1747.1", "side": "BUY", "hash": "c3e963c6432a54168f8a1326428859b6dce2d76e", "best_bid": "0.9", "best_ask": "0.91"}, {"asset_id": "14198420664819580603238555810652932631588491733675417168465407739911632492677", "price": "0.11", "size": "1747.1", "side": "SELL", "hash": "e5b2010fdb0832c86739098ccf80679e63a6703d", "best_bid": "0.09", "best_ask": "0.1"}], "timestamp": "1769384060424", "event_type": "price_change"}}
{"_local_timestamp": "2026-01-25T23:34:21.162180+00:00", "data": {"market": "0xfa13efa033b68c664ba009a6187cb337969ee45f418f0958b4d3654a345c79ea", "price_changes": [{"asset_id": "14198420664819580603238555810652932631588491733675417168465407739911632492677", "price": "0.08", "size": "1369.68", "side": "BUY", "hash": "c5780a15111a8636b780af964bda1d476f8496ab", "best_bid": "0.09", "best_ask": "0.1"}, {"asset_id": "6969505512906397892758093530201478472799952923489958561611143885815628277167", "price": "0.92", "size": "1369.68", "side": "SELL", "hash": "1ab98697e7138b0a513224928d3ded0c4c964066", "best_bid": "0.9", "best_ask": "0.91"}], "timestamp": "1769384061092", "event_type": "price_change"}}
{"_local_timestamp": "2026-01-25T23:34:21.321613+00:00", "data": {"market": "0xfa13efa033b68c664ba009a6187cb337969ee45f418f0958b4d3654a345c79ea", "price_changes": [{"asset_id": "14198420664819580603238555810652932631588491733675417168465407739911632492677", "price": "0.08", "size": "1359.68", "side": "BUY", "hash": "8b030dbfc8d34c70bc6b5eaf3c43d6694d9a0091", "best_bid": "0.09", "best_ask": "0.1"}, {"asset_id": "6969505512906397892758093530201478472799952923489958561611143885815628277167", "price": "0.92", "size": "1359.68", "side": "SELL", "hash": "36e4f552db9e7d2424eb8c5f56fe88beb23b4eca", "best_bid": "0.9", "best_ask": "0.91"}], "timestamp": "1769384061234", "event_type": "price_change"}}
{"_local_timestamp": "2026-01-25T23:34:21.340240+00:00", "data": {"market": "0xfa13efa033b68c664ba009a6187cb337969ee45f418f0958b4d3654a345c79ea", "price_changes": [{"asset_id": "14198420664819580603238555810652932631588491733675417168465407739911632492677", "price": "0.08", "size": "1369.68", "side": "BUY", "hash": "4af3b03d6ee9e713fb1767f5e85ec9418e0dfda3", "best_bid": "0.09", "best_ask": "0.1"}, {"asset_id": "6969505512906397892758093530201478472799952923489958561611143885815628277167", "price": "0.92", "size": "1369.68", "side": "SELL", "hash": "691d187fb473fc67b9eca7f1177fa76d6dccc669", "best_bid": "0.9", "best_ask": "0.91"}], "timestamp": "1769384061253", "event_type": "price_change"}}
{"_local_timestamp": "2026-01-25T23:34:25.144508+00:00", "data": {"market": "0xfa13efa033b68c664ba009a6187cb337969ee45f418f0958b4d3654a345c79ea", "price_changes": [{"asset_id": "14198420664819580603238555810652932631588491733675417168465407739911632492677", "price": "0.08", "size": "1359.68", "side": "BUY", "hash": "841e72875250b423098a6ec2d70cdd7f78263c76", "best_bid": "0.09", "best_ask": "0.1"}, {"asset_id": "6969505512906397892758093530201478472799952923489958561611143885815628277167", "price": "0.92", "size": "1359.68", "side": "SELL", "hash": "90745e944a4ffb102cee639505fea0a6cceefcfd", "best_bid": "0.9", "best_ask": "0.91"}], "timestamp": "1769384065075", "event_type": "price_change"}}
{"_local_timestamp": "2026-01-25T23:34:26.773183+00:00", "data": {"market": "0xfa13efa033b68c664ba009a6187cb337969ee45f418f0958b4d3654a345c79ea", "price_changes": [{"asset_id": "6969505512906397892758093530201478472799952923489958561611143885815628277167", "price": "0.89", "size": "1757.1", "side": "BUY", "hash": "69d35a51554cdc5c4247ae533cba93d98a933ef0", "best_bid": "0.9", "best_ask": "0.91"}, {"asset_id": "14198420664819580603238555810652932631588491733675417168465407739911632492677", "price": "0.11", "size": "1757.1", "side": "SELL", "hash": "b4803808262af7cb7fd07a6bda79773c6f9f984f", "best_bid": "0.09", "best_ask": "0.1"}], "timestamp": "1769384066689", "event_type": "price_change"}}
{"_local_timestamp": "2026-01-25T23:34:27.145664+00:00", "data": {"market": "0xfa13efa033b68c664ba009a6187cb337969ee45f418f0958b4d3654a345c79ea", "price_changes": [{"asset_id": "6969505512906397892758093530201478472799952923489958561611143885815628277167", "price": "0.89", "size": "1747.1", "side": "BUY", "hash": "74d52ef854218fcf0df4f7035669b6717fa3167e", "best_bid": "0.9", "best_ask": "0.91"}, {"asset_id": "14198420664819580603238555810652932631588491733675417168465407739911632492677", "price": "0.11", "size": "1747.1", "side": "SELL", "hash": "cc68feb2341fbfa9638d3b5933dd230289610635", "best_bid": "0.09", "best_ask": "0.1"}], "timestamp": "1769384067046", "event_type": "price_change"}}
{"_local_timestamp": "2026-01-25T23:34:27.370522+00:00", "data": {"market": "0xfa13efa033b68c664ba009a6187cb337969ee45f418f0958b4d3654a345c79ea", "price_changes": [{"asset_id": "14198420664819580603238555810652932631588491733675417168465407739911632492677", "price": "0.08", "size": "1369.68", "side": "BUY", "hash": "690508f5927c17db10b1daa92b3d82801bf94f01", "best_bid": "0.09", "best_ask": "0.1"}, {"asset_id": "6969505512906397892758093530201478472799952923489958561611143885815628277167", "price": "0.92", "size": "1369.68", "side": "SELL", "hash": "5dd2750d999c57391eed9d80f6731018c673306d", "best_bid": "0.9", "best_ask": "0.91"}], "timestamp": "1769384067296", "event_type": "price_change"}}
{"_local_timestamp": "2026-01-25T23:34:27.659716+00:00", "data": {"market": "0xfa13efa033b68c664ba009a6187cb337969ee45f418f0958b4d3654a345c79ea", "price_changes": [{"asset_id": "6969505512906397892758093530201478472799952923489958561611143885815628277167", "price": "0.29", "size": "50", "side": "BUY", "hash": "f62baca8e070a7401a1fe750504089d5b3ef627f", "best_bid": "0.9", "best_ask": "0.91"}, {"asset_id": "14198420664819580603238555810652932631588491733675417168465407739911632492677", "price": "0.71", "size": "50", "side": "SELL", "hash": "a60b54d7702fb6bf032965d0aa8ca7cd8e286623", "best_bid": "0.09", "best_ask": "0.1"}], "timestamp": "1769384067564", "event_type": "price_change"}}
{"_local_timestamp": "2026-01-25T23:34:27.660229+00:00", "data": {"market": "0xc71ae60417a812b0a16d7eca04bbd5db4a330a56b3c8cb4fe254f2a7b77207f3", "price_changes": [{"asset_id": "46179339716073735090378675674664043208832842430526090272895953783274864770185", "price": "0.27", "size": "5", "side": "BUY", "hash": "4c74b6168322708261aaa9c349ae1ceda66c2b49", "best_bid": "0.83", "best_ask": "0.85"}, {"asset_id": "100441399760622064650840625494872216181329090159239475460428335733835379523137", "price": "0.73", "size": "5", "side": "SELL", "hash": "3c06df1dcfc9d1dbf3373774e361acace4e7d723", "best_bid": "0.15", "best_ask": "0.17"}], "timestamp": "1769384067564", "event_type": "price_change"}}
{"_local_timestamp": "2026-01-25T23:34:28.316691+00:00", "data": {"market": "0xc71ae60417a812b0a16d7eca04bbd5db4a330a56b3c8cb4fe254f2a7b77207f3", "price_changes": [{"asset_id": "46179339716073735090378675674664043208832842430526090272895953783274864770185", "price": "0.22", "size": "2208", "side": "BUY", "hash": "1567b2b7ea5fb89aad8ccd972e641425d2cef2b1", "best_bid": "0.83", "best_ask": "0.85"}, {"asset_id": "100441399760622064650840625494872216181329090159239475460428335733835379523137", "price": "0.78", "size": "2208", "side": "SELL", "hash": "f0140302be694bfa7722a427b7c4cfb605a26e6f", "best_bid": "0.15", "best_ask": "0.17"}], "timestamp": "1769384068087", "event_type": "price_change"}}
{"_local_timestamp": "2026-01-25T23:34:28.327400+00:00", "data": {"market": "0xfa13efa033b68c664ba009a6187cb337969ee45f418f0958b4d3654a345c79ea", "price_changes": [{"asset_id": "6969505512906397892758093530201478472799952923489958561611143885815628277167", "price": "0.23", "size": "2247.73", "side": "BUY", "hash": "15c324f8243bf2c8b686b59cd6da2f7480fee650", "best_bid": "0.9", "best_ask": "0.91"}, {"asset_id": "14198420664819580603238555810652932631588491733675417168465407739911632492677", "price": "0.77", "size": "2247.73", "side": "SELL", "hash": "3a58323bebdc24357a7e4f702cc719f5c7c917c5", "best_bid": "0.09", "best_ask": "0.1"}], "timestamp": "1769384068086", "event_type": "price_change"}}
{"_local_timestamp": "2026-01-25T23:34:32.405053+00:00", "data": {"market": "0xfa13efa033b68c664ba009a6187cb337969ee45f418f0958b4d3654a345c79ea", "price_changes": [{"asset_id": "14198420664819580603238555810652932631588491733675417168465407739911632492677", "price": "0.08", "size": "1359.68", "side": "BUY", "hash": "a71b9c1f9f1085366686bab6d81c0135421876e2", "best_bid": "0.09", "best_ask": "0.1"}, {"asset_id": "6969505512906397892758093530201478472799952923489958561611143885815628277167", "price": "0.92", "size": "1359.68", "side": "SELL", "hash": "d9d1224e7238f03718494acaa09367696439e5d3", "best_bid": "0.9", "best_ask": "0.91"}], "timestamp": "1769384072317", "event_type": "price_change"}}
{"_local_timestamp": "2026-01-25T23:34:33.526961+00:00", "data": {"market": "0xfa13efa033b68c664ba009a6187cb337969ee45f418f0958b4d3654a345c79ea", "price_changes": [{"asset_id": "6969505512906397892758093530201478472799952923489958561611143885815628277167", "price": "0.89", "size": "1757.1", "side": "BUY", "hash": "82482ec6dcc8974cbbe3d219784739eb61e064ac", "best_bid": "0.9", "best_ask": "0.91"}, {"asset_id": "14198420664819580603238555810652932631588491733675417168465407739911632492677", "price": "0.11", "size": "1757.1", "side": "SELL", "hash": "4efedf1c6857bb8887f0f97304ea55f363f4af40", "best_bid": "0.09", "best_ask": "0.1"}], "timestamp": "1769384073458", "event_type": "price_change"}}
{"_local_timestamp": "2026-01-25T23:34:33.938588+00:00", "data": {"market": "0xfa13efa033b68c664ba009a6187cb337969ee45f418f0958b4d3654a345c79ea", "price_changes": [{"asset_id": "6969505512906397892758093530201478472799952923489958561611143885815628277167", "price": "0.89", "size": "1747.1", "side": "BUY", "hash": "36a0b83587c8665671f26e24d984043f15fe78a6", "best_bid": "0.9", "best_ask": "0.91"}, {"asset_id": "14198420664819580603238555810652932631588491733675417168465407739911632492677", "price": "0.11", "size": "1747.1", "side": "SELL", "hash": "8a783f115a379f74291f150f339ac24d8da861f5", "best_bid": "0.09", "best_ask": "0.1"}], "timestamp": "1769384073868", "event_type": "price_change"}}
{"_local_timestamp": "2026-01-25T23:34:34.798849+00:00", "data": {"market": "0xfa13efa033b68c664ba009a6187cb337969ee45f418f0958b4d3654a345c79ea", "price_changes": [{"asset_id": "6969505512906397892758093530201478472799952923489958561611143885815628277167", "price": "0.89", "size": "1757.1", "side": "BUY", "hash": "a2458d0d708faa5fa9e501db223c84c5baca975c", "best_bid": "0.9", "best_ask": "0.91"}, {"asset_id": "14198420664819580603238555810652932631588491733675417168465407739911632492677", "price": "0.11", "size": "1757.1", "side": "SELL", "hash": "cb90654ca5be689bed50cc6ba52dc0cb1fefb864", "best_bid": "0.09", "best_ask": "0.1"}], "timestamp": "1769384074720", "event_type": "price_change"}}
{"_local_timestamp": "2026-01-25T23:34:34.929570+00:00", "data": {"market": "0xfa13efa033b68c664ba009a6187cb337969ee45f418f0958b4d3654a345c79ea", "price_changes": [{"asset_id": "6969505512906397892758093530201478472799952923489958561611143885815628277167", "price": "0.89", "size": "1747.1", "side": "BUY", "hash": "aefc13f6e4807a8996aab27142a40cab3b7bebd1", "best_bid": "0.9", "best_ask": "0.91"}, {"asset_id": "14198420664819580603238555810652932631588491733675417168465407739911632492677", "price": "0.11", "size": "1747.1", "side": "SELL", "hash": "cc748b709b20e6981616e61e3a1dff31d8c9c042", "best_bid": "0.09", "best_ask": "0.1"}], "timestamp": "1769384074853", "event_type": "price_change"}}
{"_local_timestamp": "2026-01-25T23:34:35.499035+00:00", "data": {"market": "0xfa13efa033b68c664ba009a6187cb337969ee45f418f0958b4d3654a345c79ea", "price_changes": [{"asset_id": "14198420664819580603238555810652932631588491733675417168465407739911632492677", "price": "0.08", "size": "1369.68", "side": "BUY", "hash": "9441c45be638d39b0ffc507552d50c1cd44625bf", "best_bid": "0.09", "best_ask": "0.1"}, {"asset_id": "6969505512906397892758093530201478472799952923489958561611143885815628277167", "price": "0.92", "size": "1369.68", "side": "SELL", "hash": "06c735f9d32a84c9ff5924e1518d78a9f42bede8", "best_bid": "0.9", "best_ask": "0.91"}], "timestamp": "1769384075419", "event_type": "price_change"}}
{"_local_timestamp": "2026-01-25T23:34:36.893828+00:00", "data": {"market": "0xfa13efa033b68c664ba009a6187cb337969ee45f418f0958b4d3654a345c79ea", "price_changes": [{"asset_id": "14198420664819580603238555810652932631588491733675417168465407739911632492677", "price": "0.08", "size": "1379.68", "side": "BUY", "hash": "57526aa308dc7ee768cb8383eb63d61c70188072", "best_bid": "0.09", "best_ask": "0.1"}, {"asset_id": "6969505512906397892758093530201478472799952923489958561611143885815628277167", "price": "0.92", "size": "1379.68", "side": "SELL", "hash": "9e90de8ff8bc4fec6054d235b7e7446c4ada073a", "best_bid": "0.9", "best_ask": "0.91"}], "timestamp": "1769384076819", "event_type": "price_change"}}
{"_local_timestamp": "2026-01-25T23:34:38.914990+00:00", "data": {"market": "0xfa13efa033b68c664ba009a6187cb337969ee45f418f0958b4d3654a345c79ea", "price_changes": [{"asset_id": "14198420664819580603238555810652932631588491733675417168465407739911632492677", "price": "0.08", "size": "1359.68", "side": "BUY", "hash": "e9903957dd97ff104030378de1d06666bdbac950", "best_bid": "0.09", "best_ask": "0.1"}, {"asset_id": "6969505512906397892758093530201478472799952923489958561611143885815628277167", "price": "0.92", "size": "1359.68", "side": "SELL", "hash": "cb0b0c6e4fcc7f0a0d16c81fbf39fccaacac65b4", "best_bid": "0.9", "best_ask": "0.91"}], "timestamp": "1769384078837", "event_type": "price_change"}}
{"_local_timestamp": "2026-01-25T23:34:40.393381+00:00", "data": {"market": "0xfa13efa033b68c664ba009a6187cb337969ee45f418f0958b4d3654a345c79ea", "price_changes": [{"asset_id": "14198420664819580603238555810652932631588491733675417168465407739911632492677", "price": "0.08", "size": "1369.68", "side": "BUY", "hash": "e8be7f78e5298b85cbc53dd2dd49a3d70dd7599c", "best_bid": "0.09", "best_ask": "0.1"}, {"asset_id": "6969505512906397892758093530201478472799952923489958561611143885815628277167", "price": "0.92", "size": "1369.68", "side": "SELL", "hash": "05bd936a384b9618c8534ee2ef8e0fa76836b6b7", "best_bid": "0.9", "best_ask": "0.91"}], "timestamp": "1769384080191", "event_type": "price_change"}}
{"_local_timestamp": "2026-01-25T23:34:40.630562+00:00", "data": {"market": "0xfa13efa033b68c664ba009a6187cb337969ee45f418f0958b4d3654a345c79ea", "price_changes": [{"asset_id": "14198420664819580603238555810652932631588491733675417168465407739911632492677", "price": "0.08", "size": "1359.68", "side": "BUY", "hash": "0a432a91659620d6cc25b2939983faf50bea320b", "best_bid": "0.09", "best_ask": "0.1"}, {"asset_id": "6969505512906397892758093530201478472799952923489958561611143885815628277167", "price": "0.92", "size": "1359.68", "side": "SELL", "hash": "7229ade22c3fd0b26d3daabfd16544d0b168b874", "best_bid": "0.9", "best_ask": "0.91"}], "timestamp": "1769384080471", "event_type": "price_change"}}
{"_local_timestamp": "2026-01-25T23:34:40.731037+00:00", "data": {"market": "0xfa13efa033b68c664ba009a6187cb337969ee45f418f0958b4d3654a345c79ea", "price_changes": [{"asset_id": "6969505512906397892758093530201478472799952923489958561611143885815628277167", "price": "0.89", "size": "1757.1", "side": "BUY", "hash": "132c98bca641c71906a8eba3ec69a817e0cab13b", "best_bid": "0.9", "best_ask": "0.91"}, {"asset_id": "14198420664819580603238555810652932631588491733675417168465407739911632492677", "price": "0.11", "size": "1757.1", "side": "SELL", "hash": "0a27ccfe81ad9f6213f9e87566407fa4ab80d505", "best_bid": "0.09", "best_ask": "0.1"}], "timestamp": "1769384080607", "event_type": "price_change"}}
{"_local_timestamp": "2026-01-25T23:34:41.353645+00:00", "data": {"market": "0xc71ae60417a812b0a16d7eca04bbd5db4a330a56b3c8cb4fe254f2a7b77207f3", "price_changes": [{"asset_id": "100441399760622064650840625494872216181329090159239475460428335733835379523137", "price": "0.08", "size": "0", "side": "BUY", "hash": "7975844fbc671fb88a849a139b53e0df45e8011b", "best_bid": "0.15", "best_ask": "0.17"}, {"asset_id": "46179339716073735090378675674664043208832842430526090272895953783274864770185", "price": "0.92", "size": "0", "side": "SELL", "hash": "2343c7cb8ddb50a43b396252237bb54242866d66", "best_bid": "0.83", "best_ask": "0.85"}], "timestamp": "1769384081287", "event_type": "price_change"}}
{"_local_timestamp": "2026-01-25T23:34:43.630340+00:00", "data": {"market": "0xfa13efa033b68c664ba009a6187cb337969ee45f418f0958b4d3654a345c79ea", "price_changes": [{"asset_id": "6969505512906397892758093530201478472799952923489958561611143885815628277167", "price": "0.29", "size": "0", "side": "BUY", "hash": "23daa1c454ab7d5f37d1844e512d4bfad0026394", "best_bid": "0.9", "best_ask": "0.91"}, {"asset_id": "14198420664819580603238555810652932631588491733675417168465407739911632492677", "price": "0.71", "size": "0", "side": "SELL", "hash": "95cec25799224e50125d25dfdc96347171dc510f", "best_bid": "0.09", "best_ask": "0.1"}], "timestamp": "1769384083544", "event_type": "price_change"}}
{"_local_timestamp": "2026-01-25T23:34:43.734512+00:00", "data": {"market": "0xc71ae60417a812b0a16d7eca04bbd5db4a330a56b3c8cb4fe254f2a7b77207f3", "price_changes": [{"asset_id": "100441399760622064650840625494872216181329090159239475460428335733835379523137", "price": "0.08", "size": "7.21", "side": "BUY", "hash": "59ae795c5a15a2926d52383580f49e6231205bf7", "best_bid": "0.15", "best_ask": "0.17"}, {"asset_id": "46179339716073735090378675674664043208832842430526090272895953783274864770185", "price": "0.92", "size": "7.21", "side": "SELL", "hash": "4f4ff0f0a10a7d1d91ea99dd4d8b31918b3134b7", "best_bid": "0.83", "best_ask": "0.85"}], "timestamp": "1769384083662", "event_type": "price_change"}}
{"_local_timestamp": "2026-01-25T23:34:43.891506+00:00", "data": {"market": "0xfa13efa033b68c664ba009a6187cb337969ee45f418f0958b4d3654a345c79ea", "price_changes": [{"asset_id": "6969505512906397892758093530201478472799952923489958561611143885815628277167", "price": "0.28", "size": "192.85", "side": "BUY", "hash": "0daea9c7b710fe3a362d1f4ea2b0d537df4c0941", "best_bid": "0.9", "best_ask": "0.91"}, {"asset_id": "14198420664819580603238555810652932631588491733675417168465407739911632492677", "price": "0.72", "size": "192.85", "side": "SELL", "hash": "4f1a037c81706af3817b9b33be34c7bad14adb8e", "best_bid": "0.09", "best_ask": "0.1"}], "timestamp": "1769384083802", "event_type": "price_change"}}
{"_local_timestamp": "2026-01-25T23:34:44.498428+00:00", "data": {"market": "0xfa13efa033b68c664ba009a6187cb337969ee45f418f0958b4d3654a345c79ea", "price_changes": [{"asset_id": "6969505512906397892758093530201478472799952923489958561611143885815628277167", "price": "0.89", "size": "1747.1", "side": "BUY", "hash": "e8c77ee0eca881219681409c6230e24991ff627c", "best_bid": "0.9", "best_ask": "0.91"}, {"asset_id": "14198420664819580603238555810652932631588491733675417168465407739911632492677", "price": "0.11", "size": "1747.1", "side": "SELL", "hash": "fe2c9d478865a38c47da7433ef57f9eb4d5fb108", "best_bid": "0.09", "best_ask": "0.1"}], "timestamp": "1769384084428", "event_type": "price_change"}}
{"_local_timestamp": "2026-01-25T23:34:45.702171+00:00", "data": {"market": "0xfa13efa033b68c664ba009a6187cb337969ee45f418f0958b4d3654a345c79ea", "price_changes": [{"asset_id": "14198420664819580603238555810652932631588491733675417168465407739911632492677", "price": "0.08", "size": "1369.68", "side": "BUY", "hash": "3c4f8f2ccf89ef0e49344c86cb96773d2c18dbe3", "best_bid": "0.09", "best_ask": "0.1"}, {"asset_id": "6969505512906397892758093530201478472799952923489958561611143885815628277167", "price": "0.92", "size": "1369.68", "side": "SELL", "hash": "9d6479d08abdcf615e05e6a096616b9c24c6e3bd", "best_bid": "0.9", "best_ask": "0.91"}], "timestamp": "1769384085631", "event_type": "price_change"}}
{"_local_timestamp": "2026-01-25T23:34:45.882480+00:00", "data": {"market": "0xfa13efa033b68c664ba009a6187cb337969ee45f418f0958b4d3654a345c79ea", "price_changes": [{"asset_id": "14198420664819580603238555810652932631588491733675417168465407739911632492677", "price": "0.08", "size": "1359.68", "side": "BUY", "hash": "27ca718d132d69041503fada2e723aa1c4409e8a", "best_bid": "0.09", "best_ask": "0.1"}, {"asset_id": "6969505512906397892758093530201478472799952923489958561611143885815628277167", "price": "0.92", "size": "1359.68", "side": "SELL", "hash": "7baf1aaa2ec48a9f68a38061dd35824d88fe15e0", "best_bid": "0.9", "best_ask": "0.91"}], "timestamp": "1769384085815", "event_type": "price_change"}}
{"_local_timestamp": "2026-01-25T23:34:46.105063+00:00", "data": {"market": "0xfa13efa033b68c664ba009a6187cb337969ee45f418f0958b4d3654a345c79ea", "price_changes": [{"asset_id": "6969505512906397892758093530201478472799952923489958561611143885815628277167", "price": "0.89", "size": "1757.1", "side": "BUY", "hash": "b559cf27cdfcb4e38c8bbc1a4e55d6448795e756", "best_bid": "0.9", "best_ask": "0.91"}, {"asset_id": "14198420664819580603238555810652932631588491733675417168465407739911632492677", "price": "0.11", "size": "1757.1", "side": "SELL", "hash": "fe8d9d7ddf336e97fa611ffba1fe67829d72cbc8", "best_bid": "0.09", "best_ask": "0.1"}], "timestamp": "1769384086034", "event_type": "price_change"}}
{"_local_timestamp": "2026-01-25T23:34:50.455030+00:00", "data": {"market": "0xfa13efa033b68c664ba009a6187cb337969ee45f418f0958b4d3654a345c79ea", "price_changes": [{"asset_id": "6969505512906397892758093530201478472799952923489958561611143885815628277167", "price": "0.89", "size": "1747.1", "side": "BUY", "hash": "1c7a07a8ef433cd5c5ac488d666129fb8e845e67", "best_bid": "0.9", "best_ask": "0.91"}, {"asset_id": "14198420664819580603238555810652932631588491733675417168465407739911632492677", "price": "0.11", "size": "1747.1", "side": "SELL", "hash": "4dd923ea3b46460570b9d5ef41b794e64ca1d210", "best_bid": "0.09", "best_ask": "0.1"}], "timestamp": "1769384090383", "event_type": "price_change"}}
{"_local_timestamp": "2026-01-25T23:34:51.656759+00:00", "data": {"market": "0xfa13efa033b68c664ba009a6187cb337969ee45f418f0958b4d3654a345c79ea", "price_changes": [{"asset_id": "14198420664819580603238555810652932631588491733675417168465407739911632492677", "price": "0.08", "size": "1369.68", "side": "BUY", "hash": "defd86be4c1b9442a7cd641141f1ab594459d597", "best_bid": "0.09", "best_ask": "0.1"}, {"asset_id": "6969505512906397892758093530201478472799952923489958561611143885815628277167", "price": "0.92", "size": "1369.68", "side": "SELL", "hash": "69a66af741eecf1f66fa71346229602a051d7965", "best_bid": "0.9", "best_ask": "0.91"}], "timestamp": "1769384091573", "event_type": "price_change"}}
{"_local_timestamp": "2026-01-25T23:34:52.002218+00:00", "data": {"market": "0xfa13efa033b68c664ba009a6187cb337969ee45f418f0958b4d3654a345c79ea", "price_changes": [{"asset_id": "14198420664819580603238555810652932631588491733675417168465407739911632492677", "price": "0.08", "size": "1359.68", "side": "BUY", "hash": "4ee8ebabe7180a5bcef04aa9b80d1fa0d8710840", "best_bid": "0.09", "best_ask": "0.1"}, {"asset_id": "6969505512906397892758093530201478472799952923489958561611143885815628277167", "price": "0.92", "size": "1359.68", "side": "SELL", "hash": "42cf8a8fd1fab8d600e18b445898ab9428ccb6fc", "best_bid": "0.9", "best_ask": "0.91"}], "timestamp": "1769384091927", "event_type": "price_change"}}
{"_local_timestamp": "2026-01-25T23:34:52.144881+00:00", "data": {"market": "0xfa13efa033b68c664ba009a6187cb337969ee45f418f0958b4d3654a345c79ea", "price_changes": [{"asset_id": "6969505512906397892758093530201478472799952923489958561611143885815628277167", "price": "0.89", "size": "1757.1", "side": "BUY", "hash": "d2ed5b475b5ffeff470d706f77f35a95ff6b5993", "best_bid": "0.9", "best_ask": "0.91"}, {"asset_id": "14198420664819580603238555810652932631588491733675417168465407739911632492677", "price": "0.11", "size": "1757.1", "side": "SELL", "hash": "5a54db155556b8c825de7c39a8ed58ce8c7e22e6", "best_bid": "0.09", "best_ask": "0.1"}], "timestamp": "1769384092074", "event_type": "price_change"}}
{"_local_timestamp": "2026-01-25T23:34:54.606403+00:00", "data": {"market": "0xfa13efa033b68c664ba009a6187cb337969ee45f418f0958b4d3654a345c79ea", "price_changes": [{"asset_id": "6969505512906397892758093530201478472799952923489958561611143885815628277167", "price": "0.89", "size": "1747.1", "side": "BUY", "hash": "af8f42046443e4290fd2ed2d913e0702ab82eb39", "best_bid": "0.9", "best_ask": "0.91"}, {"asset_id": "14198420664819580603238555810652932631588491733675417168465407739911632492677", "price": "0.11", "size": "1747.1", "side": "SELL", "hash": "40684f754df9954ac781bd5012b2d8e1b3378e2a", "best_bid": "0.09", "best_ask": "0.1"}], "timestamp": "1769384094531", "event_type": "price_change"}}
{"_local_timestamp": "2026-01-25T23:34:56.285661+00:00", "data": {"market": "0xfa13efa033b68c664ba009a6187cb337969ee45f418f0958b4d3654a345c79ea", "price_changes": [{"asset_id": "6969505512906397892758093530201478472799952923489958561611143885815628277167", "price": "0.89", "size": "1757.1", "side": "BUY", "hash": "a95b2c3584b85b0444e6d4fbfcbfd0d3af04dfcc", "best_bid": "0.9", "best_ask": "0.91"}, {"asset_id": "14198420664819580603238555810652932631588491733675417168465407739911632492677", "price": "0.11", "size": "1757.1", "side": "SELL", "hash": "01d2af13acd31d123369b16e35ce5b8a1961c5ce", "best_bid": "0.09", "best_ask": "0.1"}], "timestamp": "1769384096217", "event_type": "price_change"}}
{"_local_timestamp": "2026-01-25T23:34:57.639024+00:00", "data": {"market": "0xfa13efa033b68c664ba009a6187cb337969ee45f418f0958b4d3654a345c79ea", "price_changes": [{"asset_id": "6969505512906397892758093530201478472799952923489958561611143885815628277167", "price": "0.89", "size": "1747.1", "side": "BUY", "hash": "26e7918303790dc36342f3170756e939915142d3", "best_bid": "0.9", "best_ask": "0.91"}, {"asset_id": "14198420664819580603238555810652932631588491733675417168465407739911632492677", "price": "0.11", "size": "1747.1", "side": "SELL", "hash": "1be55310756b756cd2d617eb37d6ad8c3440b60f", "best_bid": "0.09", "best_ask": "0.1"}], "timestamp": "1769384097539", "event_type": "price_change"}}
{"_local_timestamp": "2026-01-25T23:34:57.858788+00:00", "data": {"market": "0xfa13efa033b68c664ba009a6187cb337969ee45f418f0958b4d3654a345c79ea", "price_changes": [{"asset_id": "14198420664819580603238555810652932631588491733675417168465407739911632492677", "price": "0.08", "size": "1369.68", "side": "BUY", "hash": "eac77b839edcc079d1642472ca7fa478533e4b4e", "best_bid": "0.09", "best_ask": "0.1"}, {"asset_id": "6969505512906397892758093530201478472799952923489958561611143885815628277167", "price": "0.92", "size": "1369.68", "side": "SELL", "hash": "125cf02421a36ee10a1e7e7fb97ba7e0388edf97", "best_bid": "0.9", "best_ask": "0.91"}], "timestamp": "1769384097756", "event_type": "price_change"}}
{"_local_timestamp": "2026-01-25T23:34:58.649282+00:00", "data": {"market": "0xfa13efa033b68c664ba009a6187cb337969ee45f418f0958b4d3654a345c79ea", "price_changes": [{"asset_id": "14198420664819580603238555810652932631588491733675417168465407739911632492677", "price": "0.08", "size": "1359.68", "side": "BUY", "hash": "55e9cf27b3ac746a91ecdd84959c858cd45d8f48", "best_bid": "0.09", "best_ask": "0.1"}, {"asset_id": "6969505512906397892758093530201478472799952923489958561611143885815628277167", "price": "0.92", "size": "1359.68", "side": "SELL", "hash": "c639bf6941a537965d0ffd5ae7f62f6ee1e08fa3", "best_bid": "0.9", "best_ask": "0.91"}], "timestamp": "1769384098577", "event_type": "price_change"}}
{"_local_timestamp": "2026-01-25T23:34:58.725914+00:00", "data": {"market": "0xfa13efa033b68c664ba009a6187cb337969ee45f418f0958b4d3654a345c79ea", "price_changes": [{"asset_id": "14198420664819580603238555810652932631588491733675417168465407739911632492677", "price": "0.08", "size": "1369.68", "side": "BUY", "hash": "38c14b49669af9014a54b84f33c0432fdad39bad", "best_bid": "0.09", "best_ask": "0.1"}, {"asset_id": "6969505512906397892758093530201478472799952923489958561611143885815628277167", "price": "0.92", "size": "1369.68", "side": "SELL", "hash": "24ecd4b9cf7a22bdff4e4fe896643fa059201e4c", "best_bid": "0.9", "best_ask": "0.91"}], "timestamp": "1769384098655", "event_type": "price_change"}}
{"_local_timestamp": "2026-01-25T23:35:00.131059+00:00", "data": {"market": "0xfa13efa033b68c664ba009a6187cb337969ee45f418f0958b4d3654a345c79ea", "price_changes": [{"asset_id": "14198420664819580603238555810652932631588491733675417168465407739911632492677", "price": "0.08", "size": "1359.68", "side": "BUY", "hash": "831a085ce31ee21de8e4a8810e13d32ca8f74167", "best_bid": "0.09", "best_ask": "0.1"}, {"asset_id": "6969505512906397892758093530201478472799952923489958561611143885815628277167", "price": "0.92", "size": "1359.68", "side": "SELL", "hash": "140efe762661ddd60fb260129f46181475a8d573", "best_bid": "0.9", "best_ask": "0.91"}], "timestamp": "1769384100061", "event_type": "price_change"}}
{"_local_timestamp": "2026-01-25T23:35:01.607297+00:00", "data": {"market": "0xfa13efa033b68c664ba009a6187cb337969ee45f418f0958b4d3654a345c79ea", "price_changes": [{"asset_id": "6969505512906397892758093530201478472799952923489958561611143885815628277167", "price": "0.89", "size": "1757.1", "side": "BUY", "hash": "386e7217cd171900f8c46e2327866f66a3b8cb07", "best_bid": "0.9", "best_ask": "0.91"}, {"asset_id": "14198420664819580603238555810652932631588491733675417168465407739911632492677", "price": "0.11", "size": "1757.1", "side": "SELL", "hash": "e779cb27c4e061641018ca32f20269bf910c1695", "best_bid": "0.09", "best_ask": "0.1"}], "timestamp": "1769384101527", "event_type": "price_change"}}
{"_local_timestamp": "2026-01-25T23:35:01.842994+00:00", "data": {"market": "0xfa13efa033b68c664ba009a6187cb337969ee45f418f0958b4d3654a345c79ea", "price_changes": [{"asset_id": "6969505512906397892758093530201478472799952923489958561611143885815628277167", "price": "0.89", "size": "1747.1", "side": "BUY", "hash": "0cda33727e47623ce47fe0b839ea16df7a2613c9", "best_bid": "0.9", "best_ask": "0.91"}, {"asset_id": "14198420664819580603238555810652932631588491733675417168465407739911632492677", "price": "0.11", "size": "1747.1", "side": "SELL", "hash": "6f02a9786dc9897c5ad8559eacadfde6a3366432", "best_bid": "0.09", "best_ask": "0.1"}], "timestamp": "1769384101742", "event_type": "price_change"}}
{"_local_timestamp": "2026-01-25T23:35:01.869096+00:00", "data": {"market": "0xfa13efa033b68c664ba009a6187cb337969ee45f418f0958b4d3654a345c79ea", "price_changes": [{"asset_id": "14198420664819580603238555810652932631588491733675417168465407739911632492677", "price": "0.08", "size": "1369.68", "side": "BUY", "hash": "4bccc1ffb84cc0e4ba8f2032804c029e66833bc3", "best_bid": "0.09", "best_ask": "0.1"}, {"asset_id": "6969505512906397892758093530201478472799952923489958561611143885815628277167", "price": "0.92", "size": "1369.68", "side": "SELL", "hash": "eafdfe5798040525ea815226caa6836032c5224c", "best_bid": "0.9", "best_ask": "0.91"}], "timestamp": "1769384101804", "event_type": "price_change"}}
{"_local_timestamp": "2026-01-25T23:35:03.354854+00:00", "data": {"market": "0xfa13efa033b68c664ba009a6187cb337969ee45f418f0958b4d3654a345c79ea", "price_changes": [{"asset_id": "14198420664819580603238555810652932631588491733675417168465407739911632492677", "price": "0.08", "size": "1359.68", "side": "BUY", "hash": "c7ddfe2bbe15db6cdaf7c3f1386eb9a3468e8455", "best_bid": "0.09", "best_ask": "0.1"}, {"asset_id": "6969505512906397892758093530201478472799952923489958561611143885815628277167", "price": "0.92", "size": "1359.68", "side": "SELL", "hash": "04fdb966bf8e3f9cf7b7a22a3aeeda0167eb0623", "best_bid": "0.9", "best_ask": "0.91"}], "timestamp": "1769384103260", "event_type": "price_change"}}
{"_local_timestamp": "2026-01-25T23:35:05.204729+00:00", "data": {"market": "0xfa13efa033b68c664ba009a6187cb337969ee45f418f0958b4d3654a345c79ea", "price_changes": [{"asset_id": "14198420664819580603238555810652932631588491733675417168465407739911632492677", "price": "0.08", "size": "1369.68", "side": "BUY", "hash": "6230c52c55892920757db2373c42bb3097fe4509", "best_bid": "0.09", "best_ask": "0.1"}, {"asset_id": "6969505512906397892758093530201478472799952923489958561611143885815628277167", "price": "0.92", "size": "1369.68", "side": "SELL", "hash": "4361f7a07b7b497d732f1e23bdacb55fe56f3128", "best_bid": "0.9", "best_ask": "0.91"}], "timestamp": "1769384105125", "event_type": "price_change"}}
{"_local_timestamp": "2026-01-25T23:35:10.033150+00:00", "data": {"market": "0xfa13efa033b68c664ba009a6187cb337969ee45f418f0958b4d3654a345c79ea", "price_changes": [{"asset_id": "14198420664819580603238555810652932631588491733675417168465407739911632492677", "price": "0.08", "size": "1359.68", "side": "BUY", "hash": "26e08ebc293bde1c38da5cda59c45d0ca7c2630d", "best_bid": "0.09", "best_ask": "0.1"}, {"asset_id": "6969505512906397892758093530201478472799952923489958561611143885815628277167", "price": "0.92", "size": "1359.68", "side": "SELL", "hash": "f19af85b2b5acd07b63e955bdf92dabd000e62a0", "best_bid": "0.9", "best_ask": "0.91"}], "timestamp": "1769384109968", "event_type": "price_change"}}
{"_local_timestamp": "2026-01-25T23:35:11.107000+00:00", "data": {"market": "0xfa13efa033b68c664ba009a6187cb337969ee45f418f0958b4d3654a345c79ea", "price_changes": [{"asset_id": "6969505512906397892758093530201478472799952923489958561611143885815628277167", "price": "0.89", "size": "1757.1", "side": "BUY", "hash": "4f3d0f7979aac263a286cb0a32ee0a8a81536910", "best_bid": "0.9", "best_ask": "0.91"}, {"asset_id": "14198420664819580603238555810652932631588491733675417168465407739911632492677", "price": "0.11", "size": "1757.1", "side": "SELL", "hash": "b85620f8e1129f077db5082747366fb554e8a7db", "best_bid": "0.09", "best_ask": "0.1"}], "timestamp": "1769384111036", "event_type": "price_change"}}
{"_local_timestamp": "2026-01-25T23:35:11.133441+00:00", "data": {"market": "0xfa13efa033b68c664ba009a6187cb337969ee45f418f0958b4d3654a345c79ea", "price_changes": [{"asset_id": "6969505512906397892758093530201478472799952923489958561611143885815628277167", "price": "0.89", "size": "1747.1", "side": "BUY", "hash": "5e19b832058a912f2aad3597a1275103e1571f82", "best_bid": "0.9", "best_ask": "0.91"}, {"asset_id": "14198420664819580603238555810652932631588491733675417168465407739911632492677", "price": "0.11", "size": "1747.1", "side": "SELL", "hash": "d28db7eddd31330e0d38b7687f9e27ede3c96d26", "best_bid": "0.09", "best_ask": "0.1"}], "timestamp": "1769384111063", "event_type": "price_change"}}
{"_local_timestamp": "2026-01-25T23:35:11.224776+00:00", "data": {"market": "0xfa13efa033b68c664ba009a6187cb337969ee45f418f0958b4d3654a345c79ea", "price_changes": [{"asset_id": "14198420664819580603238555810652932631588491733675417168465407739911632492677", "price": "0.08", "size": "1369.68", "side": "BUY", "hash": "8fe033b287f863b1590f77c412d4b25d518fd889", "best_bid": "0.09", "best_ask": "0.1"}, {"asset_id": "6969505512906397892758093530201478472799952923489958561611143885815628277167", "price": "0.92", "size": "1369.68", "side": "SELL", "hash": "6fe44a7ad692dc3c39cc0c1523872842643ef005", "best_bid": "0.9", "best_ask": "0.91"}], "timestamp": "1769384111156", "event_type": "price_change"}}
{"_local_timestamp": "2026-01-25T23:35:15.680507+00:00", "data": {"market": "0xfa13efa033b68c664ba009a6187cb337969ee45f418f0958b4d3654a345c79ea", "price_changes": [{"asset_id": "14198420664819580603238555810652932631588491733675417168465407739911632492677", "price": "0.08", "size": "1359.68", "side": "BUY", "hash": "d18781608a1183f4063b2618a5a3563aa0c61340", "best_bid": "0.09", "best_ask": "0.1"}, {"asset_id": "6969505512906397892758093530201478472799952923489958561611143885815628277167", "price": "0.92", "size": "1359.68", "side": "SELL", "hash": "6a539eaaa78393504319747768830cb3a4e06884", "best_bid": "0.9", "best_ask": "0.91"}], "timestamp": "1769384115606", "event_type": "price_change"}}
{"_local_timestamp": "2026-01-25T23:35:16.802105+00:00", "data": {"market": "0xfa13efa033b68c664ba009a6187cb337969ee45f418f0958b4d3654a345c79ea", "price_changes": [{"asset_id": "6969505512906397892758093530201478472799952923489958561611143885815628277167", "price": "0.89", "size": "1757.1", "side": "BUY", "hash": "ad0c02caf5381b69ca5dde293f557e54a9dfc491", "best_bid": "0.9", "best_ask": "0.91"}, {"asset_id": "14198420664819580603238555810652932631588491733675417168465407739911632492677", "price": "0.11", "size": "1757.1", "side": "SELL", "hash": "cd5a848a1df43b8f3501ea55026294aacca710cc", "best_bid": "0.09", "best_ask": "0.1"}], "timestamp": "1769384116731", "event_type": "price_change"}}
{"_local_timestamp": "2026-01-25T23:35:17.049273+00:00", "data": {"market": "0xfa13efa033b68c664ba009a6187cb337969ee45f418f0958b4d3654a345c79ea", "price_changes": [{"asset_id": "6969505512906397892758093530201478472799952923489958561611143885815628277167", "price": "0.89", "size": "1747.1", "side": "BUY", "hash": "04cf3ab2a9a22f35cc2c4dae59aaf053c7bbd6ca", "best_bid": "0.9", "best_ask": "0.91"}, {"asset_id": "14198420664819580603238555810652932631588491733675417168465407739911632492677", "price": "0.11", "size": "1747.1", "side": "SELL", "hash": "6e94184da07a3351697f652fb10bb8763214e210", "best_bid": "0.09", "best_ask": "0.1"}], "timestamp": "1769384116981", "event_type": "price_change"}}
{"_local_timestamp": "2026-01-25T23:35:17.262957+00:00", "data": {"market": "0xfa13efa033b68c664ba009a6187cb337969ee45f418f0958b4d3654a345c79ea", "price_changes": [{"asset_id": "14198420664819580603238555810652932631588491733675417168465407739911632492677", "price": "0.08", "size": "1369.68", "side": "BUY", "hash": "73af58829fc455b6247b2bed183a27c402119503", "best_bid": "0.09", "best_ask": "0.1"}, {"asset_id": "6969505512906397892758093530201478472799952923489958561611143885815628277167", "price": "0.92", "size": "1369.68", "side": "SELL", "hash": "0cd03acc177ef5cc5f84129fa3abd1e070f6014d", "best_bid": "0.9", "best_ask": "0.91"}], "timestamp": "1769384117192", "event_type": "price_change"}}
{"_local_timestamp": "2026-01-25T23:35:21.296041+00:00", "data": {"market": "0xfa13efa033b68c664ba009a6187cb337969ee45f418f0958b4d3654a345c79ea", "price_changes": [{"asset_id": "14198420664819580603238555810652932631588491733675417168465407739911632492677", "price": "0.08", "size": "1359.68", "side": "BUY", "hash": "bfb8caf64f697d6c10c5521bda411a4e38530bca", "best_bid": "0.09", "best_ask": "0.1"}, {"asset_id": "6969505512906397892758093530201478472799952923489958561611143885815628277167", "price": "0.92", "size": "1359.68", "side": "SELL", "hash": "75945d86ca8942394675edc5b192c34fb35af321", "best_bid": "0.9", "best_ask": "0.91"}], "timestamp": "1769384121228", "event_type": "price_change"}}
{"_local_timestamp": "2026-01-25T23:35:22.545598+00:00", "data": {"market": "0xfa13efa033b68c664ba009a6187cb337969ee45f418f0958b4d3654a345c79ea", "price_changes": [{"asset_id": "6969505512906397892758093530201478472799952923489958561611143885815628277167", "price": "0.89", "size": "1757.1", "side": "BUY", "hash": "742f1d61103f40f3e0315bb628fd85fe58328b4e", "best_bid": "0.9", "best_ask": "0.91"}, {"asset_id": "14198420664819580603238555810652932631588491733675417168465407739911632492677", "price": "0.11", "size": "1757.1", "side": "SELL", "hash": "8f830a4c37d6d9aeb3db0557a5e5e6cc9d0fe0ed", "best_bid": "0.09", "best_ask": "0.1"}], "timestamp": "1769384122468", "event_type": "price_change"}}
{"_local_timestamp": "2026-01-25T23:35:22.687537+00:00", "data": {"market": "0xfa13efa033b68c664ba009a6187cb337969ee45f418f0958b4d3654a345c79ea", "price_changes": [{"asset_id": "6969505512906397892758093530201478472799952923489958561611143885815628277167", "price": "0.89", "size": "1747.1", "side": "BUY", "hash": "e4bafec6d41da256f98ba6fe82a0cab7c067afad", "best_bid": "0.9", "best_ask": "0.91"}, {"asset_id": "14198420664819580603238555810652932631588491733675417168465407739911632492677", "price": "0.11", "size": "1747.1", "side": "SELL", "hash": "64e31643700ecdceb57b29c55f3b7b94d610ea19", "best_bid": "0.09", "best_ask": "0.1"}], "timestamp": "1769384122602", "event_type": "price_change"}}
{"_local_timestamp": "2026-01-25T23:35:23.346957+00:00", "data": {"market": "0xfa13efa033b68c664ba009a6187cb337969ee45f418f0958b4d3654a345c79ea", "price_changes": [{"asset_id": "14198420664819580603238555810652932631588491733675417168465407739911632492677", "price": "0.08", "size": "1369.68", "side": "BUY", "hash": "e11ad44d792291dd2cc3f1e131cd621d5141a911", "best_bid": "0.09", "best_ask": "0.1"}, {"asset_id": "6969505512906397892758093530201478472799952923489958561611143885815628277167", "price": "0.92", "size": "1369.68", "side": "SELL", "hash": "090977b95f289a0a5ed35d2f38c164ae1abc99f6", "best_bid": "0.9", "best_ask": "0.91"}], "timestamp": "1769384123277", "event_type": "price_change"}}
{"_local_timestamp": "2026-01-25T23:35:27.700739+00:00", "data": {"market": "0xfa13efa033b68c664ba009a6187cb337969ee45f418f0958b4d3654a345c79ea", "price_changes": [{"asset_id": "14198420664819580603238555810652932631588491733675417168465407739911632492677", "price": "0.08", "size": "1359.68", "side": "BUY", "hash": "c78ad2a66c80ebcdcc358e30adafcc44bfb440ce", "best_bid": "0.09", "best_ask": "0.1"}, {"asset_id": "6969505512906397892758093530201478472799952923489958561611143885815628277167", "price": "0.92", "size": "1359.68", "side": "SELL", "hash": "065ff1918a80aaced38edd84a79bcd727a42dea8", "best_bid": "0.9", "best_ask": "0.91"}], "timestamp": "1769384127628", "event_type": "price_change"}}
{"_local_timestamp": "2026-01-25T23:35:28.871529+00:00", "data": {"market": "0xfa13efa033b68c664ba009a6187cb337969ee45f418f0958b4d3654a345c79ea", "price_changes": [{"asset_id": "14198420664819580603238555810652932631588491733675417168465407739911632492677", "price": "0.08", "size": "1369.68", "side": "BUY", "hash": "7b7354a82c987f07196f49aa13a2c023d77d7867", "best_bid": "0.09", "best_ask": "0.1"}, {"asset_id": "6969505512906397892758093530201478472799952923489958561611143885815628277167", "price": "0.92", "size": "1369.68", "side": "SELL", "hash": "16470e28d32013abb7dfcd18240599ab7388bce3", "best_bid": "0.9", "best_ask": "0.91"}], "timestamp": "1769384128765", "event_type": "price_change"}}
{"_local_timestamp": "2026-01-25T23:35:29.131034+00:00", "data": {"market": "0xfa13efa033b68c664ba009a6187cb337969ee45f418f0958b4d3654a345c79ea", "price_changes": [{"asset_id": "14198420664819580603238555810652932631588491733675417168465407739911632492677", "price": "0.08", "size": "1359.68", "side": "BUY", "hash": "4b9e5bdbe0d384eb963edf257ccda3de8ec2f45a", "best_bid": "0.09", "best_ask": "0.1"}, {"asset_id": "6969505512906397892758093530201478472799952923489958561611143885815628277167", "price": "0.92", "size": "1359.68", "side": "SELL", "hash": "c00ee00acb8ab561c51de2346012dccd1052e70e", "best_bid": "0.9", "best_ask": "0.91"}], "timestamp": "1769384129062", "event_type": "price_change"}}
{"_local_timestamp": "2026-01-25T23:35:29.335303+00:00", "data": {"market": "0xfa13efa033b68c664ba009a6187cb337969ee45f418f0958b4d3654a345c79ea", "price_changes": [{"asset_id": "6969505512906397892758093530201478472799952923489958561611143885815628277167", "price": "0.89", "size": "1757.1", "side": "BUY", "hash": "e4a6b32e5da3c90cbb2a52327dc9f7e05e85a6ec", "best_bid": "0.9", "best_ask": "0.91"}, {"asset_id": "14198420664819580603238555810652932631588491733675417168465407739911632492677", "price": "0.11", "size": "1757.1", "side": "SELL", "hash": "7dab99eb7a83320e9d2c3a36073b8c22e8406f62", "best_bid": "0.09", "best_ask": "0.1"}], "timestamp": "1769384129266", "event_type": "price_change"}}
{"_local_timestamp": "2026-01-25T23:35:31.245133+00:00", "data": {"market": "0xfa13efa033b68c664ba009a6187cb337969ee45f418f0958b4d3654a345c79ea", "price_changes": [{"asset_id": "6969505512906397892758093530201478472799952923489958561611143885815628277167", "price": "0.89", "size": "1747.1", "side": "BUY", "hash": "d794c3f5247031fab6951f42ea73670c5126aa3b", "best_bid": "0.9", "best_ask": "0.91"}, {"asset_id": "14198420664819580603238555810652932631588491733675417168465407739911632492677", "price": "0.11", "size": "1747.1", "side": "SELL", "hash": "1cf4d2b27e2a9d7ed435eb2ea73a6a2e894b7237", "best_bid": "0.09", "best_ask": "0.1"}], "timestamp": "1769384131177", "event_type": "price_change"}}
{"_local_timestamp": "2026-01-25T23:35:32.750193+00:00", "data": {"market": "0xfa13efa033b68c664ba009a6187cb337969ee45f418f0958b4d3654a345c79ea", "price_changes": [{"asset_id": "6969505512906397892758093530201478472799952923489958561611143885815628277167", "price": "0.89", "size": "1757.1", "side": "BUY", "hash": "23b630e2c0916eb5d999c29c88374e38b131e986", "best_bid": "0.9", "best_ask": "0.91"}, {"asset_id": "14198420664819580603238555810652932631588491733675417168465407739911632492677", "price": "0.11", "size": "1757.1", "side": "SELL", "hash": "1df80407060692d4b7046e4df9fdb1ff77d5c39e", "best_bid": "0.09", "best_ask": "0.1"}], "timestamp": "1769384132677", "event_type": "price_change"}}
{"_local_timestamp": "2026-01-25T23:35:34.620358+00:00", "data": {"market": "0xfa13efa033b68c664ba009a6187cb337969ee45f418f0958b4d3654a345c79ea", "price_changes": [{"asset_id": "6969505512906397892758093530201478472799952923489958561611143885815628277167", "price": "0.89", "size": "1747.1", "side": "BUY", "hash": "cf62020fe825cc836c542f0ac88a3a9708322502", "best_bid": "0.9", "best_ask": "0.91"}, {"asset_id": "14198420664819580603238555810652932631588491733675417168465407739911632492677", "price": "0.11", "size": "1747.1", "side": "SELL", "hash": "63cc1a0d22600ebd02114f87e874536b4d80b107", "best_bid": "0.09", "best_ask": "0.1"}], "timestamp": "1769384134542", "event_type": "price_change"}}
{"_local_timestamp": "2026-01-25T23:35:36.463576+00:00", "data": {"market": "0xfa13efa033b68c664ba009a6187cb337969ee45f418f0958b4d3654a345c79ea", "price_changes": [{"asset_id": "14198420664819580603238555810652932631588491733675417168465407739911632492677", "price": "0.08", "size": "1369.68", "side": "BUY", "hash": "2df22945cdba277395532ae58c8255dd27053ee7", "best_bid": "0.09", "best_ask": "0.1"}, {"asset_id": "6969505512906397892758093530201478472799952923489958561611143885815628277167", "price": "0.92", "size": "1369.68", "side": "SELL", "hash": "38a909c570354d486f085ec6aa16124f9c5cb415", "best_bid": "0.9", "best_ask": "0.91"}], "timestamp": "1769384136382", "event_type": "price_change"}}
{"_local_timestamp": "2026-01-25T23:35:36.787458+00:00", "data": {"market": "0xfa13efa033b68c664ba009a6187cb337969ee45f418f0958b4d3654a345c79ea", "price_changes": [{"asset_id": "14198420664819580603238555810652932631588491733675417168465407739911632492677", "price": "0.08", "size": "1379.68", "side": "BUY", "hash": "0f68a191f583eff1ed55d41e9bf51131b0870fbe", "best_bid": "0.09", "best_ask": "0.1"}, {"asset_id": "6969505512906397892758093530201478472799952923489958561611143885815628277167", "price": "0.92", "size": "1379.68", "side": "SELL", "hash": "16f4bb5aba6ac7543949e9b6fa23331b2d82f5de", "best_bid": "0.9", "best_ask": "0.91"}], "timestamp": "1769384136719", "event_type": "price_change"}}
{"_local_timestamp": "2026-01-25T23:35:38.446066+00:00", "data": {"market": "0xfa13efa033b68c664ba009a6187cb337969ee45f418f0958b4d3654a345c79ea", "price_changes": [{"asset_id": "14198420664819580603238555810652932631588491733675417168465407739911632492677", "price": "0.08", "size": "1359.68", "side": "BUY", "hash": "76f419fde93281552d9fdd8bdcdc8884a5709b5b", "best_bid": "0.09", "best_ask": "0.1"}, {"asset_id": "6969505512906397892758093530201478472799952923489958561611143885815628277167", "price": "0.92", "size": "1359.68", "side": "SELL", "hash": "64da4d1510f6ebe19d7f41928619a3b8998f05e6", "best_bid": "0.9", "best_ask": "0.91"}], "timestamp": "1769384138381", "event_type": "price_change"}}
{"_local_timestamp": "2026-01-25T23:35:38.539285+00:00", "data": {"market": "0xfa13efa033b68c664ba009a6187cb337969ee45f418f0958b4d3654a345c79ea", "price_changes": [{"asset_id": "6969505512906397892758093530201478472799952923489958561611143885815628277167", "price": "0.89", "size": "1757.1", "side": "BUY", "hash": "7f1cf8bc567a5f6cf7d3178968a3af2514a45676", "best_bid": "0.9", "best_ask": "0.91"}, {"asset_id": "14198420664819580603238555810652932631588491733675417168465407739911632492677", "price": "0.11", "size": "1757.1", "side": "SELL", "hash": "8b3371480eafc598cec6f605e4477a87952c2f41", "best_bid": "0.09", "best_ask": "0.1"}], "timestamp": "1769384138472", "event_type": "price_change"}}
{"_local_timestamp": "2026-01-25T23:35:40.546658+00:00", "data": {"market": "0xfa13efa033b68c664ba009a6187cb337969ee45f418f0958b4d3654a345c79ea", "price_changes": [{"asset_id": "6969505512906397892758093530201478472799952923489958561611143885815628277167", "price": "0.89", "size": "1747.1", "side": "BUY", "hash": "3ab29420486177a2158332e5ecf064bd7b378d62", "best_bid": "0.9", "best_ask": "0.91"}, {"asset_id": "14198420664819580603238555810652932631588491733675417168465407739911632492677", "price": "0.11", "size": "1747.1", "side": "SELL", "hash": "acb39b4dd127c37a7cfa107ae48e39b36cc4e5fe", "best_bid": "0.09", "best_ask": "0.1"}], "timestamp": "1769384140477", "event_type": "price_change"}}
{"_local_timestamp": "2026-01-25T23:35:41.814414+00:00", "data": {"market": "0xfa13efa033b68c664ba009a6187cb337969ee45f418f0958b4d3654a345c79ea", "price_changes": [{"asset_id": "6969505512906397892758093530201478472799952923489958561611143885815628277167", "price": "0.89", "size": "1757.1", "side": "BUY", "hash": "d088b7a655c75ab893372ed81dde0d1946a7571f", "best_bid": "0.9", "best_ask": "0.91"}, {"asset_id": "14198420664819580603238555810652932631588491733675417168465407739911632492677", "price": "0.11", "size": "1757.1", "side": "SELL", "hash": "6b72414ed01eb383da9f10f40bb62c43671f98c8", "best_bid": "0.09", "best_ask": "0.1"}], "timestamp": "1769384141732", "event_type": "price_change"}}
{"_local_timestamp": "2026-01-25T23:35:42.219003+00:00", "data": {"market": "0xfa13efa033b68c664ba009a6187cb337969ee45f418f0958b4d3654a345c79ea", "price_changes": [{"asset_id": "6969505512906397892758093530201478472799952923489958561611143885815628277167", "price": "0.89", "size": "1747.1", "side": "BUY", "hash": "e6b1bb4a18924635d73cef7c4aec2f1dd331b538", "best_bid": "0.9", "best_ask": "0.91"}, {"asset_id": "14198420664819580603238555810652932631588491733675417168465407739911632492677", "price": "0.11", "size": "1747.1", "side": "SELL", "hash": "2e4b60427044d6c5e76139049748383772999c19", "best_bid": "0.09", "best_ask": "0.1"}], "timestamp": "1769384142154", "event_type": "price_change"}}
{"_local_timestamp": "2026-01-25T23:35:42.998835+00:00", "data": {"market": "0xfa13efa033b68c664ba009a6187cb337969ee45f418f0958b4d3654a345c79ea", "price_changes": [{"asset_id": "14198420664819580603238555810652932631588491733675417168465407739911632492677", "price": "0.08", "size": "1369.68", "side": "BUY", "hash": "7a378a86a4b459af3961fa5921dac8c891f56c88", "best_bid": "0.09", "best_ask": "0.1"}, {"asset_id": "6969505512906397892758093530201478472799952923489958561611143885815628277167", "price": "0.92", "size": "1369.68", "side": "SELL", "hash": "70d7f0d039ffabfad35f927ae7e9bebf00da7261", "best_bid": "0.9", "best_ask": "0.91"}], "timestamp": "1769384142932", "event_type": "price_change"}}
{"_local_timestamp": "2026-01-25T23:35:45.450993+00:00", "data": {"market": "0xfa13efa033b68c664ba009a6187cb337969ee45f418f0958b4d3654a345c79ea", "price_changes": [{"asset_id": "14198420664819580603238555810652932631588491733675417168465407739911632492677", "price": "0.08", "size": "1359.68", "side": "BUY", "hash": "ac1252753848c55a5082c286aa94d53ef25350bf", "best_bid": "0.09", "best_ask": "0.1"}, {"asset_id": "6969505512906397892758093530201478472799952923489958561611143885815628277167", "price": "0.92", "size": "1359.68", "side": "SELL", "hash": "783551d5b0e4711887ff72f7d3000efe76ee7dc3", "best_bid": "0.9", "best_ask": "0.91"}], "timestamp": "1769384145383", "event_type": "price_change"}}
{"_local_timestamp": "2026-01-25T23:35:46.963244+00:00", "data": {"market": "0xfa13efa033b68c664ba009a6187cb337969ee45f418f0958b4d3654a345c79ea", "price_changes": [{"asset_id": "6969505512906397892758093530201478472799952923489958561611143885815628277167", "price": "0.89", "size": "1757.1", "side": "BUY", "hash": "0109334c00750de8dc537a1ac3cdbdcb03ffe697", "best_bid": "0.9", "best_ask": "0.91"}, {"asset_id": "14198420664819580603238555810652932631588491733675417168465407739911632492677", "price": "0.11", "size": "1757.1", "side": "SELL", "hash": "24d6e0def82b7d9becdd543e1d6bcc13eff70516", "best_bid": "0.09", "best_ask": "0.1"}], "timestamp": "1769384146897", "event_type": "price_change"}}
{"_local_timestamp": "2026-01-25T23:35:49.090797+00:00", "data": {"market": "0xfa13efa033b68c664ba009a6187cb337969ee45f418f0958b4d3654a345c79ea", "price_changes": [{"asset_id": "14198420664819580603238555810652932631588491733675417168465407739911632492677", "price": "0.05", "size": "2040", "side": "BUY", "hash": "d027e33eb0c8172c4a6dd56f3c8ff5c9b004a3a5", "best_bid": "0.09", "best_ask": "0.1"}, {"asset_id": "6969505512906397892758093530201478472799952923489958561611143885815628277167", "price": "0.95", "size": "2040", "side": "SELL", "hash": "05d3d55381c4eed1631241505df6476bde8a4711", "best_bid": "0.9", "best_ask": "0.91"}], "timestamp": "1769384149000", "event_type": "price_change"}}
{"_local_timestamp": "2026-01-25T23:35:49.115412+00:00", "data": {"market": "0xfa13efa033b68c664ba009a6187cb337969ee45f418f0958b4d3654a345c79ea", "price_changes": [{"asset_id": "14198420664819580603238555810652932631588491733675417168465407739911632492677", "price": "0.01", "size": "19000", "side": "BUY", "hash": "c30e04c37c941f55c54e009b982b29413aa12672", "best_bid": "0.09", "best_ask": "0.1"}, {"asset_id": "6969505512906397892758093530201478472799952923489958561611143885815628277167", "price": "0.99", "size": "19000", "side": "SELL", "hash": "d4137e851c2a287d2a854bb3d4cec251129e67c5", "best_bid": "0.9", "best_ask": "0.91"}], "timestamp": "1769384149004", "event_type": "price_change"}}
{"_local_timestamp": "2026-01-25T23:35:49.115973+00:00", "data": {"market": "0xfa13efa033b68c664ba009a6187cb337969ee45f418f0958b4d3654a345c79ea", "price_changes": [{"asset_id": "14198420664819580603238555810652932631588491733675417168465407739911632492677", "price": "0.06", "size": "10931.6", "side": "BUY", "hash": "8c558032552ba3e4f0027b7b35f9fb9757878c6b", "best_bid": "0.09", "best_ask": "0.1"}, {"asset_id": "6969505512906397892758093530201478472799952923489958561611143885815628277167", "price": "0.94", "size": "10931.6", "side": "SELL", "hash": "0b7fc468079272f343ea4b94e92e14bcfb795f6a", "best_bid": "0.9", "best_ask": "0.91"}], "timestamp": "1769384149005", "event_type": "price_change"}}
{"_local_timestamp": "2026-01-25T23:35:50.195500+00:00", "data": {"market": "0xfa13efa033b68c664ba009a6187cb337969ee45f418f0958b4d3654a345c79ea", "price_changes": [{"asset_id": "6969505512906397892758093530201478472799952923489958561611143885815628277167", "price": "0.89", "size": "1747.1", "side": "BUY", "hash": "06a6531dd96b7245be06835e558f722009e4e90d", "best_bid": "0.9", "best_ask": "0.91"}, {"asset_id": "14198420664819580603238555810652932631588491733675417168465407739911632492677", "price": "0.11", "size": "1747.1", "side": "SELL", "hash": "36a52b066c1f4dac975e0434cd60ab5781a1beaf", "best_bid": "0.09", "best_ask": "0.1"}], "timestamp": "1769384150122", "event_type": "price_change"}}
{"_local_timestamp": "2026-01-25T23:35:50.219059+00:00", "data": {"market": "0xfa13efa033b68c664ba009a6187cb337969ee45f418f0958b4d3654a345c79ea", "price_changes": [{"asset_id": "14198420664819580603238555810652932631588491733675417168465407739911632492677", "price": "0.08", "size": "1369.68", "side": "BUY", "hash": "e7b10c492182de035f76c79ffcdb10459696d69f", "best_bid": "0.09", "best_ask": "0.1"}, {"asset_id": "6969505512906397892758093530201478472799952923489958561611143885815628277167", "price": "0.92", "size": "1369.68", "side": "SELL", "hash": "64ef4c1fa0546a345292f01054040dbe22eb07ee", "best_bid": "0.9", "best_ask": "0.91"}], "timestamp": "1769384150151", "event_type": "price_change"}}
{"_local_timestamp": "2026-01-25T23:35:51.016589+00:00", "data": {"market": "0xfa13efa033b68c664ba009a6187cb337969ee45f418f0958b4d3654a345c79ea", "price_changes": [{"asset_id": "14198420664819580603238555810652932631588491733675417168465407739911632492677", "price": "0.08", "size": "1379.68", "side": "BUY", "hash": "810b2e2e398d6c6db617c3acb8f4d044d52a87c5", "best_bid": "0.09", "best_ask": "0.1"}, {"asset_id": "6969505512906397892758093530201478472799952923489958561611143885815628277167", "price": "0.92", "size": "1379.68", "side": "SELL", "hash": "2bcc76251d2a27510592e680297f35f63faab026", "best_bid": "0.9", "best_ask": "0.91"}], "timestamp": "1769384150947", "event_type": "price_change"}}
{"_local_timestamp": "2026-01-25T23:35:51.496312+00:00", "data": {"market": "0xfa13efa033b68c664ba009a6187cb337969ee45f418f0958b4d3654a345c79ea", "price_changes": [{"asset_id": "14198420664819580603238555810652932631588491733675417168465407739911632492677", "price": "0.08", "size": "1359.68", "side": "BUY", "hash": "255ec210854a55a6f1aca42d56c0ef4f941e5c31", "best_bid": "0.09", "best_ask": "0.1"}, {"asset_id": "6969505512906397892758093530201478472799952923489958561611143885815628277167", "price": "0.92", "size": "1359.68", "side": "SELL", "hash": "e9dac88e8162e994f25e0d24577197679b68a353", "best_bid": "0.9", "best_ask": "0.91"}], "timestamp": "1769384151429", "event_type": "price_change"}}
{"_local_timestamp": "2026-01-25T23:35:52.205000+00:00", "data": {"market": "0xfa13efa033b68c664ba009a6187cb337969ee45f418f0958b4d3654a345c79ea", "price_changes": [{"asset_id": "14198420664819580603238555810652932631588491733675417168465407739911632492677", "price": "0.01", "size": "18900", "side": "BUY", "hash": "771e14dc6eae1ea18e6e362a61efd7c89b72487f", "best_bid": "0.09", "best_ask": "0.1"}, {"asset_id": "6969505512906397892758093530201478472799952923489958561611143885815628277167", "price": "0.99", "size": "18900", "side": "SELL", "hash": "15f9b9cc4ffccde71dd69d8807a3f7d91185e0da", "best_bid": "0.9", "best_ask": "0.91"}], "timestamp": "1769384152137", "event_type": "price_change"}}
{"_local_timestamp": "2026-01-25T23:35:53.022567+00:00", "data": {"market": "0xfa13efa033b68c664ba009a6187cb337969ee45f418f0958b4d3654a345c79ea", "price_changes": [{"asset_id": "6969505512906397892758093530201478472799952923489958561611143885815628277167", "price": "0.89", "size": "1757.1", "side": "BUY", "hash": "95a4e46528f08f363e9844ac0aba97707d666b0d", "best_bid": "0.9", "best_ask": "0.91"}, {"asset_id": "14198420664819580603238555810652932631588491733675417168465407739911632492677", "price": "0.11", "size": "1757.1", "side": "SELL", "hash": "592a8e4e90dfc3244003e0d75f903c8e3c543517", "best_bid": "0.09", "best_ask": "0.1"}], "timestamp": "1769384152956", "event_type": "price_change"}}
{"_local_timestamp": "2026-01-25T23:35:53.059618+00:00", "data": {"market": "0xfa13efa033b68c664ba009a6187cb337969ee45f418f0958b4d3654a345c79ea", "price_changes": [{"asset_id": "6969505512906397892758093530201478472799952923489958561611143885815628277167", "price": "0.89", "size": "1747.1", "side": "BUY", "hash": "89e054dadaf5df13e380896f6cb43615f1770cf0", "best_bid": "0.9", "best_ask": "0.91"}, {"asset_id": "14198420664819580603238555810652932631588491733675417168465407739911632492677", "price": "0.11", "size": "1747.1", "side": "SELL", "hash": "37a42d8c6db0d3cde318de9f6368721aec8e5a9e", "best_bid": "0.09", "best_ask": "0.1"}], "timestamp": "1769384152986", "event_type": "price_change"}}
{"_local_timestamp": "2026-01-25T23:35:54.415587+00:00", "data": {"market": "0xfa13efa033b68c664ba009a6187cb337969ee45f418f0958b4d3654a345c79ea", "price_changes": [{"asset_id": "6969505512906397892758093530201478472799952923489958561611143885815628277167", "price": "0.89", "size": "1757.1", "side": "BUY", "hash": "9e826fa4e5c98fbced57dc9019c330d945751220", "best_bid": "0.9", "best_ask": "0.91"}, {"asset_id": "14198420664819580603238555810652932631588491733675417168465407739911632492677", "price": "0.11", "size": "1757.1", "side": "SELL", "hash": "b11734ee9fd1a2864932695a8170f59e4d7bcfbf", "best_bid": "0.09", "best_ask": "0.1"}], "timestamp": "1769384154340", "event_type": "price_change"}}
{"_local_timestamp": "2026-01-25T23:35:55.950195+00:00", "data": {"market": "0xfa13efa033b68c664ba009a6187cb337969ee45f418f0958b4d3654a345c79ea", "price_changes": [{"asset_id": "6969505512906397892758093530201478472799952923489958561611143885815628277167", "price": "0.89", "size": "1747.1", "side": "BUY", "hash": "e27312de518b9d0267397351a5b6767621a524bb", "best_bid": "0.9", "best_ask": "0.91"}, {"asset_id": "14198420664819580603238555810652932631588491733675417168465407739911632492677", "price": "0.11", "size": "1747.1", "side": "SELL", "hash": "6dd2620144d513dc9089392369ff729d17759858", "best_bid": "0.09", "best_ask": "0.1"}], "timestamp": "1769384155878", "event_type": "price_change"}}
{"_local_timestamp": "2026-01-25T23:35:56.463099+00:00", "data": {"market": "0xfa13efa033b68c664ba009a6187cb337969ee45f418f0958b4d3654a345c79ea", "price_changes": [{"asset_id": "6969505512906397892758093530201478472799952923489958561611143885815628277167", "price": "0.28", "size": "142.85", "side": "BUY", "hash": "d77b0e5e06c4c862a9ec6fc6551fdabc52a71edc", "best_bid": "0.9", "best_ask": "0.91"}, {"asset_id": "14198420664819580603238555810652932631588491733675417168465407739911632492677", "price": "0.72", "size": "142.85", "side": "SELL", "hash": "d953def9f869e6c9a4f030604843374d2a0660cd", "best_bid": "0.09", "best_ask": "0.1"}], "timestamp": "1769384156303", "event_type": "price_change"}}
{"_local_timestamp": "2026-01-25T23:35:56.485541+00:00", "data": {"market": "0xfa13efa033b68c664ba009a6187cb337969ee45f418f0958b4d3654a345c79ea", "price_changes": [{"asset_id": "14198420664819580603238555810652932631588491733675417168465407739911632492677", "price": "0.08", "size": "1369.68", "side": "BUY", "hash": "2d8f8ecaf7d561a760c434de2dcc9b71f495d5ed", "best_bid": "0.09", "best_ask": "0.1"}, {"asset_id": "6969505512906397892758093530201478472799952923489958561611143885815628277167", "price": "0.92", "size": "1369.68", "side": "SELL", "hash": "3901fb83fe05f8987442b41cf56b757f4f16fcb4", "best_bid": "0.9", "best_ask": "0.91"}], "timestamp": "1769384156309", "event_type": "price_change"}}
{"_local_timestamp": "2026-01-25T23:35:56.885375+00:00", "data": {"market": "0xfa13efa033b68c664ba009a6187cb337969ee45f418f0958b4d3654a345c79ea", "price_changes": [{"asset_id": "6969505512906397892758093530201478472799952923489958561611143885815628277167", "price": "0.29", "size": "50", "side": "BUY", "hash": "63bd0fe5ff4032c028d5f470df262c48b9bb9e60", "best_bid": "0.9", "best_ask": "0.91"}, {"asset_id": "14198420664819580603238555810652932631588491733675417168465407739911632492677", "price": "0.71", "size": "50", "side": "SELL", "hash": "96028797c53235405f710486d44d5a8a7ac222f9", "best_bid": "0.09", "best_ask": "0.1"}], "timestamp": "1769384156743", "event_type": "price_change"}}
{"_local_timestamp": "2026-01-25T23:35:57.105729+00:00", "data": {"market": "0xfa13efa033b68c664ba009a6187cb337969ee45f418f0958b4d3654a345c79ea", "price_changes": [{"asset_id": "14198420664819580603238555810652932631588491733675417168465407739911632492677", "price": "0.08", "size": "1359.68", "side": "BUY", "hash": "6fc3a1d33b42b660cff1d3e81b6297603eecbf4a", "best_bid": "0.09", "best_ask": "0.1"}, {"asset_id": "6969505512906397892758093530201478472799952923489958561611143885815628277167", "price": "0.92", "size": "1359.68", "side": "SELL", "hash": "5320711467e2efcd99ebbe6feea55c04860dd830", "best_bid": "0.9", "best_ask": "0.91"}], "timestamp": "1769384157016", "event_type": "price_change"}}
{"_local_timestamp": "2026-01-25T23:35:57.138806+00:00", "data": {"market": "0xfa13efa033b68c664ba009a6187cb337969ee45f418f0958b4d3654a345c79ea", "price_changes": [{"asset_id": "6969505512906397892758093530201478472799952923489958561611143885815628277167", "price": "0.89", "size": "1757.1", "side": "BUY", "hash": "fa86020865976bcfde7578321a41c84dfc640c94", "best_bid": "0.9", "best_ask": "0.91"}, {"asset_id": "14198420664819580603238555810652932631588491733675417168465407739911632492677", "price": "0.11", "size": "1757.1", "side": "SELL", "hash": "08c3ede08c3f73266531d3e0bc5df9d842aaa1e4", "best_bid": "0.09", "best_ask": "0.1"}], "timestamp": "1769384157064", "event_type": "price_change"}}
{"_local_timestamp": "2026-01-25T23:35:59.530686+00:00", "data": {"market": "0xfa13efa033b68c664ba009a6187cb337969ee45f418f0958b4d3654a345c79ea", "price_changes": [{"asset_id": "6969505512906397892758093530201478472799952923489958561611143885815628277167", "price": "0.89", "size": "1747.1", "side": "BUY", "hash": "2e232d7f85164196c38ee899fd38ffb5fb226804", "best_bid": "0.9", "best_ask": "0.91"}, {"asset_id": "14198420664819580603238555810652932631588491733675417168465407739911632492677", "price": "0.11", "size": "1747.1", "side": "SELL", "hash": "8d6dbed025b44e570ff4bca4d1aebac483afd195", "best_bid": "0.09", "best_ask": "0.1"}], "timestamp": "1769384159441", "event_type": "price_change"}}
{"_local_timestamp": "2026-01-25T23:35:59.968917+00:00", "data": {"market": "0xfa13efa033b68c664ba009a6187cb337969ee45f418f0958b4d3654a345c79ea", "price_changes": [{"asset_id": "14198420664819580603238555810652932631588491733675417168465407739911632492677", "price": "0.08", "size": "1369.68", "side": "BUY", "hash": "a61332dcb062ee8330d32723ea99e559b340ccea", "best_bid": "0.09", "best_ask": "0.1"}, {"asset_id": "6969505512906397892758093530201478472799952923489958561611143885815628277167", "price": "0.92", "size": "1369.68", "side": "SELL", "hash": "fc2200da6fac6c6d8295c9848a231831fcda3722", "best_bid": "0.9", "best_ask": "0.91"}], "timestamp": "1769384159902", "event_type": "price_change"}}
{"_local_timestamp": "2026-01-25T23:36:00.845531+00:00", "data": {"market": "0xfa13efa033b68c664ba009a6187cb337969ee45f418f0958b4d3654a345c79ea", "price_changes": [{"asset_id": "14198420664819580603238555810652932631588491733675417168465407739911632492677", "price": "0.08", "size": "1379.68", "side": "BUY", "hash": "49ff37f59afd38ea37fe67bd620a9d4851a27503", "best_bid": "0.09", "best_ask": "0.1"}, {"asset_id": "6969505512906397892758093530201478472799952923489958561611143885815628277167", "price": "0.92", "size": "1379.68", "side": "SELL", "hash": "2341cc546f637234491067c2bfb17373adeeccf4", "best_bid": "0.9", "best_ask": "0.91"}], "timestamp": "1769384160781", "event_type": "price_change"}}
{"_local_timestamp": "2026-01-25T23:36:01.049049+00:00", "data": {"market": "0xfa13efa033b68c664ba009a6187cb337969ee45f418f0958b4d3654a345c79ea", "price_changes": [{"asset_id": "14198420664819580603238555810652932631588491733675417168465407739911632492677", "price": "0.08", "size": "1359.68", "side": "BUY", "hash": "4efa365ff54c29a4da2a86954ae984907f76aa8e", "best_bid": "0.09", "best_ask": "0.1"}, {"asset_id": "6969505512906397892758093530201478472799952923489958561611143885815628277167", "price": "0.92", "size": "1359.68", "side": "SELL", "hash": "de04e56f2059db48f725920a0f051fe88162c1b6", "best_bid": "0.9", "best_ask": "0.91"}], "timestamp": "1769384160981", "event_type": "price_change"}}
{"_local_timestamp": "2026-01-25T23:36:01.158805+00:00", "data": {"market": "0xfa13efa033b68c664ba009a6187cb337969ee45f418f0958b4d3654a345c79ea", "price_changes": [{"asset_id": "6969505512906397892758093530201478472799952923489958561611143885815628277167", "price": "0.89", "size": "1757.1", "side": "BUY", "hash": "13feae65a874d6be2859a4193522d3b22e73ee05", "best_bid": "0.9", "best_ask": "0.91"}, {"asset_id": "14198420664819580603238555810652932631588491733675417168465407739911632492677", "price": "0.11", "size": "1757.1", "side": "SELL", "hash": "1972cb6625f8735aeaca052d199ee434d4038fcd", "best_bid": "0.09", "best_ask": "0.1"}], "timestamp": "1769384161088", "event_type": "price_change"}}
{"_local_timestamp": "2026-01-25T23:36:02.752929+00:00", "data": {"market": "0xfa13efa033b68c664ba009a6187cb337969ee45f418f0958b4d3654a345c79ea", "price_changes": [{"asset_id": "6969505512906397892758093530201478472799952923489958561611143885815628277167", "price": "0.89", "size": "1747.1", "side": "BUY", "hash": "43a67c9d2e6fdc9d64c64de7051e513d69f58ac0", "best_bid": "0.9", "best_ask": "0.91"}, {"asset_id": "14198420664819580603238555810652932631588491733675417168465407739911632492677", "price": "0.11", "size": "1747.1", "side": "SELL", "hash": "022e56ac39d8c87d89c3f391010f92544149e685", "best_bid": "0.09", "best_ask": "0.1"}], "timestamp": "1769384162659", "event_type": "price_change"}}
{"_local_timestamp": "2026-01-25T23:36:02.764965+00:00", "data": {"market": "0xfa13efa033b68c664ba009a6187cb337969ee45f418f0958b4d3654a345c79ea", "price_changes": [{"asset_id": "6969505512906397892758093530201478472799952923489958561611143885815628277167", "price": "0.89", "size": "1757.1", "side": "BUY", "hash": "0fe3aae00759dd47c8031d81efcf243e0d6785a6", "best_bid": "0.9", "best_ask": "0.91"}, {"asset_id": "14198420664819580603238555810652932631588491733675417168465407739911632492677", "price": "0.11", "size": "1757.1", "side": "SELL", "hash": "bf0bcb5aeb8ee4f71ffaafe1267ea9faddc3b829", "best_bid": "0.09", "best_ask": "0.1"}], "timestamp": "1769384162695", "event_type": "price_change"}}
{"_local_timestamp": "2026-01-25T23:36:02.860685+00:00", "data": {"market": "0xfa13efa033b68c664ba009a6187cb337969ee45f418f0958b4d3654a345c79ea", "price_changes": [{"asset_id": "6969505512906397892758093530201478472799952923489958561611143885815628277167", "price": "0.89", "size": "1747.1", "side": "BUY", "hash": "6c34beadd6487d3a0d976173f0cab679f9df9371", "best_bid": "0.9", "best_ask": "0.91"}, {"asset_id": "14198420664819580603238555810652932631588491733675417168465407739911632492677", "price": "0.11", "size": "1747.1", "side": "SELL", "hash": "92bc8d9102519b92cf08a1b6dcc215c493fbcb86", "best_bid": "0.09", "best_ask": "0.1"}], "timestamp": "1769384162793", "event_type": "price_change"}}
{"_local_timestamp": "2026-01-25T23:36:02.933156+00:00", "data": {"market": "0xfa13efa033b68c664ba009a6187cb337969ee45f418f0958b4d3654a345c79ea", "price_changes": [{"asset_id": "14198420664819580603238555810652932631588491733675417168465407739911632492677", "price": "0.08", "size": "1369.68", "side": "BUY", "hash": "0d92056225cb3ab6993b68f44f9df7569e682a9e", "best_bid": "0.09", "best_ask": "0.1"}, {"asset_id": "6969505512906397892758093530201478472799952923489958561611143885815628277167", "price": "0.92", "size": "1369.68", "side": "SELL", "hash": "18d6420894fc56f87edd38b354ac7daff120d3c5", "best_bid": "0.9", "best_ask": "0.91"}], "timestamp": "1769384162860", "event_type": "price_change"}}
{"_local_timestamp": "2026-01-25T23:36:05.397609+00:00", "data": {"market": "0xfa13efa033b68c664ba009a6187cb337969ee45f418f0958b4d3654a345c79ea", "price_changes": [{"asset_id": "14198420664819580603238555810652932631588491733675417168465407739911632492677", "price": "0.08", "size": "1359.68", "side": "BUY", "hash": "e566d903ddecd20ed557443f290a040a6c816ce0", "best_bid": "0.09", "best_ask": "0.1"}, {"asset_id": "6969505512906397892758093530201478472799952923489958561611143885815628277167", "price": "0.92", "size": "1359.68", "side": "SELL", "hash": "9582ada976f14949e3e4b087985644741c70ab87", "best_bid": "0.9", "best_ask": "0.91"}], "timestamp": "1769384165328", "event_type": "price_change"}}
{"_local_timestamp": "2026-01-25T23:36:05.658212+00:00", "data": {"market": "0xfa13efa033b68c664ba009a6187cb337969ee45f418f0958b4d3654a345c79ea", "price_changes": [{"asset_id": "14198420664819580603238555810652932631588491733675417168465407739911632492677", "price": "0.06", "size": "10948.6", "side": "BUY", "hash": "0901cd87c649b86c1dbd3c92fb65cf0daef83346", "best_bid": "0.09", "best_ask": "0.1"}, {"asset_id": "6969505512906397892758093530201478472799952923489958561611143885815628277167", "price": "0.94", "size": "10948.6", "side": "SELL", "hash": "321132fa1726b07770ffe5ff5473bef82d023af2", "best_bid": "0.9", "best_ask": "0.91"}], "timestamp": "1769384165591", "event_type": "price_change"}}
{"_local_timestamp": "2026-01-25T23:36:05.659104+00:00", "data": {"market": "0xfa13efa033b68c664ba009a6187cb337969ee45f418f0958b4d3654a345c79ea", "price_changes": [{"asset_id": "14198420664819580603238555810652932631588491733675417168465407739911632492677", "price": "0.01", "size": "19200", "side": "BUY", "hash": "0fc6c722c571d109dcd209bee1ee3b67d01086e1", "best_bid": "0.09", "best_ask": "0.1"}, {"asset_id": "6969505512906397892758093530201478472799952923489958561611143885815628277167", "price": "0.99", "size": "19200", "side": "SELL", "hash": "54e7a5118ceb2304b1afceb2f4483c90ccbb0a57", "best_bid": "0.9", "best_ask": "0.91"}], "timestamp": "1769384165592", "event_type": "price_change"}}
{"_local_timestamp": "2026-01-25T23:36:05.659728+00:00", "data": {"market": "0xfa13efa033b68c664ba009a6187cb337969ee45f418f0958b4d3654a345c79ea", "price_changes": [{"asset_id": "14198420664819580603238555810652932631588491733675417168465407739911632492677", "price": "0.05", "size": "2080", "side": "BUY", "hash": "0478b957d62697fc624abc5b9c5c5b5b888f6258", "best_bid": "0.09", "best_ask": "0.1"}, {"asset_id": "6969505512906397892758093530201478472799952923489958561611143885815628277167", "price": "0.95", "size": "2080", "side": "SELL", "hash": "7cdb4558dafca42ecdaee393f5f44e6cb59a9ebb", "best_bid": "0.9", "best_ask": "0.91"}], "timestamp": "1769384165592", "event_type": "price_change"}}
{"_local_timestamp": "2026-01-25T23:36:06.621463+00:00", "data": {"market": "0xfa13efa033b68c664ba009a6187cb337969ee45f418f0958b4d3654a345c79ea", "price_changes": [{"asset_id": "6969505512906397892758093530201478472799952923489958561611143885815628277167", "price": "0.89", "size": "1757.1", "side": "BUY", "hash": "3addc209a8535c8990e062aac2e2223c1b1ea319", "best_bid": "0.9", "best_ask": "0.91"}, {"asset_id": "14198420664819580603238555810652932631588491733675417168465407739911632492677", "price": "0.11", "size": "1757.1", "side": "SELL", "hash": "91f620fd64db867ba6589119951790113eba38a6", "best_bid": "0.09", "best_ask": "0.1"}], "timestamp": "1769384166549", "event_type": "price_change"}}
{"_local_timestamp": "2026-01-25T23:36:08.193211+00:00", "data": {"market": "0xfa13efa033b68c664ba009a6187cb337969ee45f418f0958b4d3654a345c79ea", "price_changes": [{"asset_id": "6969505512906397892758093530201478472799952923489958561611143885815628277167", "price": "0.89", "size": "1747.1", "side": "BUY", "hash": "ef5f9d5c472cd5f671838165768a1ead57a6db9e", "best_bid": "0.9", "best_ask": "0.91"}, {"asset_id": "14198420664819580603238555810652932631588491733675417168465407739911632492677", "price": "0.11", "size": "1747.1", "side": "SELL", "hash": "80e93e286bec5ea6de949767b47fe4a5e423bf5d", "best_bid": "0.09", "best_ask": "0.1"}], "timestamp": "1769384168122", "event_type": "price_change"}}
{"_local_timestamp": "2026-01-25T23:36:08.680815+00:00", "data": {"market": "0xfa13efa033b68c664ba009a6187cb337969ee45f418f0958b4d3654a345c79ea", "price_changes": [{"asset_id": "14198420664819580603238555810652932631588491733675417168465407739911632492677", "price": "0.08", "size": "1369.68", "side": "BUY", "hash": "c3eb92f3a19c2096a41ee84f8416f299e391ca3a", "best_bid": "0.09", "best_ask": "0.1"}, {"asset_id": "6969505512906397892758093530201478472799952923489958561611143885815628277167", "price": "0.92", "size": "1369.68", "side": "SELL", "hash": "29ef3be7d10adeaefda997ab6120839bb12f8779", "best_bid": "0.9", "best_ask": "0.91"}], "timestamp": "1769384168608", "event_type": "price_change"}}
{"_local_timestamp": "2026-01-25T23:36:09.872868+00:00", "data": {"market": "0xfa13efa033b68c664ba009a6187cb337969ee45f418f0958b4d3654a345c79ea", "price_changes": [{"asset_id": "14198420664819580603238555810652932631588491733675417168465407739911632492677", "price": "0.08", "size": "1359.68", "side": "BUY", "hash": "9e401499cc7d1d201af230058cc13acc0b114664", "best_bid": "0.09", "best_ask": "0.1"}, {"asset_id": "6969505512906397892758093530201478472799952923489958561611143885815628277167", "price": "0.92", "size": "1359.68", "side": "SELL", "hash": "6385c855858d45d044e5db393b9197fadca5b833", "best_bid": "0.9", "best_ask": "0.91"}], "timestamp": "1769384169805", "event_type": "price_change"}}
{"_local_timestamp": "2026-01-25T23:36:09.905208+00:00", "data": {"market": "0xfa13efa033b68c664ba009a6187cb337969ee45f418f0958b4d3654a345c79ea", "price_changes": [{"asset_id": "14198420664819580603238555810652932631588491733675417168465407739911632492677", "price": "0.08", "size": "1369.68", "side": "BUY", "hash": "2e3006f576181e680be1d4f5ec54dc902d1ed90c", "best_bid": "0.09", "best_ask": "0.1"}, {"asset_id": "6969505512906397892758093530201478472799952923489958561611143885815628277167", "price": "0.92", "size": "1369.68", "side": "SELL", "hash": "52a481f081256735234f1685b338b163009aeda4", "best_bid": "0.9", "best_ask": "0.91"}], "timestamp": "1769384169839", "event_type": "price_change"}}
{"_local_timestamp": "2026-01-25T23:36:11.241012+00:00", "data": {"market": "0xfa13efa033b68c664ba009a6187cb337969ee45f418f0958b4d3654a345c79ea", "price_changes": [{"asset_id": "14198420664819580603238555810652932631588491733675417168465407739911632492677", "price": "0.08", "size": "1379.68", "side": "BUY", "hash": "376456eee27e3938b95e96bb5727c70d8f840a47", "best_bid": "0.09", "best_ask": "0.1"}, {"asset_id": "6969505512906397892758093530201478472799952923489958561611143885815628277167", "price": "0.92", "size": "1379.68", "side": "SELL", "hash": "8dd94ceb4531584a88822eac890c06772c149acc", "best_bid": "0.9", "best_ask": "0.91"}], "timestamp": "1769384171171", "event_type": "price_change"}}
{"_local_timestamp": "2026-01-25T23:36:11.492998+00:00", "data": {"market": "0xfa13efa033b68c664ba009a6187cb337969ee45f418f0958b4d3654a345c79ea", "price_changes": [{"asset_id": "14198420664819580603238555810652932631588491733675417168465407739911632492677", "price": "0.08", "size": "1359.68", "side": "BUY", "hash": "222793b20e3c521204a3c9e66c252fe3d8986c8f", "best_bid": "0.09", "best_ask": "0.1"}, {"asset_id": "6969505512906397892758093530201478472799952923489958561611143885815628277167", "price": "0.92", "size": "1359.68", "side": "SELL", "hash": "b0ae35eaefa7c1f696c3e59e6da2d133ab653757", "best_bid": "0.9", "best_ask": "0.91"}], "timestamp": "1769384171420", "event_type": "price_change"}}
{"_local_timestamp": "2026-01-25T23:36:11.545005+00:00", "data": {"market": "0xfa13efa033b68c664ba009a6187cb337969ee45f418f0958b4d3654a345c79ea", "price_changes": [{"asset_id": "6969505512906397892758093530201478472799952923489958561611143885815628277167", "price": "0.89", "size": "1757.1", "side": "BUY", "hash": "32577be2efcd5ed9f3a01945cdb9f053ebe30e4f", "best_bid": "0.9", "best_ask": "0.91"}, {"asset_id": "14198420664819580603238555810652932631588491733675417168465407739911632492677", "price": "0.11", "size": "1757.1", "side": "SELL", "hash": "fd3f6ba7f6dbf2bd678522f8c53c61e96e751c1a", "best_bid": "0.09", "best_ask": "0.1"}], "timestamp": "1769384171466", "event_type": "price_change"}}
{"_local_timestamp": "2026-01-25T23:36:11.737453+00:00", "data": {"market": "0xfa13efa033b68c664ba009a6187cb337969ee45f418f0958b4d3654a345c79ea", "price_changes": [{"asset_id": "6969505512906397892758093530201478472799952923489958561611143885815628277167", "price": "0.89", "size": "1747.1", "side": "BUY", "hash": "7dd42c16589e2ccc5ef55330986baf1c899cb75d", "best_bid": "0.9", "best_ask": "0.91"}, {"asset_id": "14198420664819580603238555810652932631588491733675417168465407739911632492677", "price": "0.11", "size": "1747.1", "side": "SELL", "hash": "1f10ba994546e67b99566bd3b1a022d412fd3b84", "best_bid": "0.09", "best_ask": "0.1"}], "timestamp": "1769384171670", "event_type": "price_change"}}
{"_local_timestamp": "2026-01-25T23:36:12.206003+00:00", "data": {"market": "0xfa13efa033b68c664ba009a6187cb337969ee45f418f0958b4d3654a345c79ea", "price_changes": [{"asset_id": "6969505512906397892758093530201478472799952923489958561611143885815628277167", "price": "0.89", "size": "1757.1", "side": "BUY", "hash": "3d52c7c4f9c4363b7581ac3abbaf99cfd46c5c13", "best_bid": "0.9", "best_ask": "0.91"}, {"asset_id": "14198420664819580603238555810652932631588491733675417168465407739911632492677", "price": "0.11", "size": "1757.1", "side": "SELL", "hash": "5e8bff94682bfb9dd163d3c7c8ccb2806331c825", "best_bid": "0.09", "best_ask": "0.1"}], "timestamp": "1769384172138", "event_type": "price_change"}}
{"_local_timestamp": "2026-01-25T23:36:16.297351+00:00", "data": {"market": "0xfa13efa033b68c664ba009a6187cb337969ee45f418f0958b4d3654a345c79ea", "price_changes": [{"asset_id": "6969505512906397892758093530201478472799952923489958561611143885815628277167", "price": "0.89", "size": "1747.1", "side": "BUY", "hash": "52297c22a79615247a569cb3e7f9eee6e7f4ddf0", "best_bid": "0.9", "best_ask": "0.91"}, {"asset_id": "14198420664819580603238555810652932631588491733675417168465407739911632492677", "price": "0.11", "size": "1747.1", "side": "SELL", "hash": "91b8e0975408eed8301bd5ec25cbcfd9ad1a07bf", "best_bid": "0.09", "best_ask": "0.1"}], "timestamp": "1769384176222", "event_type": "price_change"}}
{"_local_timestamp": "2026-01-25T23:36:17.554787+00:00", "data": {"market": "0xfa13efa033b68c664ba009a6187cb337969ee45f418f0958b4d3654a345c79ea", "price_changes": [{"asset_id": "6969505512906397892758093530201478472799952923489958561611143885815628277167", "price": "0.89", "size": "1757.1", "side": "BUY", "hash": "b1c90645d330f5f88d2940f2c31fd3035cb0d1f1", "best_bid": "0.9", "best_ask": "0.91"}, {"asset_id": "14198420664819580603238555810652932631588491733675417168465407739911632492677", "price": "0.11", "size": "1757.1", "side": "SELL", "hash": "31fa67dea6ac9a45ec222a32adebb45044596954", "best_bid": "0.09", "best_ask": "0.1"}], "timestamp": "1769384177480", "event_type": "price_change"}}
