{"_local_timestamp": "2026-01-25T23:40:29.608728+00:00", "data": [{"market": "0xe9c127a8c35f045d37b5344b0a36711084fa20c2fc1618bf178a5386f90610be", "asset_id": "80230236018433940569996058935444651347308266584430516013229815570706872276819", "timestamp": "1769384429155", "hash": "cd0429b77e6d880184aebfebf97ec70b31224d42", "bids": [{"price": "0.001", "size": "12487.06"}, {"price": "0.002", "size": "450.28"}, {"price": "0.003", "size": "344.69"}, {"price": "0.004", "size": "149.15"}, {"price": "0.005", "size": "24.22"}, {"price": "0.007", "size": "2.46"}], "asks": [{"price": "0.999", "size": "827726.43"}, {"price": "0.998", "size": "1255.1"}, {"price": "0.997", "size": "1400"}, {"price": "0.996", "size": "9.87"}, {"price": "0.994", "size": "200"}, {"price": "0.99", "size": "2000"}, {"price": "0.989", "size": "10.62"}, {"price": "0.98", "size": "1000"}, {"price": "0.979", "size": "5000"}, {"price": "0.978", "size": "181.81"}, {"price": "0.97", "size": "300"}, {"price": "0.968", "size": "5200"}, {"price": "0.967", "size": "121.21"}, {"price": "0.959", "size": "97.56"}, {"price": "0.958", "size": "5.6"}, {"price": "0.95", "size": "30"}, {"price": "0.949", "size": "39"}, {"price": "0.94", "size": "500"}, {"price": "0.937", "size": "63.49"}, {"price": "0.936", "size": "62.5"}, {"price": "0.9", "size": "560"}, {"price": "0.895", "size": "38.09"}, {"price": "0.894", "size": "37.73"}, {"price": "0.893", "size": "5.54"}, {"price": "0.876", "size": "32.25"}, {"price": "0.875", "size": "32"}, {"price": "0.85", "size": "776.66"}, {"price": "0.849", "size": "26.49"}, {"price": "0.829", "size": "23.39"}, {"price": "0.827", "size": "23.12"}, {"price": "0.826", "size": "22.98"}, {"price": "0.8", "size": "660"}, {"price": "0.799", "size": "39.8"}, {"price": "0.75", "size": "362"}, {"price": "0.749", "size": "31.86"}, {"price": "0.7", "size": "186.66"}, {"price": "0.699", "size": "13.28"}, {"price": "0.65", "size": "68.57"}, {"price": "0.649", "size": "11.39"}, {"price": "0.64", "size": "38.54"}, {"price": "0.639", "size": "7050"}, {"price": "0.638", "size": "250"}, {"price": "0.636", "size": "10.98"}, {"price": "0.635", "size": "10.95"}, {"price": "0.6", "size": "125"}, {"price": "0.597", "size": "5"}, {"price": "0.596", "size": "9.9"}, {"price": "0.541", "size": "8.71"}, {"price": "0.54", "size": "8.69"}, {"price": "0.4", "size": "30"}, {"price": "0.17", "size": "100"}, {"price": "0.08", "size": "108.33"}, {"price": "0.034", "size": "500"}, {"price": "0.033", "size": "2000"}, {"price": "0.03", "size": "2953"}, {"price": "0.029", "size": "24.5"}, {"price": "0.028", "size": "367"}, {"price": "0.013", "size": "25"}, {"price": "0.012", "size": "15"}, {"price": "0.011", "size": "5.24"}], "event_type": "book", "last_trade_price": "0.007"}, {"market": "0xe9c127a8c35f045d37b5344b0a36711084fa20c2fc1618bf178a5386f90610be", "asset_id": "107000426448217931795450451304515386602910396776318075817601265223856116134349", "timestamp": "1769384429155", "hash": "757beef4c4c3b16c9e5124639cb96da7a0c30119", "bids": [{"price": "0.001", "size": "827726.43"}, {"price": "0.002", "size": "1255.1"}, {"price": "0.003", "size": "1400"}, {"price": "0.004", "size": "9.87"}, {"price": "0.006", "size": "200"}, {"price": "0.01", "size": "2000"}, {"price": "0.011", "size": "10.62"}, {"price": "0.02", "size": "1000"}, {"price": "0.021", "size": "5000"}, {"price": "0.022", "size": "181.81"}, {"price": "0.03", "size": "300"}, {"price": "0.032", "size": "5200"}, {"price": "0.033", "size": "121.21"}, {"price": "0.041", "size": "97.56"}, {"price": "0.042", "size": "5.6"}, {"price": "0.05", "size": "30"}, {"price": "0.051", "size": "39"}, {"price": "0.06", "size": "500"}, {"price": "0.063", "size": "63.49"}, {"price": "0.064", "size": "62.5"}, {"price": "0.1", "size": "560"}, {"price": "0.105", "size": "38.09"}, {"price": "0.106", "size": "37.73"}, {"price": "0.107", "size": "5.54"}, {"price": "0.124", "size": "32.25"}, {"price": "0.125", "size": "32"}, {"price": "0.15", "size": "776.66"}, {"price": "0.151", "size": "26.49"}, {"price": "0.171", "size": "23.39"}, {"price": "0.173", "size": "23.12"}, {"price": "0.174", "size": "22.98"}, {"price": "0.2", "size": "660"}, {"price": "0.201", "size": "39.8"}, {"price": "0.25", "size": "362"}, {"price": "0.251", "size": "31.86"}, {"price": "0.3", "size": "186.66"}, {"price": "0.301", "size": "13.28"}, {"price": "0.35", "size": "68.57"}, {"price": "0.351", "size": "11.39"}, {"price": "0.36", "size": "38.54"}, {"price": "0.361", "size": "7050"}, {"price": "0.362", "size": "250"}, {"price": "0.364", "size": "10.98"}, {"price": "0.365", "size": "10.95"}, {"price": "0.4", "size": "125"}, {"price": "0.403", "size": "5"}, {"price": "0.404", "size": "9.9"}, {"price": "0.459", "size": "8.71"}, {"price": "0.46", "size": "8.69"}, {"price": "0.6", "size": "30"}, {"price": "0.83", "size": "100"}, {"price": "0.92", "size": "108.33"}, {"price": "0.966", "size": "500"}, {"price": "0.967", "size": "2000"}, {"price": "0.97", "size": "2953"}, {"price": "0.971", "size": "24.5"}, {"price": "0.972", "size": "367"}, {"price": "0.987", "size": "25"}, {"price": "0.988", "size": "15"}, {"price": "0.989", "size": "5.24"}], "asks": [{"price": "0.999", "size": "12487.06"}, {"price": "0.998", "size": "450.28"}, {"price": "0.997", "size": "344.69"}, {"price": "0.996", "size": "149.15"}, {"price": "0.995", "size": "24.22"}, {"price": "0.993", "size": "2.46"}], "event_type": "book", "last_trade_price": "0.007"}]}
{"_local_timestamp": "2026-01-25T23:40:31.126225+00:00", "data": {"market": "0xe9c127a8c35f045d37b5344b0a36711084fa20c2fc1618bf178a5386f90610be", "price_changes": [{"asset_id": "80230236018433940569996058935444651347308266584430516013229815570706872276819", "price": "0.002", "size": "428.25", "side": "BUY", "hash": "8e7d91ef19aa42412732377ebe49810572565e39", "best_bid": "0.007", "best_ask": "0.011"}, {"asset_id": "107000426448217931795450451304515386602910396776318075817601265223856116134349", "price": "0.998", "size": "428.25", "side": "SELL", "hash": "12e20e02697c74e22f6ef14c4b40eeb8cfc4e900", "best_bid": "0.989", "best_ask": "0.993"}], "timestamp": "1769384431034", "event_type": "price_change"}}
{"_local_timestamp": "2026-01-25T23:40:32.103479+00:00", "data": {"market": "0xe9c127a8c35f045d37b5344b0a36711084fa20c2fc1618bf178a5386f90610be", "price_changes": [{"asset_id": "80230236018433940569996058935444651347308266584430516013229815570706872276819", "price": "0.002", "size": "406.22", "side": "BUY", "hash": "8901c0407b91660f10e5f439746e22cbbfbae7bc", "best_bid": "0.007", "best_ask": "0.011"}, {"asset_id": "107000426448217931795450451304515386602910396776318075817601265223856116134349", "price": "0.998", "size": "406.22", "side": "SELL", "hash": "c32c3fd8bd1052fd7db0157897ad5a8d3faf61ac", "best_bid": "0.989", "best_ask": "0.993"}], "timestamp": "1769384432019", "event_type": "price_change"}}
{"_local_timestamp": "2026-01-25T23:40:32.518680+00:00", "data": {"market": "0xe9c127a8c35f045d37b5344b0a36711084fa20c2fc1618bf178a5386f90610be", "price_changes": [{"asset_id": "80230236018433940569996058935444651347308266584430516013229815570706872276819", "price": "0.002", "size": "428.25", "side": "BUY", "hash": "2d0c94a77284ebf894f3bc394c69a090222dee77", "best_bid": "0.007", "best_ask": "0.011"}, {"asset_id": "107000426448217931795450451304515386602910396776318075817601265223856116134349", "price": "0.998", "size": "428.25", "side": "SELL", "hash": "1294626c560b16978acc90cf759a5b320d121f3c", "best_bid": "0.989", "best_ask": "0.993"}], "timestamp": "1769384432432", "event_type": "price_change"}}
{"_local_timestamp": "2026-01-25T23:40:32.520186+00:00", "data": {"market": "0xe9c127a8c35f045d37b5344b0a36711084fa20c2fc1618bf178a5386f90610be", "price_changes": [{"asset_id": "80230236018433940569996058935444651347308266584430516013229815570706872276819", "price": "0.002", "size": "450.28", "side": "BUY", "hash": "825727cc4cfeba6d5fb48716df6883ad3084dfcf", "best_bid": "0.007", "best_ask": "0.011"}, {"asset_id": "107000426448217931795450451304515386602910396776318075817601265223856116134349", "price": "0.998", "size": "450.28", "side": "SELL", "hash": "62b9677ac44508ff689bf36a14404d58e9b720c1", "best_bid": "0.989", "best_ask": "0.993"}], "timestamp": "1769384432436", "event_type": "price_change"}}
{"_local_timestamp": "2026-01-25T23:40:32.930811+00:00", "data": {"market": "0xe9c127a8c35f045d37b5344b0a36711084fa20c2fc1618bf178a5386f90610be", "price_changes": [{"asset_id": "80230236018433940569996058935444651347308266584430516013229815570706872276819", "price": "0.002", "size": "428.25", "side": "BUY", "hash": "bfc8426e89f6eaaa907d3dc83e86affaf7cb7862", "best_bid": "0.007", "best_ask": "0.011"}, {"asset_id": "107000426448217931795450451304515386602910396776318075817601265223856116134349", "price": "0.998", "size": "428.25", "side": "SELL", "hash": "cb0206af2b0470dd2c6afa5c0d2f84f0d8c556a1", "best_bid": "0.989", "best_ask": "0.993"}], "timestamp": "1769384432865", "event_type": "price_change"}}
{"_local_timestamp": "2026-01-25T23:40:34.046156+00:00", "data": {"market": "0xe9c127a8c35f045d37b5344b0a36711084fa20c2fc1618bf178a5386f90610be", "price_changes": [{"asset_id": "107000426448217931795450451304515386602910396776318075817601265223856116134349", "price": "0.6", "size": "0", "side": "BUY", "hash": "ae29a6d2088dee39199303f92d0e561fd79946cb", "best_bid": "0.989", "best_ask": "0.993"}, {"asset_id": "80230236018433940569996058935444651347308266584430516013229815570706872276819", "price": "0.4", "size": "0", "side": "SELL", "hash": "5b4aaf01aa05c00020171b5a7e9d879d3765f7f4", "best_bid": "0.007", "best_ask": "0.011"}], "timestamp": "1769384433982", "event_type": "price_change"}}
{"_local_timestamp": "2026-01-25T23:40:34.290376+00:00", "data": {"market": "0xe9c127a8c35f045d37b5344b0a36711084fa20c2fc1618bf178a5386f90610be", "price_changes": [{"asset_id": "80230236018433940569996058935444651347308266584430516013229815570706872276819", "price": "0.002", "size": "406.22", "side": "BUY", "hash": "8f1f44f37c21e1f2f289f49a5858d77883bfdcf4", "best_bid": "0.007", "best_ask": "0.011"}, {"asset_id": "107000426448217931795450451304515386602910396776318075817601265223856116134349", "price": "0.998", "size": "406.22", "side": "SELL", "hash": "73c96020ef4ab90eda18dad83422b7337a058305", "best_bid": "0.989", "best_ask": "0.993"}], "timestamp": "1769384434210", "event_type": "price_change"}}
{"_local_timestamp": "2026-01-25T23:40:34.700803+00:00", "data": {"market": "0xe9c127a8c35f045d37b5344b0a36711084fa20c2fc1618bf178a5386f90610be", "price_changes": [{"asset_id": "80230236018433940569996058935444651347308266584430516013229815570706872276819", "price": "0.002", "size": "428.25", "side": "BUY", "hash": "fd8a5942e021fbb8a26b973db780f85c515f9bb5", "best_bid": "0.007", "best_ask": "0.011"}, {"asset_id": "107000426448217931795450451304515386602910396776318075817601265223856116134349", "price": "0.998", "size": "428.25", "side": "SELL", "hash": "06ac1267949cf10b4c4789e0b1d598b11c1ad08f", "best_bid": "0.989", "best_ask": "0.993"}], "timestamp": "1769384434625", "event_type": "price_change"}}
{"_local_timestamp": "2026-01-25T23:40:34.702258+00:00", "data": {"market": "0xe9c127a8c35f045d37b5344b0a36711084fa20c2fc1618bf178a5386f90610be", "price_changes": [{"asset_id": "80230236018433940569996058935444651347308266584430516013229815570706872276819", "price": "0.002", "size": "450.28", "side": "BUY", "hash": "1e03de97afdca6b9970a1b97b911717bf4606843", "best_bid": "0.007", "best_ask": "0.011"}, {"asset_id": "107000426448217931795450451304515386602910396776318075817601265223856116134349", "price": "0.998", "size": "450.28", "side": "SELL", "hash": "dd3622f98b0295eac4f9f57b791d54b87f115bf2", "best_bid": "0.989", "best_ask": "0.993"}], "timestamp": "1769384434629", "event_type": "price_change"}}
{"_local_timestamp": "2026-01-25T23:40:36.092470+00:00", "data": {"market": "0xe9c127a8c35f045d37b5344b0a36711084fa20c2fc1618bf178a5386f90610be", "price_changes": [{"asset_id": "80230236018433940569996058935444651347308266584430516013229815570706872276819", "price": "0.002", "size": "428.25", "side": "BUY", "hash": "d15cecf3be011e9a869f6b947ec8796d702ab0c5", "best_bid": "0.007", "best_ask": "0.011"}, {"asset_id": "107000426448217931795450451304515386602910396776318075817601265223856116134349", "price": "0.998", "size": "428.25", "side": "SELL", "hash": "615e7ef92a84e3c5e4e86496a3fa914556a043e4", "best_bid": "0.989", "best_ask": "0.993"}], "timestamp": "1769384436004", "event_type": "price_change"}}
{"_local_timestamp": "2026-01-25T23:40:36.126042+00:00", "data": {"market": "0xe9c127a8c35f045d37b5344b0a36711084fa20c2fc1618bf178a5386f90610be", "price_changes": [{"asset_id": "107000426448217931795450451304515386602910396776318075817601265223856116134349", "price": "0.6", "size": "30", "side": "BUY", "hash": "2056573af438b6be577cb5d1f180d1502f314dca", "best_bid": "0.989", "best_ask": "0.993"}, {"asset_id": "80230236018433940569996058935444651347308266584430516013229815570706872276819", "price": "0.4", "size": "30", "side": "SELL", "hash": "bc9384e5b23972c93428e7697623c40529a69ecb", "best_bid": "0.007", "best_ask": "0.011"}], "timestamp": "1769384436061", "event_type": "price_change"}}
{"_local_timestamp": "2026-01-25T23:40:37.397105+00:00", "data": {"market": "0xe9c127a8c35f045d37b5344b0a36711084fa20c2fc1618bf178a5386f90610be", "price_changes": [{"asset_id": "80230236018433940569996058935444651347308266584430516013229815570706872276819", "price": "0.002", "size": "406.22", "side": "BUY", "hash": "1ecc0e296dad5ee0fd42d629b714b3aa7c77f8ea", "best_bid": "0.007", "best_ask": "0.011"}, {"asset_id": "107000426448217931795450451304515386602910396776318075817601265223856116134349", "price": "0.998", "size": "406.22", "side": "SELL", "hash": "fc6a7bd12d81354995b88aa56d58145fc78006fa", "best_bid": "0.989", "best_ask": "0.993"}], "timestamp": "1769384437296", "event_type": "price_change"}}
{"_local_timestamp": "2026-01-25T23:40:37.713065+00:00", "data": {"market": "0xe9c127a8c35f045d37b5344b0a36711084fa20c2fc1618bf178a5386f90610be", "price_changes": [{"asset_id": "80230236018433940569996058935444651347308266584430516013229815570706872276819", "price": "0.002", "size": "428.25", "side": "BUY", "hash": "e7123c6aedc2a7c351a1d3dfb8ae64174e7f7646", "best_bid": "0.007", "best_ask": "0.011"}, {"asset_id": "107000426448217931795450451304515386602910396776318075817601265223856116134349", "price": "0.998", "size": "428.25", "side": "SELL", "hash": "8a24ab866613a912a5ac77f0f4054ba106348973", "best_bid": "0.989", "best_ask": "0.993"}], "timestamp": "1769384437644", "event_type": "price_change"}}
{"_local_timestamp": "2026-01-25T23:40:37.724927+00:00", "data": {"market": "0xe9c127a8c35f045d37b5344b0a36711084fa20c2fc1618bf178a5386f90610be", "price_changes": [{"asset_id": "80230236018433940569996058935444651347308266584430516013229815570706872276819", "price": "0.002", "size": "450.28", "side": "BUY", "hash": "3190235b635d23e4a4d8cb0d7f196585ff266898", "best_bid": "0.007", "best_ask": "0.011"}, {"asset_id": "107000426448217931795450451304515386602910396776318075817601265223856116134349", "price": "0.998", "size": "450.28", "side": "SELL", "hash": "37ed994cb135500f2b0989c77cff118aecb25ff6", "best_bid": "0.989", "best_ask": "0.993"}], "timestamp": "1769384437648", "event_type": "price_change"}}
{"_local_timestamp": "2026-01-25T23:40:38.965654+00:00", "data": {"market": "0xe9c127a8c35f045d37b5344b0a36711084fa20c2fc1618bf178a5386f90610be", "price_changes": [{"asset_id": "80230236018433940569996058935444651347308266584430516013229815570706872276819", "price": "0.002", "size": "428.25", "side": "BUY", "hash": "1f3f9cf7adbf516ca863e123cec521b5988cacd2", "best_bid": "0.007", "best_ask": "0.011"}, {"asset_id": "107000426448217931795450451304515386602910396776318075817601265223856116134349", "price": "0.998", "size": "428.25", "side": "SELL", "hash": "5ab49095ff34ca462214741ce0b97480e491e250", "best_bid": "0.989", "best_ask": "0.993"}], "timestamp": "1769384438894", "event_type": "price_change"}}
{"_local_timestamp": "2026-01-25T23:40:39.892219+00:00", "data": {"market": "0xe9c127a8c35f045d37b5344b0a36711084fa20c2fc1618bf178a5386f90610be", "price_changes": [{"asset_id": "80230236018433940569996058935444651347308266584430516013229815570706872276819", "price": "0.002", "size": "406.22", "side": "BUY", "hash": "ffc62bf8b798abc02926decc29dd7640825fee3c", "best_bid": "0.007", "best_ask": "0.011"}, {"asset_id": "107000426448217931795450451304515386602910396776318075817601265223856116134349", "price": "0.998", "size": "406.22", "side": "SELL", "hash": "357785c60f92abad6ba97a7d6a7b1718ef22c0e5", "best_bid": "0.989", "best_ask": "0.993"}], "timestamp": "1769384439816", "event_type": "price_change"}}
{"_local_timestamp": "2026-01-25T23:40:40.205701+00:00", "data": {"market": "0xe9c127a8c35f045d37b5344b0a36711084fa20c2fc1618bf178a5386f90610be", "price_changes": [{"asset_id": "80230236018433940569996058935444651347308266584430516013229815570706872276819", "price": "0.002", "size": "428.25", "side": "BUY", "hash": "46ecb266810f32eff755db5f97c65e3eeeb27a83", "best_bid": "0.007", "best_ask": "0.011"}, {"asset_id": "107000426448217931795450451304515386602910396776318075817601265223856116134349", "price": "0.998", "size": "428.25", "side": "SELL", "hash": "5dabf6a370a6cdee706027840767bd81d8bd27d4", "best_bid": "0.989", "best_ask": "0.993"}], "timestamp": "1769384440136", "event_type": "price_change"}}
{"_local_timestamp": "2026-01-25T23:40:40.216535+00:00", "data": {"market": "0xe9c127a8c35f045d37b5344b0a36711084fa20c2fc1618bf178a5386f90610be", "price_changes": [{"asset_id": "80230236018433940569996058935444651347308266584430516013229815570706872276819", "price": "0.002", "size": "450.28", "side": "BUY", "hash": "e9a572776dbc2724c5769748d20af4cbad6669ad", "best_bid": "0.007", "best_ask": "0.011"}, {"asset_id": "107000426448217931795450451304515386602910396776318075817601265223856116134349", "price": "0.998", "size": "450.28", "side": "SELL", "hash": "d5659249f0c42bbe118a6e147d0f739eeeca9535", "best_bid": "0.989", "best_ask": "0.993"}], "timestamp": "1769384440145", "event_type": "price_change"}}
{"_local_timestamp": "2026-01-25T23:40:41.180240+00:00", "data": {"market": "0xe9c127a8c35f045d37b5344b0a36711084fa20c2fc1618bf178a5386f90610be", "price_changes": [{"asset_id": "80230236018433940569996058935444651347308266584430516013229815570706872276819", "price": "0.002", "size": "428.25", "side": "BUY", "hash": "d9baa78baebae6f976272f5c23789fb3df732802", "best_bid": "0.007", "best_ask": "0.011"}, {"asset_id": "107000426448217931795450451304515386602910396776318075817601265223856116134349", "price": "0.998", "size": "428.25", "side": "SELL", "hash": "5fc4ecac0dfbaef143c51f1ad3b43a5a9f474546", "best_bid": "0.989", "best_ask": "0.993"}], "timestamp": "1769384441100", "event_type": "price_change"}}
