{"_local_timestamp": "2026-01-25T23:41:07.821056+00:00", "data": [{"market": "0xa12307c5702a82834dcc72a29c9541702ebd59854e9af623adb0e05e8d574c12", "asset_id": "2171728716695742715131832599330312731241709893861413948719839952132671652620", "timestamp": "1769384464007", "hash": "911d42a1af8c43867b578504715b173c26714725", "bids": [{"price": "0.01", "size": "4555"}, {"price": "0.03", "size": "10000"}, {"price": "0.04", "size": "600"}, {"price": "0.05", "size": "250"}, {"price": "0.1", "size": "3500"}, {"price": "0.11", "size": "109"}, {"price": "0.16", "size": "1531"}, {"price": "0.17", "size": "189"}, {"price": "0.22", "size": "4732"}, {"price": "0.23", "size": "1713.08"}, {"price": "0.24", "size": "1550"}, {"price": "0.25", "size": "12"}], "asks": [{"price": "0.99", "size": "5105"}, {"price": "0.98", "size": "2000"}, {"price": "0.97", "size": "250"}, {"price": "0.95", "size": "300"}, {"price": "0.93", "size": "1314.28"}, {"price": "0.89", "size": "634.09"}, {"price": "0.85", "size": "213.33"}, {"price": "0.84", "size": "1000"}, {"price": "0.82", "size": "1000"}, {"price": "0.81", "size": "397.36"}, {"price": "0.77", "size": "313.04"}, {"price": "0.76", "size": "1748"}, {"price": "0.75", "size": "8"}, {"price": "0.74", "size": "92.3"}, {"price": "0.73", "size": "50"}, {"price": "0.7", "size": "66.66"}, {"price": "0.66", "size": "125"}, {"price": "0.34", "size": "36.3"}, {"price": "0.33", "size": "20.33"}, {"price": "0.29", "size": "4844"}, {"price": "0.28", "size": "1013.08"}, {"price": "0.27", "size": "2045"}, {"price": "0.26", "size": "210"}], "event_type": "book", "last_trade_price": "0.260"}, {"market": "0xa12307c5702a82834dcc72a29c9541702ebd59854e9af623adb0e05e8d574c12", "asset_id": "51300158980719039871836458576752602034886043598831333024413969795585766367588", "timestamp": "1769384464007", "hash": "a4b424d1a1e85b966147e0ed66a3072f5c032c2d", "bids": [{"price": "0.01", "size": "5105"}, {"price": "0.02", "size": "2000"}, {"price": "0.03", "size": "250"}, {"price": "0.05", "size": "300"}, {"price": "0.07", "size": "1314.28"}, {"price": "0.11", "size": "634.09"}, {"price": "0.15", "size": "213.33"}, {"price": "0.16", "size": "1000"}, {"price": "0.18", "size": "1000"}, {"price": "0.19", "size": "397.36"}, {"price": "0.23", "size": "313.04"}, {"price": "0.24", "size": "1748"}, {"price": "0.25", "size": "8"}, {"price": "0.26", "size": "92.3"}, {"price": "0.27", "size": "50"}, {"price": "0.3", "size": "66.66"}, {"price": "0.34", "size": "125"}, {"price": "0.66", "size": "36.3"}, {"price": "0.67", "size": "20.33"}, {"price": "0.71", "size": "4844"}, {"price": "0.72", "size": "1013.08"}, {"price": "0.73", "size": "2045"}, {"price": "0.74", "size": "210"}], "asks": [{"price": "0.99", "size": "4555"}, {"price": "0.97", "size": "10000"}, {"price": "0.96", "size": "600"}, {"price": "0.95", "size": "250"}, {"price": "0.9", "size": "3500"}, {"price": "0.89", "size": "109"}, {"price": "0.84", "size": "1531"}, {"price": "0.83", "size": "189"}, {"price": "0.78", "size": "4732"}, {"price": "0.77", "size": "1713.08"}, {"price": "0.76", "size": "1550"}, {"price": "0.75", "size": "12"}], "event_type": "book", "last_trade_price": "0.260"}]}
{"_local_timestamp": "2026-01-25T23:41:16.276597+00:00", "data": {"market": "0xa12307c5702a82834dcc72a29c9541702ebd59854e9af623adb0e05e8d574c12", "price_changes": [{"asset_id": "2171728716695742715131832599330312731241709893861413948719839952132671652620", "price": "0.11", "size": "1164", "side": "BUY", "hash": "59e5792b38766f9938591923f647247aa64f6963", "best_bid": "0.25", "best_ask": "0.26"}, {"asset_id": "51300158980719039871836458576752602034886043598831333024413969795585766367588", "price": "0.89", "size": "1164", "side": "SELL", "hash": "c3db3cb826a54e1f4b78e5122c1dd4709a175d23", "best_bid": "0.74", "best_ask": "0.75"}], "timestamp": "1769384476208", "event_type": "price_change"}}
{"_local_timestamp": "2026-01-25T23:41:16.277186+00:00", "data": {"market": "0xa12307c5702a82834dcc72a29c9541702ebd59854e9af623adb0e05e8d574c12", "price_changes": [{"asset_id": "2171728716695742715131832599330312731241709893861413948719839952132671652620", "price": "0.01", "size": "52055", "side": "BUY", "hash": "6e1ff33c3c45123f1ab950414212c761534be05f", "best_bid": "0.25", "best_ask": "0.26"}, {"asset_id": "51300158980719039871836458576752602034886043598831333024413969795585766367588", "price": "0.99", "size": "52055", "side": "SELL", "hash": "67cf59bdc4d2280046b566248661e4f5252c668b", "best_bid": "0.74", "best_ask": "0.75"}], "timestamp": "1769384476209", "event_type": "price_change"}}
{"_local_timestamp": "2026-01-25T23:41:16.277495+00:00", "data": {"market": "0xa12307c5702a82834dcc72a29c9541702ebd59854e9af623adb0e05e8d574c12", "price_changes": [{"asset_id": "2171728716695742715131832599330312731241709893861413948719839952132671652620", "price": "0.16", "size": "1900", "side": "BUY", "hash": "76a559de5206b9d56dcd118b320636b53439362e", "best_bid": "0.25", "best_ask": "0.26"}, {"asset_id": "51300158980719039871836458576752602034886043598831333024413969795585766367588", "price": "0.84", "size": "1900", "side": "SELL", "hash": "e26070edffc62a5700b0f237a572fcdabeb6b257", "best_bid": "0.74", "best_ask": "0.75"}], "timestamp": "1769384476209", "event_type": "price_change"}}
{"_local_timestamp": "2026-01-25T23:41:16.278137+00:00", "data": {"market": "0xa12307c5702a82834dcc72a29c9541702ebd59854e9af623adb0e05e8d574c12", "price_changes": [{"asset_id": "2171728716695742715131832599330312731241709893861413948719839952132671652620", "price": "0.04", "size": "6400", "side": "BUY", "hash": "07c110733e0dcf4e15d3b2accddfabd48c49ec8e", "best_bid": "0.25", "best_ask": "0.26"}, {"asset_id": "51300158980719039871836458576752602034886043598831333024413969795585766367588", "price": "0.96", "size": "6400", "side": "SELL", "hash": "fbe4b9101675ad7c2eac4ec0c469f031d7eba8e6", "best_bid": "0.74", "best_ask": "0.75"}], "timestamp": "1769384476210", "event_type": "price_change"}}
{"_local_timestamp": "2026-01-25T23:41:50.886337+00:00", "data": {"market": "0xa12307c5702a82834dcc72a29c9541702ebd59854e9af623adb0e05e8d574c12", "price_changes": [{"asset_id": "51300158980719039871836458576752602034886043598831333024413969795585766367588", "price": "0.19", "size": "247.36", "side": "BUY", "hash": "99af38b1103022b713312b262b196e4590905a32", "best_bid": "0.74", "best_ask": "0.75"}, {"asset_id": "2171728716695742715131832599330312731241709893861413948719839952132671652620", "price": "0.81", "size": "247.36", "side": "SELL", "hash": "b5cc8945bc33e89b17740e4c4a9726321e6a4bf6", "best_bid": "0.25", "best_ask": "0.26"}], "timestamp": "1769384510745", "event_type": "price_change"}}
{"_local_timestamp": "2026-01-25T23:41:52.521579+00:00", "data": {"market": "0xa12307c5702a82834dcc72a29c9541702ebd59854e9af623adb0e05e8d574c12", "price_changes": [{"asset_id": "51300158980719039871836458576752602034886043598831333024413969795585766367588", "price": "0.18", "size": "1150", "side": "BUY", "hash": "3b689ec7e5473aed069fafba827bf913bbd58d26", "best_bid": "0.74", "best_ask": "0.75"}, {"asset_id": "2171728716695742715131832599330312731241709893861413948719839952132671652620", "price": "0.82", "size": "1150", "side": "SELL", "hash": "b917b5af2cf54263eec5807d83accb08169b2ce1", "best_bid": "0.25", "best_ask": "0.26"}], "timestamp": "1769384511759", "event_type": "price_change"}}
{"_local_timestamp": "2026-01-25T23:41:52.522051+00:00", "data": {"market": "0xa12307c5702a82834dcc72a29c9541702ebd59854e9af623adb0e05e8d574c12", "price_changes": [{"asset_id": "2171728716695742715131832599330312731241709893861413948719839952132671652620", "price": "0.04", "size": "6375", "side": "BUY", "hash": "abfad7d6b65ad5ea0da01202170a78310102d80a", "best_bid": "0.25", "best_ask": "0.26"}, {"asset_id": "51300158980719039871836458576752602034886043598831333024413969795585766367588", "price": "0.96", "size": "6375", "side": "SELL", "hash": "511a6c388acde10296b68eb3861c950412354cc4", "best_bid": "0.74", "best_ask": "0.75"}], "timestamp": "1769384512444", "event_type": "price_change"}}
{"_local_timestamp": "2026-01-25T23:42:24.638029+00:00", "data": {"market": "0xa12307c5702a82834dcc72a29c9541702ebd59854e9af623adb0e05e8d574c12", "price_changes": [{"asset_id": "51300158980719039871836458576752602034886043598831333024413969795585766367588", "price": "0.19", "size": "147.36", "side": "BUY", "hash": "69e6f899d7caf60538364bb736fd84235cd4f5df", "best_bid": "0.74", "best_ask": "0.75"}, {"asset_id": "2171728716695742715131832599330312731241709893861413948719839952132671652620", "price": "0.81", "size": "147.36", "side": "SELL", "hash": "3586b70fd384d4b75182e825965dc34afb86c600", "best_bid": "0.25", "best_ask": "0.26"}], "timestamp": "1769384544475", "event_type": "price_change"}}
{"_local_timestamp": "2026-01-25T23:42:24.639782+00:00", "data": {"market": "0xa12307c5702a82834dcc72a29c9541702ebd59854e9af623adb0e05e8d574c12", "price_changes": [{"asset_id": "51300158980719039871836458576752602034886043598831333024413969795585766367588", "price": "0.23", "size": "263.04", "side": "BUY", "hash": "69e6f899d7caf60538364bb736fd84235cd4f5df", "best_bid": "0.74", "best_ask": "0.75"}, {"asset_id": "2171728716695742715131832599330312731241709893861413948719839952132671652620", "price": "0.77", "size": "263.04", "side": "SELL", "hash": "3586b70fd384d4b75182e825965dc34afb86c600", "best_bid": "0.25", "best_ask": "0.26"}], "timestamp": "1769384544475", "event_type": "price_change"}}
{"_local_timestamp": "2026-01-25T23:42:25.093323+00:00", "data": {"market": "0xa12307c5702a82834dcc72a29c9541702ebd59854e9af623adb0e05e8d574c12", "price_changes": [{"asset_id": "51300158980719039871836458576752602034886043598831333024413969795585766367588", "price": "0.18", "size": "1250", "side": "BUY", "hash": "8444c15025dbf032dffafc549ceb3197f8dcfa19", "best_bid": "0.74", "best_ask": "0.75"}, {"asset_id": "2171728716695742715131832599330312731241709893861413948719839952132671652620", "price": "0.82", "size": "1250", "side": "SELL", "hash": "3f2f2c661b241601a999c28cf4ef33bc56714b22", "best_bid": "0.25", "best_ask": "0.26"}], "timestamp": "1769384544908", "event_type": "price_change"}}
{"_local_timestamp": "2026-01-25T23:42:25.188230+00:00", "data": {"market": "0xa12307c5702a82834dcc72a29c9541702ebd59854e9af623adb0e05e8d574c12", "price_changes": [{"asset_id": "51300158980719039871836458576752602034886043598831333024413969795585766367588", "price": "0.24", "size": "1798", "side": "BUY", "hash": "fcc418703c4e4fe26849659926be0dba788aad2f", "best_bid": "0.74", "best_ask": "0.75"}, {"asset_id": "2171728716695742715131832599330312731241709893861413948719839952132671652620", "price": "0.76", "size": "1798", "side": "SELL", "hash": "e5535531be9a3769d08aff1c10618321f29a9f37", "best_bid": "0.25", "best_ask": "0.26"}], "timestamp": "1769384544942", "event_type": "price_change"}}
{"_local_timestamp": "2026-01-25T23:42:45.342218+00:00", "data": {"market": "0xa12307c5702a82834dcc72a29c9541702ebd59854e9af623adb0e05e8d574c12", "price_changes": [{"asset_id": "51300158980719039871836458576752602034886043598831333024413969795585766367588", "price": "0.23", "size": "213.04", "side": "BUY", "hash": "f362a9590225f5174e7d704b5975a24250e6793f", "best_bid": "0.74", "best_ask": "0.75"}, {"asset_id": "2171728716695742715131832599330312731241709893861413948719839952132671652620", "price": "0.77", "size": "213.04", "side": "SELL", "hash": "5d42588e99e8c0cdbdd0c4ff87f010372588dad2", "best_bid": "0.25", "best_ask": "0.26"}], "timestamp": "1769384565200", "event_type": "price_change"}}
{"_local_timestamp": "2026-01-25T23:42:45.751931+00:00", "data": {"market": "0xa12307c5702a82834dcc72a29c9541702ebd59854e9af623adb0e05e8d574c12", "price_changes": [{"asset_id": "51300158980719039871836458576752602034886043598831333024413969795585766367588", "price": "0.24", "size": "1848", "side": "BUY", "hash": "ee828560dc0cb34631d594542cf1770a13ffc32a", "best_bid": "0.74", "best_ask": "0.75"}, {"asset_id": "2171728716695742715131832599330312731241709893861413948719839952132671652620", "price": "0.76", "size": "1848", "side": "SELL", "hash": "70a9383730e333cf773849102e117b3fb495bee6", "best_bid": "0.25", "best_ask": "0.26"}], "timestamp": "1769384565589", "event_type": "price_change"}}
{"_local_timestamp": "2026-01-25T23:44:20.890626+00:00", "data": {"market": "0xa12307c5702a82834dcc72a29c9541702ebd59854e9af623adb0e05e8d574c12", "price_changes": [{"asset_id": "51300158980719039871836458576752602034886043598831333024413969795585766367588", "price": "0.23", "size": "113.04", "side": "BUY", "hash": "e694b1e19649517fcb01fbe984204bf8472ee231", "best_bid": "0.74", "best_ask": "0.75"}, {"asset_id": "2171728716695742715131832599330312731241709893861413948719839952132671652620", "price": "0.77", "size": "113.04", "side": "SELL", "hash": "25289850194c7ce1b79adb28dd468efd3d854f92", "best_bid": "0.25", "best_ask": "0.26"}], "timestamp": "1769384660473", "event_type": "price_change"}}
{"_local_timestamp": "2026-01-25T23:44:21.301878+00:00", "data": {"market": "0xa12307c5702a82834dcc72a29c9541702ebd59854e9af623adb0e05e8d574c12", "price_changes": [{"asset_id": "51300158980719039871836458576752602034886043598831333024413969795585766367588", "price": "0.24", "size": "1948", "side": "BUY", "hash": "d7e6a9efc2dc3b62a4c43baa825131adbcc7ca0f", "best_bid": "0.74", "best_ask": "0.75"}, {"asset_id": "2171728716695742715131832599330312731241709893861413948719839952132671652620", "price": "0.76", "size": "1948", "side": "SELL", "hash": "5555b50ca80abd65cc9a396e4c7f9359d5935dad", "best_bid": "0.25", "best_ask": "0.26"}], "timestamp": "1769384660862", "event_type": "price_change"}}
{"_local_timestamp": "2026-01-25T23:44:23.067133+00:00", "data": {"market": "0xa12307c5702a82834dcc72a29c9541702ebd59854e9af623adb0e05e8d574c12", "price_changes": [{"asset_id": "2171728716695742715131832599330312731241709893861413948719839952132671652620", "price": "0.24", "size": "1650", "side": "BUY", "hash": "b09f2f61d81871ee548ac7932221cf0f8abc3024", "best_bid": "0.25", "best_ask": "0.26"}, {"asset_id": "51300158980719039871836458576752602034886043598831333024413969795585766367588", "price": "0.76", "size": "1650", "side": "SELL", "hash": "b1bee478334061b045995b9c31c2ed236f256ccc", "best_bid": "0.74", "best_ask": "0.75"}], "timestamp": "1769384662993", "event_type": "price_change"}}
{"_local_timestamp": "2026-01-25T23:44:23.070372+00:00", "data": {"market": "0xa12307c5702a82834dcc72a29c9541702ebd59854e9af623adb0e05e8d574c12", "price_changes": [{"asset_id": "51300158980719039871836458576752602034886043598831333024413969795585766367588", "price": "0.73", "size": "2145", "side": "BUY", "hash": "09b154e666ab006a7b72217d92ea75af3848300f", "best_bid": "0.74", "best_ask": "0.75"}, {"asset_id": "2171728716695742715131832599330312731241709893861413948719839952132671652620", "price": "0.27", "size": "2145", "side": "SELL", "hash": "89ac7ac550b372a255c11fc79a5afb25c81a353f", "best_bid": "0.25", "best_ask": "0.26"}], "timestamp": "1769384662994", "event_type": "price_change"}}
{"_local_timestamp": "2026-01-25T23:44:23.143051+00:00", "data": {"market": "0xa12307c5702a82834dcc72a29c9541702ebd59854e9af623adb0e05e8d574c12", "price_changes": [{"asset_id": "2171728716695742715131832599330312731241709893861413948719839952132671652620", "price": "0.04", "size": "6400", "side": "BUY", "hash": "090311fe07ed22be04c87f42e289bcb71424b8b1", "best_bid": "0.25", "best_ask": "0.26"}, {"asset_id": "51300158980719039871836458576752602034886043598831333024413969795585766367588", "price": "0.96", "size": "6400", "side": "SELL", "hash": "c55d575f5ef35713cfe6a502c0c3b5808e802fd1", "best_bid": "0.74", "best_ask": "0.75"}], "timestamp": "1769384663046", "event_type": "price_change"}}
{"_local_timestamp": "2026-01-25T23:45:21.086338+00:00", "data": {"market": "0xa12307c5702a82834dcc72a29c9541702ebd59854e9af623adb0e05e8d574c12", "price_changes": [{"asset_id": "2171728716695742715131832599330312731241709893861413948719839952132671652620", "price": "0.04", "size": "6300", "side": "BUY", "hash": "bcfe8c4656b421840d62904b5937b9f32a15bbe3", "best_bid": "0.25", "best_ask": "0.26"}, {"asset_id": "51300158980719039871836458576752602034886043598831333024413969795585766367588", "price": "0.96", "size": "6300", "side": "SELL", "hash": "c7724de257e0838da9d33c7da23295938dd4b72b", "best_bid": "0.74", "best_ask": "0.75"}], "timestamp": "1769384721000", "event_type": "price_change"}}
{"_local_timestamp": "2026-01-25T23:45:21.094841+00:00", "data": {"market": "0xa12307c5702a82834dcc72a29c9541702ebd59854e9af623adb0e05e8d574c12", "price_changes": [{"asset_id": "2171728716695742715131832599330312731241709893861413948719839952132671652620", "price": "0.16", "size": "1894", "side": "BUY", "hash": "ef6c3f053dad4ce6afc1f5642b75dfb70dfb0159", "best_bid": "0.25", "best_ask": "0.26"}, {"asset_id": "51300158980719039871836458576752602034886043598831333024413969795585766367588", "price": "0.84", "size": "1894", "side": "SELL", "hash": "bc54c87abe8feff0f4c246b53197000102045d48", "best_bid": "0.74", "best_ask": "0.75"}], "timestamp": "1769384721002", "event_type": "price_change"}}
{"_local_timestamp": "2026-01-25T23:45:21.095206+00:00", "data": {"market": "0xa12307c5702a82834dcc72a29c9541702ebd59854e9af623adb0e05e8d574c12", "price_changes": [{"asset_id": "2171728716695742715131832599330312731241709893861413948719839952132671652620", "price": "0.11", "size": "1146", "side": "BUY", "hash": "e73ba94e23a3b78ef5681e7a6c865b68c880428a", "best_bid": "0.25", "best_ask": "0.26"}, {"asset_id": "51300158980719039871836458576752602034886043598831333024413969795585766367588", "price": "0.89", "size": "1146", "side": "SELL", "hash": "a960d30e2f2044a42e2e6aa091ba743dd2e1c25e", "best_bid": "0.74", "best_ask": "0.75"}], "timestamp": "1769384721003", "event_type": "price_change"}}
{"_local_timestamp": "2026-01-25T23:46:10.559097+00:00", "data": {"market": "0xa12307c5702a82834dcc72a29c9541702ebd59854e9af623adb0e05e8d574c12", "price_changes": [{"asset_id": "51300158980719039871836458576752602034886043598831333024413969795585766367588", "price": "0.24", "size": "200", "side": "BUY", "hash": "474aaa166480f8e378bc4b0e6d15ed1c3f9449d3", "best_bid": "0.74", "best_ask": "0.75"}, {"asset_id": "2171728716695742715131832599330312731241709893861413948719839952132671652620", "price": "0.76", "size": "200", "side": "SELL", "hash": "8116d9f1b7557f811b790033cf491f07430462fd", "best_bid": "0.25", "best_ask": "0.26"}], "timestamp": "1769384770463", "event_type": "price_change"}}
{"_local_timestamp": "2026-01-25T23:46:10.896438+00:00", "data": {"market": "0xa12307c5702a82834dcc72a29c9541702ebd59854e9af623adb0e05e8d574c12", "price_changes": [{"asset_id": "2171728716695742715131832599330312731241709893861413948719839952132671652620", "price": "0.04", "size": "6400", "side": "BUY", "hash": "3019bcbf6ccedcb5404216537fdfa3d0798f5d75", "best_bid": "0.25", "best_ask": "0.26"}, {"asset_id": "51300158980719039871836458576752602034886043598831333024413969795585766367588", "price": "0.96", "size": "6400", "side": "SELL", "hash": "4b15256b1d84c36e59e8c1fa0ee916fb25a666d3", "best_bid": "0.74", "best_ask": "0.75"}], "timestamp": "1769384770705", "event_type": "price_change"}}
{"_local_timestamp": "2026-01-25T23:46:10.896829+00:00", "data": {"market": "0xa12307c5702a82834dcc72a29c9541702ebd59854e9af623adb0e05e8d574c12", "price_changes": [{"asset_id": "2171728716695742715131832599330312731241709893861413948719839952132671652620", "price": "0.11", "size": "1164", "side": "BUY", "hash": "8801acf2029fa0375b806b3f30dfa72660aa1244", "best_bid": "0.25", "best_ask": "0.26"}, {"asset_id": "51300158980719039871836458576752602034886043598831333024413969795585766367588", "price": "0.89", "size": "1164", "side": "SELL", "hash": "5eabd3788905772d5c716948e394d67babf376f2", "best_bid": "0.74", "best_ask": "0.75"}], "timestamp": "1769384770706", "event_type": "price_change"}}
{"_local_timestamp": "2026-01-25T23:46:10.897175+00:00", "data": {"market": "0xa12307c5702a82834dcc72a29c9541702ebd59854e9af623adb0e05e8d574c12", "price_changes": [{"asset_id": "2171728716695742715131832599330312731241709893861413948719839952132671652620", "price": "0.16", "size": "1900", "side": "BUY", "hash": "e492b3f535fc36c6d5dcb190546490421c575c34", "best_bid": "0.25", "best_ask": "0.26"}, {"asset_id": "51300158980719039871836458576752602034886043598831333024413969795585766367588", "price": "0.84", "size": "1900", "side": "SELL", "hash": "809c62370a2d27e6c16ecb105755d76ea9a13bb5", "best_bid": "0.74", "best_ask": "0.75"}], "timestamp": "1769384770707", "event_type": "price_change"}}
