{"_local_timestamp": "2026-01-25T23:40:41.503067+00:00", "data": [{"market": "0x6f78c32173200382d096375527c65d41a789d77bd5a4548b98a9f7b0fce00715", "asset_id": "94049353662994981741959410783261511597724385909066936434965918931114004265849", "timestamp": "1769384440654", "hash": "4e68fe0dcb963b6da3a2049833617c7cc371fe6c", "bids": [{"price": "0.001", "size": "56642.99"}, {"price": "0.002", "size": "25.94"}, {"price": "0.003", "size": "342.98"}, {"price": "0.004", "size": "307.08"}, {"price": "0.005", "size": "100.73"}, {"price": "0.006", "size": "9.32"}, {"price": "0.007", "size": "66"}, {"price": "0.008", "size": "40.22"}, {"price": "0.016", "size": "204.14"}, {"price": "0.017", "size": "5.9"}, {"price": "0.019", "size": "51.25"}, {"price": "0.021", "size": "6.99"}, {"price": "0.026", "size": "150.2"}, {"price": "0.027", "size": "546.44"}], "asks": [{"price": "0.999", "size": "4424.07"}, {"price": "0.998", "size": "1255.04"}, {"price": "0.997", "size": "1000"}, {"price": "0.996", "size": "20.45"}, {"price": "0.99", "size": "5000"}, {"price": "0.98", "size": "2030.26"}, {"price": "0.979", "size": "14.47"}, {"price": "0.95", "size": "330"}, {"price": "0.949", "size": "39"}, {"price": "0.93", "size": "300"}, {"price": "0.9", "size": "860"}, {"price": "0.899", "size": "2970"}, {"price": "0.898", "size": "5.87"}, {"price": "0.85", "size": "551.66"}, {"price": "0.81", "size": "168.42"}, {"price": "0.804", "size": "966"}, {"price": "0.803", "size": "100"}, {"price": "0.76", "size": "116.66"}, {"price": "0.759", "size": "150"}, {"price": "0.758", "size": "1734"}, {"price": "0.756", "size": "100"}, {"price": "0.73", "size": "50"}, {"price": "0.71", "size": "89.65"}, {"price": "0.66", "size": "170.58"}, {"price": "0.61", "size": "51.28"}, {"price": "0.549", "size": "1330"}, {"price": "0.548", "size": "3669"}, {"price": "0.37", "size": "150"}, {"price": "0.19", "size": "200"}, {"price": "0.18", "size": "100"}, {"price": "0.12", "size": "200"}, {"price": "0.08", "size": "200"}, {"price": "0.07", "size": "289.85"}, {"price": "0.06", "size": "200"}, {"price": "0.057", "size": "118.58"}, {"price": "0.051", "size": "449.53"}, {"price": "0.05", "size": "150"}, {"price": "0.045", "size": "198.52"}, {"price": "0.044", "size": "33.33"}, {"price": "0.03", "size": "16.43"}, {"price": "0.029", "size": "11.36"}], "event_type": "book", "last_trade_price": "0.029"}, {"market": "0x6f78c32173200382d096375527c65d41a789d77bd5a4548b98a9f7b0fce00715", "asset_id": "69246447231752827512933699840480180437823793525805489511863618486291912208735", "timestamp": "1769384440654", "hash": "772672fad4407c2e7097845646edcc260e90b325", "bids": [{"price": "0.001", "size": "4424.07"}, {"price": "0.002", "size": "1255.04"}, {"price": "0.003", "size": "1000"}, {"price": "0.004", "size": "20.45"}, {"price": "0.01", "size": "5000"}, {"price": "0.02", "size": "2030.26"}, {"price": "0.021", "size": "14.47"}, {"price": "0.05", "size": "330"}, {"price": "0.051", "size": "39"}, {"price": "0.07", "size": "300"}, {"price": "0.1", "size": "860"}, {"price": "0.101", "size": "2970"}, {"price": "0.102", "size": "5.87"}, {"price": "0.15", "size": "551.66"}, {"price": "0.19", "size": "168.42"}, {"price": "0.196", "size": "966"}, {"price": "0.197", "size": "100"}, {"price": "0.24", "size": "116.66"}, {"price": "0.241", "size": "150"}, {"price": "0.242", "size": "1734"}, {"price": "0.244", "size": "100"}, {"price": "0.27", "size": "50"}, {"price": "0.29", "size": "89.65"}, {"price": "0.34", "size": "170.58"}, {"price": "0.39", "size": "51.28"}, {"price": "0.451", "size": "1330"}, {"price": "0.452", "size": "3669"}, {"price": "0.63", "size": "150"}, {"price": "0.81", "size": "200"}, {"price": "0.82", "size": "100"}, {"price": "0.88", "size": "200"}, {"price": "0.92", "size": "200"}, {"price": "0.93", "size": "289.85"}, {"price": "0.94", "size": "200"}, {"price": "0.943", "size": "118.58"}, {"price": "0.949", "size": "449.53"}, {"price": "0.95", "size": "150"}, {"price": "0.955", "size": "198.52"}, {"price": "0.956", "size": "33.33"}, {"price": "0.97", "size": "16.43"}, {"price": "0.971", "size": "11.36"}], "asks": [{"price": "0.999", "size": "56642.99"}, {"price": "0.998", "size": "25.94"}, {"price": "0.997", "size": "342.98"}, {"price": "0.996", "size": "307.08"}, {"price": "0.995", "size": "100.73"}, {"price": "0.994", "size": "9.32"}, {"price": "0.993", "size": "66"}, {"price": "0.992", "size": "40.22"}, {"price": "0.984", "size": "204.14"}, {"price": "0.983", "size": "5.9"}, {"price": "0.981", "size": "51.25"}, {"price": "0.979", "size": "6.99"}, {"price": "0.974", "size": "150.2"}, {"price": "0.973", "size": "546.44"}], "event_type": "book", "last_trade_price": "0.029"}]}
{"_local_timestamp": "2026-01-25T23:41:41.962838+00:00", "data": {"market": "0x6f78c32173200382d096375527c65d41a789d77bd5a4548b98a9f7b0fce00715", "price_changes": [{"asset_id": "94049353662994981741959410783261511597724385909066936434965918931114004265849", "price": "0.017", "size": "0", "side": "BUY", "hash": "2d57936d679ac5e2393c8e017c25240b784fac8a", "best_bid": "0.027", "best_ask": "0.029"}, {"asset_id": "69246447231752827512933699840480180437823793525805489511863618486291912208735", "price": "0.983", "size": "0", "side": "SELL", "hash": "3ff764e9eb92acc68a7ca5207d947ec4eb63004d", "best_bid": "0.971", "best_ask": "0.973"}], "timestamp": "1769384501892", "event_type": "price_change"}}
{"_local_timestamp": "2026-01-25T23:41:41.963806+00:00", "data": {"market": "0x6f78c32173200382d096375527c65d41a789d77bd5a4548b98a9f7b0fce00715", "price_changes": [{"asset_id": "94049353662994981741959410783261511597724385909066936434965918931114004265849", "price": "0.021", "size": "0", "side": "BUY", "hash": "2d57936d679ac5e2393c8e017c25240b784fac8a", "best_bid": "0.027", "best_ask": "0.029"}, {"asset_id": "69246447231752827512933699840480180437823793525805489511863618486291912208735", "price": "0.979", "size": "0", "side": "SELL", "hash": "3ff764e9eb92acc68a7ca5207d947ec4eb63004d", "best_bid": "0.971", "best_ask": "0.973"}], "timestamp": "1769384501892", "event_type": "price_change"}}
{"_local_timestamp": "2026-01-25T23:41:42.201891+00:00", "data": {"market": "0x6f78c32173200382d096375527c65d41a789d77bd5a4548b98a9f7b0fce00715", "price_changes": [{"asset_id": "94049353662994981741959410783261511597724385909066936434965918931114004265849", "price": "0.02", "size": "12.36", "side": "BUY", "hash": "201fdbc59e135a55135069a08a298ccb00937bce", "best_bid": "0.027", "best_ask": "0.029"}, {"asset_id": "69246447231752827512933699840480180437823793525805489511863618486291912208735", "price": "0.98", "size": "12.36", "side": "SELL", "hash": "6f31864567d8ad2777a3084581293db5145e5763", "best_bid": "0.971", "best_ask": "0.973"}], "timestamp": "1769384502137", "event_type": "price_change"}}
{"_local_timestamp": "2026-01-25T23:41:50.908870+00:00", "data": {"market": "0x6f78c32173200382d096375527c65d41a789d77bd5a4548b98a9f7b0fce00715", "price_changes": [{"asset_id": "69246447231752827512933699840480180437823793525805489511863618486291912208735", "price": "0.241", "size": "50", "side": "BUY", "hash": "a93d4589295095b9bd72a0e83eccae46da03ee41", "best_bid": "0.971", "best_ask": "0.973"}, {"asset_id": "94049353662994981741959410783261511597724385909066936434965918931114004265849", "price": "0.759", "size": "50", "side": "SELL", "hash": "f2989ed387d388d4b0b784abcca533e9d014b8b5", "best_bid": "0.027", "best_ask": "0.029"}], "timestamp": "1769384510755", "event_type": "price_change"}}
{"_local_timestamp": "2026-01-25T23:41:52.329681+00:00", "data": {"market": "0x6f78c32173200382d096375527c65d41a789d77bd5a4548b98a9f7b0fce00715", "price_changes": [{"asset_id": "69246447231752827512933699840480180437823793525805489511863618486291912208735", "price": "0.24", "size": "216.66", "side": "BUY", "hash": "9d5c8982c2efee8a5a463f04aee9445578ac0c9d", "best_bid": "0.971", "best_ask": "0.973"}, {"asset_id": "94049353662994981741959410783261511597724385909066936434965918931114004265849", "price": "0.76", "size": "216.66", "side": "SELL", "hash": "9747d3f9ef600525dce9d617e38f287b78d7426f", "best_bid": "0.027", "best_ask": "0.029"}], "timestamp": "1769384511733", "event_type": "price_change"}}
