{"_local_timestamp": "2026-01-25T23:41:10.499397+00:00", "data": [{"market": "0x9d1f2f0054e31e702ab533a0f6ab859c7640523eb0ded5454c393938331fe054", "asset_id": "2818115541020810620193219397926852713779581115981993907913381999447460893675", "timestamp": "1769384419157", "hash": "e94c105e4657f927dda9d6a8edca171d07480c53", "bids": [{"price": "0.01", "size": "3915.84"}, {"price": "0.02", "size": "1500"}, {"price": "0.03", "size": "11.33"}, {"price": "0.05", "size": "1420"}, {"price": "0.08", "size": "625"}, {"price": "0.1", "size": "320"}, {"price": "0.11", "size": "5.01"}, {"price": "0.12", "size": "783.33"}, {"price": "0.15", "size": "173.33"}, {"price": "0.17", "size": "291.17"}, {"price": "0.18", "size": "133"}, {"price": "0.19", "size": "10"}, {"price": "0.2", "size": "100"}, {"price": "0.21", "size": "100"}, {"price": "0.22", "size": "66.66"}, {"price": "0.33", "size": "106.05"}, {"price": "0.36", "size": "10"}, {"price": "0.37", "size": "29.72"}, {"price": "0.4", "size": "300"}, {"price": "0.41", "size": "66.66"}, {"price": "0.42", "size": "21"}], "asks": [{"price": "0.99", "size": "11020.17"}, {"price": "0.98", "size": "4900"}, {"price": "0.97", "size": "750"}, {"price": "0.96", "size": "1256.04"}, {"price": "0.94", "size": "800"}, {"price": "0.91", "size": "384.51"}, {"price": "0.89", "size": "550"}, {"price": "0.88", "size": "266.66"}, {"price": "0.87", "size": "5"}, {"price": "0.85", "size": "186.66"}, {"price": "0.82", "size": "149.44"}, {"price": "0.8", "size": "800"}, {"price": "0.79", "size": "114.28"}, {"price": "0.77", "size": "71"}, {"price": "0.76", "size": "88.33"}, {"price": "0.75", "size": "132.25"}, {"price": "0.66", "size": "20"}, {"price": "0.65", "size": "35"}, {"price": "0.64", "size": "10"}, {"price": "0.61", "size": "52.25"}, {"price": "0.59", "size": "31.7"}, {"price": "0.57", "size": "25.58"}, {"price": "0.55", "size": "30"}, {"price": "0.52", "size": "186.66"}, {"price": "0.51", "size": "58.24"}, {"price": "0.5", "size": "7.9"}], "event_type": "book", "last_trade_price": "0.420"}, {"market": "0x9d1f2f0054e31e702ab533a0f6ab859c7640523eb0ded5454c393938331fe054", "asset_id": "81373593552553779478101066623264139916335436281484913843800826356997258853941", "timestamp": "1769384419157", "hash": "6111ea1e2da54b7f202566e95d30d857f79de4d7", "bids": [{"price": "0.01", "size": "11020.17"}, {"price": "0.02", "size": "4900"}, {"price": "0.03", "size": "750"}, {"price": "0.04", "size": "1256.04"}, {"price": "0.06", "size": "800"}, {"price": "0.09", "size": "384.51"}, {"price": "0.11", "size": "550"}, {"price": "0.12", "size": "266.66"}, {"price": "0.13", "size": "5"}, {"price": "0.15", "size": "186.66"}, {"price": "0.18", "size": "149.44"}, {"price": "0.2", "size": "800"}, {"price": "0.21", "size": "114.28"}, {"price": "0.23", "size": "71"}, {"price": "0.24", "size": "88.33"}, {"price": "0.25", "size": "132.25"}, {"price": "0.34", "size": "20"}, {"price": "0.35", "size": "35"}, {"price": "0.36", "size": "10"}, {"price": "0.39", "size": "52.25"}, {"price": "0.41", "size": "31.7"}, {"price": "0.43", "size": "25.58"}, {"price": "0.45", "size": "30"}, {"price": "0.48", "size": "186.66"}, {"price": "0.49", "size": "58.24"}, {"price": "0.5", "size": "7.9"}], "asks": [{"price": "0.99", "size": "3915.84"}, {"price": "0.98", "size": "1500"}, {"price": "0.97", "size": "11.33"}, {"price": "0.95", "size": "1420"}, {"price": "0.92", "size": "625"}, {"price": "0.9", "size": "320"}, {"price": "0.89", "size": "5.01"}, {"price": "0.88", "size": "783.33"}, {"price": "0.85", "size": "173.33"}, {"price": "0.83", "size": "291.17"}, {"price": "0.82", "size": "133"}, {"price": "0.81", "size": "10"}, {"price": "0.8", "size": "100"}, {"price": "0.79", "size": "100"}, {"price": "0.78", "size": "66.66"}, {"price": "0.67", "size": "106.05"}, {"price": "0.64", "size": "10"}, {"price": "0.63", "size": "29.72"}, {"price": "0.6", "size": "300"}, {"price": "0.59", "size": "66.66"}, {"price": "0.58", "size": "21"}], "event_type": "book", "last_trade_price": "0.420"}]}
{"_local_timestamp": "2026-01-25T23:41:48.809934+00:00", "data": {"market": "0x9d1f2f0054e31e702ab533a0f6ab859c7640523eb0ded5454c393938331fe054", "price_changes": [{"asset_id": "81373593552553779478101066623264139916335436281484913843800826356997258853941", "price": "0.5", "size": "83.9", "side": "BUY", "hash": "0895d19fec52040ec5a5937fc010817f96020d6d", "best_bid": "0.5", "best_ask": "0.58"}, {"asset_id": "2818115541020810620193219397926852713779581115981993907913381999447460893675", "price": "0.5", "size": "83.9", "side": "SELL", "hash": "f523f39efba6200101402ef2aa5704da0c5fbd31", "best_bid": "0.42", "best_ask": "0.5"}], "timestamp": "1769384508739", "event_type": "price_change"}}
{"_local_timestamp": "2026-01-25T23:41:52.159225+00:00", "data": {"market": "0x9d1f2f0054e31e702ab533a0f6ab859c7640523eb0ded5454c393938331fe054", "price_changes": [{"asset_id": "81373593552553779478101066623264139916335436281484913843800826356997258853941", "price": "0.39", "size": "0", "side": "BUY", "hash": "032473983c71c3f10c9087bb844ee6ca3c7f969c", "best_bid": "0.5", "best_ask": "0.58"}, {"asset_id": "2818115541020810620193219397926852713779581115981993907913381999447460893675", "price": "0.61", "size": "0", "side": "SELL", "hash": "e85ada6ef4d1ac006ef57dbcbefd2fc1b2a68859", "best_bid": "0.42", "best_ask": "0.5"}], "timestamp": "1769384512082", "event_type": "price_change"}}
{"_local_timestamp": "2026-01-25T23:41:52.159727+00:00", "data": {"market": "0x9d1f2f0054e31e702ab533a0f6ab859c7640523eb0ded5454c393938331fe054", "price_changes": [{"asset_id": "81373593552553779478101066623264139916335436281484913843800826356997258853941", "price": "0.25", "size": "80", "side": "BUY", "hash": "032473983c71c3f10c9087bb844ee6ca3c7f969c", "best_bid": "0.5", "best_ask": "0.58"}, {"asset_id": "2818115541020810620193219397926852713779581115981993907913381999447460893675", "price": "0.75", "size": "80", "side": "SELL", "hash": "e85ada6ef4d1ac006ef57dbcbefd2fc1b2a68859", "best_bid": "0.42", "best_ask": "0.5"}], "timestamp": "1769384512082", "event_type": "price_change"}}
{"_local_timestamp": "2026-01-25T23:41:52.160078+00:00", "data": {"market": "0x9d1f2f0054e31e702ab533a0f6ab859c7640523eb0ded5454c393938331fe054", "price_changes": [{"asset_id": "2818115541020810620193219397926852713779581115981993907913381999447460893675", "price": "0.41", "size": "0", "side": "BUY", "hash": "54de8beca625abf8427de20c63696df5fb79c891", "best_bid": "0.42", "best_ask": "0.5"}, {"asset_id": "81373593552553779478101066623264139916335436281484913843800826356997258853941", "price": "0.59", "size": "0", "side": "SELL", "hash": "31fc758576d6f4acc793484a0bbfac42c30cfd16", "best_bid": "0.5", "best_ask": "0.58"}], "timestamp": "1769384512083", "event_type": "price_change"}}
{"_local_timestamp": "2026-01-25T23:41:53.385328+00:00", "data": {"market": "0x9d1f2f0054e31e702ab533a0f6ab859c7640523eb0ded5454c393938331fe054", "price_changes": [{"asset_id": "81373593552553779478101066623264139916335436281484913843800826356997258853941", "price": "0.26", "size": "34.83", "side": "BUY", "hash": "9bf4032dba1a1c787104f1fa5797e4072dad5224", "best_bid": "0.5", "best_ask": "0.58"}, {"asset_id": "2818115541020810620193219397926852713779581115981993907913381999447460893675", "price": "0.74", "size": "34.83", "side": "SELL", "hash": "1dccc220cc5ebd16ff8e24581640cb57e7a693af", "best_bid": "0.42", "best_ask": "0.5"}], "timestamp": "1769384513316", "event_type": "price_change"}}
{"_local_timestamp": "2026-01-25T23:41:53.404680+00:00", "data": {"market": "0x9d1f2f0054e31e702ab533a0f6ab859c7640523eb0ded5454c393938331fe054", "price_changes": [{"asset_id": "81373593552553779478101066623264139916335436281484913843800826356997258853941", "price": "0.51", "size": "34.83", "side": "BUY", "hash": "b1161d6b5337d6880d2d8a960c2d3a99537b6a3e", "best_bid": "0.51", "best_ask": "0.58"}, {"asset_id": "2818115541020810620193219397926852713779581115981993907913381999447460893675", "price": "0.49", "size": "34.83", "side": "SELL", "hash": "4fd4861e4d5cf73377882eadae56bb08273fcda9", "best_bid": "0.42", "best_ask": "0.49"}], "timestamp": "1769384513330", "event_type": "price_change"}}
{"_local_timestamp": "2026-01-25T23:41:53.586557+00:00", "data": {"market": "0x9d1f2f0054e31e702ab533a0f6ab859c7640523eb0ded5454c393938331fe054", "price_changes": [{"asset_id": "81373593552553779478101066623264139916335436281484913843800826356997258853941", "price": "0.38", "size": "34.83", "side": "BUY", "hash": "38383fff1ba8bf3302659ff1548d932aa77dc9d3", "best_bid": "0.51", "best_ask": "0.58"}, {"asset_id": "2818115541020810620193219397926852713779581115981993907913381999447460893675", "price": "0.62", "size": "34.83", "side": "SELL", "hash": "5fc248638e2b4c55f74a5a4cc2dea2e74a7fc1f1", "best_bid": "0.42", "best_ask": "0.49"}], "timestamp": "1769384513514", "event_type": "price_change"}}
{"_local_timestamp": "2026-01-25T23:41:53.751286+00:00", "data": {"market": "0x9d1f2f0054e31e702ab533a0f6ab859c7640523eb0ded5454c393938331fe054", "price_changes": [{"asset_id": "2818115541020810620193219397926852713779581115981993907913381999447460893675", "price": "0.43", "size": "66.66", "side": "BUY", "hash": "5ffdc97a9fb3ece79a9e1d6cdb10a7e1af8de6a1", "best_bid": "0.43", "best_ask": "0.49"}, {"asset_id": "81373593552553779478101066623264139916335436281484913843800826356997258853941", "price": "0.57", "size": "66.66", "side": "SELL", "hash": "7cc0fc8d3434ca731f04814558bece1c6663fd96", "best_bid": "0.51", "best_ask": "0.57"}], "timestamp": "1769384513677", "event_type": "price_change"}}
{"_local_timestamp": "2026-01-25T23:42:14.139862+00:00", "data": {"market": "0x9d1f2f0054e31e702ab533a0f6ab859c7640523eb0ded5454c393938331fe054", "price_changes": [{"asset_id": "81373593552553779478101066623264139916335436281484913843800826356997258853941", "price": "0.5", "size": "7.9", "side": "BUY", "hash": "8ddbb5870e8fdeef49b2c270a60f7c6ffaade7e5", "best_bid": "0.51", "best_ask": "0.57"}, {"asset_id": "2818115541020810620193219397926852713779581115981993907913381999447460893675", "price": "0.5", "size": "7.9", "side": "SELL", "hash": "721b5f684364d3cbe64aa73cb67534c76c22e71a", "best_bid": "0.43", "best_ask": "0.49"}], "timestamp": "1769384534069", "event_type": "price_change"}}
{"_local_timestamp": "2026-01-25T23:42:18.043493+00:00", "data": {"market": "0x9d1f2f0054e31e702ab533a0f6ab859c7640523eb0ded5454c393938331fe054", "price_changes": [{"asset_id": "2818115541020810620193219397926852713779581115981993907913381999447460893675", "price": "0.5", "size": "0", "side": "SELL", "hash": "2bfc4a5daa5ea7384ee2e68d12652e5ad5e73366", "best_bid": "0.43", "best_ask": "0.49"}, {"asset_id": "81373593552553779478101066623264139916335436281484913843800826356997258853941", "price": "0.5", "size": "0", "side": "BUY", "hash": "2052406f01c90e982b5cd91e10df68b68ca1a10c", "best_bid": "0.51", "best_ask": "0.57"}], "timestamp": "1769384537944", "event_type": "price_change"}}
{"_local_timestamp": "2026-01-25T23:42:18.859808+00:00", "data": {"market": "0x9d1f2f0054e31e702ab533a0f6ab859c7640523eb0ded5454c393938331fe054", "price_changes": [{"asset_id": "2818115541020810620193219397926852713779581115981993907913381999447460893675", "price": "0.48", "size": "7.9", "side": "SELL", "hash": "0ee1c0067f100351c900212584fd602967827ad9", "best_bid": "0.43", "best_ask": "0.48"}, {"asset_id": "81373593552553779478101066623264139916335436281484913843800826356997258853941", "price": "0.52", "size": "7.9", "side": "BUY", "hash": "33984ac15743d6da9c2dc330b31e99eda347e726", "best_bid": "0.52", "best_ask": "0.57"}], "timestamp": "1769384538775", "event_type": "price_change"}}
{"_local_timestamp": "2026-01-25T23:42:25.311537+00:00", "data": {"market": "0x9d1f2f0054e31e702ab533a0f6ab859c7640523eb0ded5454c393938331fe054", "price_changes": [{"asset_id": "81373593552553779478101066623264139916335436281484913843800826356997258853941", "price": "0.21", "size": "214.28", "side": "BUY", "hash": "8e5a30c432c4dd45d8be99a0bf246973c71566b2", "best_bid": "0.52", "best_ask": "0.57"}, {"asset_id": "2818115541020810620193219397926852713779581115981993907913381999447460893675", "price": "0.79", "size": "214.28", "side": "SELL", "hash": "e9db13cf7d09ba8f96de8018c7f80a71da7bf243", "best_bid": "0.43", "best_ask": "0.48"}], "timestamp": "1769384545156", "event_type": "price_change"}}
{"_local_timestamp": "2026-01-25T23:43:15.447777+00:00", "data": {"market": "0x9d1f2f0054e31e702ab533a0f6ab859c7640523eb0ded5454c393938331fe054", "price_changes": [{"asset_id": "81373593552553779478101066623264139916335436281484913843800826356997258853941", "price": "0.09", "size": "377.77", "side": "BUY", "hash": "2d286f61a086c93c733658c6ffcc1374b796085d", "best_bid": "0.52", "best_ask": "0.57"}, {"asset_id": "2818115541020810620193219397926852713779581115981993907913381999447460893675", "price": "0.91", "size": "377.77", "side": "SELL", "hash": "698512ad61da4ddd011e109dfcaec1113128b903", "best_bid": "0.43", "best_ask": "0.48"}], "timestamp": "1769384595305", "event_type": "price_change"}}
{"_local_timestamp": "2026-01-25T23:43:19.213753+00:00", "data": {"market": "0x9d1f2f0054e31e702ab533a0f6ab859c7640523eb0ded5454c393938331fe054", "price_changes": [{"asset_id": "81373593552553779478101066623264139916335436281484913843800826356997258853941", "price": "0.1", "size": "6.06", "side": "BUY", "hash": "bcecfd691b98882c8486e7e709399855b30f38ae", "best_bid": "0.52", "best_ask": "0.57"}, {"asset_id": "2818115541020810620193219397926852713779581115981993907913381999447460893675", "price": "0.9", "size": "6.06", "side": "SELL", "hash": "e70992b56254aedcfd8ef287011dfae26eba2ffd", "best_bid": "0.43", "best_ask": "0.48"}], "timestamp": "1769384599077", "event_type": "price_change"}}
{"_local_timestamp": "2026-01-25T23:43:28.967228+00:00", "data": {"market": "0x9d1f2f0054e31e702ab533a0f6ab859c7640523eb0ded5454c393938331fe054", "price_changes": [{"asset_id": "2818115541020810620193219397926852713779581115981993907913381999447460893675", "price": "0.42", "size": "0", "side": "BUY", "hash": "65ccabae1d616ea23182c3c6db435614de0f558a", "best_bid": "0.43", "best_ask": "0.48"}, {"asset_id": "81373593552553779478101066623264139916335436281484913843800826356997258853941", "price": "0.58", "size": "0", "side": "SELL", "hash": "32a0a20b2f0e4d14839755a08326ca37ea62bf1d", "best_bid": "0.52", "best_ask": "0.57"}], "timestamp": "1769384608782", "event_type": "price_change"}}
{"_local_timestamp": "2026-01-25T23:44:21.524163+00:00", "data": {"market": "0x9d1f2f0054e31e702ab533a0f6ab859c7640523eb0ded5454c393938331fe054", "price_changes": [{"asset_id": "81373593552553779478101066623264139916335436281484913843800826356997258853941", "price": "0.21", "size": "314.28", "side": "BUY", "hash": "0398571f6845d74f15d3c7be94ecb71f26f68f2c", "best_bid": "0.52", "best_ask": "0.57"}, {"asset_id": "2818115541020810620193219397926852713779581115981993907913381999447460893675", "price": "0.79", "size": "314.28", "side": "SELL", "hash": "8c59aef8976421913f1dc73a1b51936be0eee7b7", "best_bid": "0.43", "best_ask": "0.48"}], "timestamp": "1769384660828", "event_type": "price_change"}}
{"_local_timestamp": "2026-01-25T23:44:37.203696+00:00", "data": {"market": "0x9d1f2f0054e31e702ab533a0f6ab859c7640523eb0ded5454c393938331fe054", "price_changes": [{"asset_id": "81373593552553779478101066623264139916335436281484913843800826356997258853941", "price": "0.51", "size": "0", "side": "BUY", "hash": "e05735f2ecfee77013e21f74edbad7eed969cece", "best_bid": "0.52", "best_ask": "0.57"}, {"asset_id": "2818115541020810620193219397926852713779581115981993907913381999447460893675", "price": "0.49", "size": "0", "side": "SELL", "hash": "69815b7e934adb5916c8da9780af544c103fbe48", "best_bid": "0.43", "best_ask": "0.48"}], "timestamp": "1769384676937", "event_type": "price_change"}}
{"_local_timestamp": "2026-01-25T23:44:37.204311+00:00", "data": {"market": "0x9d1f2f0054e31e702ab533a0f6ab859c7640523eb0ded5454c393938331fe054", "price_changes": [{"asset_id": "81373593552553779478101066623264139916335436281484913843800826356997258853941", "price": "0.38", "size": "0", "side": "BUY", "hash": "e05735f2ecfee77013e21f74edbad7eed969cece", "best_bid": "0.52", "best_ask": "0.57"}, {"asset_id": "2818115541020810620193219397926852713779581115981993907913381999447460893675", "price": "0.62", "size": "0", "side": "SELL", "hash": "69815b7e934adb5916c8da9780af544c103fbe48", "best_bid": "0.43", "best_ask": "0.48"}], "timestamp": "1769384676937", "event_type": "price_change"}}
{"_local_timestamp": "2026-01-25T23:44:38.254003+00:00", "data": {"market": "0x9d1f2f0054e31e702ab533a0f6ab859c7640523eb0ded5454c393938331fe054", "price_changes": [{"asset_id": "81373593552553779478101066623264139916335436281484913843800826356997258853941", "price": "0.26", "size": "0", "side": "BUY", "hash": "e05735f2ecfee77013e21f74edbad7eed969cece", "best_bid": "0.52", "best_ask": "0.57"}, {"asset_id": "2818115541020810620193219397926852713779581115981993907913381999447460893675", "price": "0.74", "size": "0", "side": "SELL", "hash": "69815b7e934adb5916c8da9780af544c103fbe48", "best_bid": "0.43", "best_ask": "0.48"}], "timestamp": "1769384676937", "event_type": "price_change"}}
{"_local_timestamp": "2026-01-25T23:44:38.254489+00:00", "data": {"market": "0x9d1f2f0054e31e702ab533a0f6ab859c7640523eb0ded5454c393938331fe054", "price_changes": [{"asset_id": "2818115541020810620193219397926852713779581115981993907913381999447460893675", "price": "0.43", "size": "0", "side": "BUY", "hash": "cd7be1b5eb48134acd83cf825e985d8332af0c4f", "best_bid": "0.4", "best_ask": "0.48"}, {"asset_id": "81373593552553779478101066623264139916335436281484913843800826356997258853941", "price": "0.57", "size": "0", "side": "SELL", "hash": "0c20ef5a697896adc208139ed0b4a49078186279", "best_bid": "0.52", "best_ask": "0.6"}], "timestamp": "1769384676937", "event_type": "price_change"}}
{"_local_timestamp": "2026-01-25T23:44:39.447007+00:00", "data": {"market": "0x9d1f2f0054e31e702ab533a0f6ab859c7640523eb0ded5454c393938331fe054", "price_changes": [{"asset_id": "81373593552553779478101066623264139916335436281484913843800826356997258853941", "price": "0.25", "size": "132.25", "side": "BUY", "hash": "2666e45159148c23011873d8a25763538fe7216d", "best_bid": "0.52", "best_ask": "0.6"}, {"asset_id": "2818115541020810620193219397926852713779581115981993907913381999447460893675", "price": "0.75", "size": "132.25", "side": "SELL", "hash": "4a6415d1cc1b4661254179aa522ae08ef7a7c685", "best_bid": "0.4", "best_ask": "0.48"}], "timestamp": "1769384677724", "event_type": "price_change"}}
{"_local_timestamp": "2026-01-25T23:44:39.447616+00:00", "data": {"market": "0x9d1f2f0054e31e702ab533a0f6ab859c7640523eb0ded5454c393938331fe054", "price_changes": [{"asset_id": "81373593552553779478101066623264139916335436281484913843800826356997258853941", "price": "0.39", "size": "52.25", "side": "BUY", "hash": "47de7c22b3a8260154db30851a880343886817d6", "best_bid": "0.52", "best_ask": "0.6"}, {"asset_id": "2818115541020810620193219397926852713779581115981993907913381999447460893675", "price": "0.61", "size": "52.25", "side": "SELL", "hash": "a0c389dead4d622fef9d7a660721a7e59858bcd4", "best_bid": "0.4", "best_ask": "0.48"}], "timestamp": "1769384677751", "event_type": "price_change"}}
{"_local_timestamp": "2026-01-25T23:44:39.448082+00:00", "data": {"market": "0x9d1f2f0054e31e702ab533a0f6ab859c7640523eb0ded5454c393938331fe054", "price_changes": [{"asset_id": "2818115541020810620193219397926852713779581115981993907913381999447460893675", "price": "0.41", "size": "66.66", "side": "BUY", "hash": "c78855d05f50489d666d3112976d87f016fb8228", "best_bid": "0.41", "best_ask": "0.48"}, {"asset_id": "81373593552553779478101066623264139916335436281484913843800826356997258853941", "price": "0.59", "size": "66.66", "side": "SELL", "hash": "1241927ba94537676536585ba8ec56ba258ca052", "best_bid": "0.52", "best_ask": "0.59"}], "timestamp": "1769384677850", "event_type": "price_change"}}
{"_local_timestamp": "2026-01-25T23:45:09.354689+00:00", "data": {"market": "0x9d1f2f0054e31e702ab533a0f6ab859c7640523eb0ded5454c393938331fe054", "price_changes": [{"asset_id": "81373593552553779478101066623264139916335436281484913843800826356997258853941", "price": "0.5", "size": "76", "side": "BUY", "hash": "675d913d43951cd8488a712dd2653b3c858c4ecb", "best_bid": "0.52", "best_ask": "0.59"}, {"asset_id": "2818115541020810620193219397926852713779581115981993907913381999447460893675", "price": "0.5", "size": "76", "side": "SELL", "hash": "b7458cc5b6c504eb9a3831e9a87be72a2085084b", "best_bid": "0.41", "best_ask": "0.48"}], "timestamp": "1769384709281", "event_type": "price_change"}}
{"_local_timestamp": "2026-01-25T23:45:17.955311+00:00", "data": {"market": "0x9d1f2f0054e31e702ab533a0f6ab859c7640523eb0ded5454c393938331fe054", "price_changes": [{"asset_id": "2818115541020810620193219397926852713779581115981993907913381999447460893675", "price": "0.48", "size": "0", "side": "SELL", "hash": "38f520f5cbca399ebc60ff6d4d25ac6141d5ecbf", "best_bid": "0.41", "best_ask": "0.5"}, {"asset_id": "81373593552553779478101066623264139916335436281484913843800826356997258853941", "price": "0.52", "size": "0", "side": "BUY", "hash": "75148808df05f919e8abb357fe7d99634a1e1f2f", "best_bid": "0.5", "best_ask": "0.59"}], "timestamp": "1769384717874", "event_type": "price_change"}}
{"_local_timestamp": "2026-01-25T23:45:18.898204+00:00", "data": {"market": "0x9d1f2f0054e31e702ab533a0f6ab859c7640523eb0ded5454c393938331fe054", "price_changes": [{"asset_id": "2818115541020810620193219397926852713779581115981993907913381999447460893675", "price": "0.49", "size": "7.9", "side": "SELL", "hash": "d97253c7c794609da1f984e6cecf157d34a2c2b0", "best_bid": "0.41", "best_ask": "0.49"}, {"asset_id": "81373593552553779478101066623264139916335436281484913843800826356997258853941", "price": "0.51", "size": "7.9", "side": "BUY", "hash": "964e6d9027b47377df8d95819547ef27aff5c275", "best_bid": "0.51", "best_ask": "0.59"}], "timestamp": "1769384718823", "event_type": "price_change"}}
{"_local_timestamp": "2026-01-25T23:45:32.683360+00:00", "data": {"market": "0x9d1f2f0054e31e702ab533a0f6ab859c7640523eb0ded5454c393938331fe054", "price_changes": [{"asset_id": "81373593552553779478101066623264139916335436281484913843800826356997258853941", "price": "0.5", "size": "0", "side": "BUY", "hash": "111a30917975dc326d48788c8e228a5fc16538c5", "best_bid": "0.51", "best_ask": "0.59"}, {"asset_id": "2818115541020810620193219397926852713779581115981993907913381999447460893675", "price": "0.5", "size": "0", "side": "SELL", "hash": "56dc282c4c8ad69be12698c61132e7296400b9f3", "best_bid": "0.41", "best_ask": "0.49"}], "timestamp": "1769384732610", "event_type": "price_change"}}
{"_local_timestamp": "2026-01-25T23:46:31.827924+00:00", "data": {"market": "0x9d1f2f0054e31e702ab533a0f6ab859c7640523eb0ded5454c393938331fe054", "price_changes": [{"asset_id": "2818115541020810620193219397926852713779581115981993907913381999447460893675", "price": "0.42", "size": "21", "side": "BUY", "hash": "b24f61b0707b5803bf4ba39541125d19e8c7abf2", "best_bid": "0.42", "best_ask": "0.49"}, {"asset_id": "81373593552553779478101066623264139916335436281484913843800826356997258853941", "price": "0.58", "size": "21", "side": "SELL", "hash": "c9eba1813b39bcb08c11c042845dbd54bc20c41e", "best_bid": "0.51", "best_ask": "0.58"}], "timestamp": "1769384791749", "event_type": "price_change"}}
{"_local_timestamp": "2026-01-25T23:47:15.872695+00:00", "data": {"market": "0x9d1f2f0054e31e702ab533a0f6ab859c7640523eb0ded5454c393938331fe054", "price_changes": [{"asset_id": "81373593552553779478101066623264139916335436281484913843800826356997258853941", "price": "0.39", "size": "0", "side": "BUY", "hash": "50b08e5d5ea43e2cf1932d0ccdd8cfc82b9e19ef", "best_bid": "0.51", "best_ask": "0.58"}, {"asset_id": "2818115541020810620193219397926852713779581115981993907913381999447460893675", "price": "0.61", "size": "0", "side": "SELL", "hash": "242998793ccb44c954ac81c5118fa3af5ee4a090", "best_bid": "0.42", "best_ask": "0.49"}], "timestamp": "1769384835806", "event_type": "price_change"}}
{"_local_timestamp": "2026-01-25T23:47:15.876679+00:00", "data": {"market": "0x9d1f2f0054e31e702ab533a0f6ab859c7640523eb0ded5454c393938331fe054", "price_changes": [{"asset_id": "81373593552553779478101066623264139916335436281484913843800826356997258853941", "price": "0.25", "size": "80", "side": "BUY", "hash": "50b08e5d5ea43e2cf1932d0ccdd8cfc82b9e19ef", "best_bid": "0.51", "best_ask": "0.58"}, {"asset_id": "2818115541020810620193219397926852713779581115981993907913381999447460893675", "price": "0.75", "size": "80", "side": "SELL", "hash": "242998793ccb44c954ac81c5118fa3af5ee4a090", "best_bid": "0.42", "best_ask": "0.49"}], "timestamp": "1769384835806", "event_type": "price_change"}}
{"_local_timestamp": "2026-01-25T23:47:16.012453+00:00", "data": {"market": "0x9d1f2f0054e31e702ab533a0f6ab859c7640523eb0ded5454c393938331fe054", "price_changes": [{"asset_id": "2818115541020810620193219397926852713779581115981993907913381999447460893675", "price": "0.41", "size": "0", "side": "BUY", "hash": "fd638d7172514c4986cdd092ca6926cf918d6b22", "best_bid": "0.42", "best_ask": "0.49"}, {"asset_id": "81373593552553779478101066623264139916335436281484913843800826356997258853941", "price": "0.59", "size": "0", "side": "SELL", "hash": "5ed9e656b378f00d6d76021e4965e3a6449ac797", "best_bid": "0.51", "best_ask": "0.58"}], "timestamp": "1769384835806", "event_type": "price_change"}}
{"_local_timestamp": "2026-01-25T23:47:16.559739+00:00", "data": {"market": "0x9d1f2f0054e31e702ab533a0f6ab859c7640523eb0ded5454c393938331fe054", "price_changes": [{"asset_id": "81373593552553779478101066623264139916335436281484913843800826356997258853941", "price": "0.25", "size": "114.83", "side": "BUY", "hash": "167c279c3d3499ce8af03a4058843aff37c82ea0", "best_bid": "0.51", "best_ask": "0.58"}, {"asset_id": "2818115541020810620193219397926852713779581115981993907913381999447460893675", "price": "0.75", "size": "114.83", "side": "SELL", "hash": "47e45c4c1d82a7ddc229f4a094c3932187bb2ba6", "best_bid": "0.42", "best_ask": "0.49"}], "timestamp": "1769384836482", "event_type": "price_change"}}
{"_local_timestamp": "2026-01-25T23:47:16.623024+00:00", "data": {"market": "0x9d1f2f0054e31e702ab533a0f6ab859c7640523eb0ded5454c393938331fe054", "price_changes": [{"asset_id": "81373593552553779478101066623264139916335436281484913843800826356997258853941", "price": "0.38", "size": "34.83", "side": "BUY", "hash": "d5dd52eca2645fadac57942123af3952f0ac2f21", "best_bid": "0.51", "best_ask": "0.58"}, {"asset_id": "2818115541020810620193219397926852713779581115981993907913381999447460893675", "price": "0.62", "size": "34.83", "side": "SELL", "hash": "e092a698c2eea5742cda42e19e9dd4e4caf14735", "best_bid": "0.42", "best_ask": "0.49"}], "timestamp": "1769384836541", "event_type": "price_change"}}
{"_local_timestamp": "2026-01-25T23:47:16.688894+00:00", "data": {"market": "0x9d1f2f0054e31e702ab533a0f6ab859c7640523eb0ded5454c393938331fe054", "price_changes": [{"asset_id": "81373593552553779478101066623264139916335436281484913843800826356997258853941", "price": "0.52", "size": "34.83", "side": "BUY", "hash": "a5bf15c4d9d3a7426b027d779dd05e45049e3797", "best_bid": "0.52", "best_ask": "0.58"}, {"asset_id": "2818115541020810620193219397926852713779581115981993907913381999447460893675", "price": "0.48", "size": "34.83", "side": "SELL", "hash": "920b3dfd6b008c335ac60d75c49bb065c89d98b4", "best_bid": "0.42", "best_ask": "0.48"}], "timestamp": "1769384836586", "event_type": "price_change"}}
{"_local_timestamp": "2026-01-25T23:47:16.892933+00:00", "data": {"market": "0x9d1f2f0054e31e702ab533a0f6ab859c7640523eb0ded5454c393938331fe054", "price_changes": [{"asset_id": "2818115541020810620193219397926852713779581115981993907913381999447460893675", "price": "0.43", "size": "66.66", "side": "BUY", "hash": "5269b0f49e448f4ac47efedba9670483639bc165", "best_bid": "0.43", "best_ask": "0.48"}, {"asset_id": "81373593552553779478101066623264139916335436281484913843800826356997258853941", "price": "0.57", "size": "66.66", "side": "SELL", "hash": "b46e5c3873c042725a832c4583f7d7fbd30fb0bd", "best_bid": "0.52", "best_ask": "0.57"}], "timestamp": "1769384836807", "event_type": "price_change"}}
{"_local_timestamp": "2026-01-25T23:47:17.914798+00:00", "data": {"market": "0x9d1f2f0054e31e702ab533a0f6ab859c7640523eb0ded5454c393938331fe054", "price_changes": [{"asset_id": "2818115541020810620193219397926852713779581115981993907913381999447460893675", "price": "0.49", "size": "0", "side": "SELL", "hash": "358b67da4b4f02017bcc09d8bdafc414dc6051e3", "best_bid": "0.43", "best_ask": "0.48"}, {"asset_id": "81373593552553779478101066623264139916335436281484913843800826356997258853941", "price": "0.51", "size": "0", "side": "BUY", "hash": "793b78b5b6b5bccadc439d43dee3913c9eaee51a", "best_bid": "0.52", "best_ask": "0.57"}], "timestamp": "1769384837830", "event_type": "price_change"}}
{"_local_timestamp": "2026-01-25T23:47:19.149823+00:00", "data": {"market": "0x9d1f2f0054e31e702ab533a0f6ab859c7640523eb0ded5454c393938331fe054", "price_changes": [{"asset_id": "2818115541020810620193219397926852713779581115981993907913381999447460893675", "price": "0.5", "size": "7.9", "side": "SELL", "hash": "8beada0bc85cb2672975abeba92219f84a806f1a", "best_bid": "0.43", "best_ask": "0.48"}, {"asset_id": "81373593552553779478101066623264139916335436281484913843800826356997258853941", "price": "0.5", "size": "7.9", "side": "BUY", "hash": "db4f82163b955266428ae2613238980f82103e53", "best_bid": "0.52", "best_ask": "0.57"}], "timestamp": "1769384838986", "event_type": "price_change"}}
{"_local_timestamp": "2026-01-25T23:48:17.998401+00:00", "data": {"market": "0x9d1f2f0054e31e702ab533a0f6ab859c7640523eb0ded5454c393938331fe054", "price_changes": [{"asset_id": "2818115541020810620193219397926852713779581115981993907913381999447460893675", "price": "0.5", "size": "0", "side": "SELL", "hash": "4546cb82726289f61ad8060886e3daa201d13eec", "best_bid": "0.43", "best_ask": "0.48"}, {"asset_id": "81373593552553779478101066623264139916335436281484913843800826356997258853941", "price": "0.5", "size": "0", "side": "BUY", "hash": "c2cf7ea6723fa4705f91715a687cceffb605c39f", "best_bid": "0.52", "best_ask": "0.57"}], "timestamp": "1769384897909", "event_type": "price_change"}}
{"_local_timestamp": "2026-01-25T23:48:18.913391+00:00", "data": {"market": "0x9d1f2f0054e31e702ab533a0f6ab859c7640523eb0ded5454c393938331fe054", "price_changes": [{"asset_id": "2818115541020810620193219397926852713779581115981993907913381999447460893675", "price": "0.47", "size": "7.9", "side": "SELL", "hash": "ea545ac10c7a8bb42d77daf084d41782cf9d0237", "best_bid": "0.43", "best_ask": "0.47"}, {"asset_id": "81373593552553779478101066623264139916335436281484913843800826356997258853941", "price": "0.53", "size": "7.9", "side": "BUY", "hash": "34112eeb5b7b64e37f349fa1226e6b478f57ab9e", "best_bid": "0.53", "best_ask": "0.57"}], "timestamp": "1769384898819", "event_type": "price_change"}}
{"_local_timestamp": "2026-01-25T23:49:28.961552+00:00", "data": {"market": "0x9d1f2f0054e31e702ab533a0f6ab859c7640523eb0ded5454c393938331fe054", "price_changes": [{"asset_id": "2818115541020810620193219397926852713779581115981993907913381999447460893675", "price": "0.42", "size": "0", "side": "BUY", "hash": "1f4a979015d73eaf951186e0ac932297d8e77237", "best_bid": "0.43", "best_ask": "0.47"}, {"asset_id": "81373593552553779478101066623264139916335436281484913843800826356997258853941", "price": "0.58", "size": "0", "side": "SELL", "hash": "bb8b4f370dcf851131d0aeaca74fca9d615fb67a", "best_bid": "0.53", "best_ask": "0.57"}], "timestamp": "1769384968885", "event_type": "price_change"}}
{"_local_timestamp": "2026-01-25T23:49:53.382440+00:00", "data": {"market": "0x9d1f2f0054e31e702ab533a0f6ab859c7640523eb0ded5454c393938331fe054", "price_changes": [{"asset_id": "2818115541020810620193219397926852713779581115981993907913381999447460893675", "price": "0.43", "size": "0", "side": "BUY", "hash": "ec3b5700d8929281ed32515fa4597632164a0aff", "best_bid": "0.4", "best_ask": "0.47"}, {"asset_id": "81373593552553779478101066623264139916335436281484913843800826356997258853941", "price": "0.57", "size": "0", "side": "SELL", "hash": "638a8dc911c9ae320d62c4fa3cb7fb2391bedc21", "best_bid": "0.53", "best_ask": "0.6"}], "timestamp": "1769384993308", "event_type": "price_change"}}
{"_local_timestamp": "2026-01-25T23:49:53.383366+00:00", "data": {"market": "0x9d1f2f0054e31e702ab533a0f6ab859c7640523eb0ded5454c393938331fe054", "price_changes": [{"asset_id": "81373593552553779478101066623264139916335436281484913843800826356997258853941", "price": "0.52", "size": "0", "side": "BUY", "hash": "e8c96da649d798aafea169b64f467f23f73930b9", "best_bid": "0.53", "best_ask": "0.6"}, {"asset_id": "2818115541020810620193219397926852713779581115981993907913381999447460893675", "price": "0.48", "size": "0", "side": "SELL", "hash": "df185b8bc0bdde82b2772b7755d65ad159513106", "best_bid": "0.4", "best_ask": "0.47"}], "timestamp": "1769384993308", "event_type": "price_change"}}
{"_local_timestamp": "2026-01-25T23:49:53.383912+00:00", "data": {"market": "0x9d1f2f0054e31e702ab533a0f6ab859c7640523eb0ded5454c393938331fe054", "price_changes": [{"asset_id": "81373593552553779478101066623264139916335436281484913843800826356997258853941", "price": "0.38", "size": "0", "side": "BUY", "hash": "e8c96da649d798aafea169b64f467f23f73930b9", "best_bid": "0.53", "best_ask": "0.6"}, {"asset_id": "2818115541020810620193219397926852713779581115981993907913381999447460893675", "price": "0.62", "size": "0", "side": "SELL", "hash": "df185b8bc0bdde82b2772b7755d65ad159513106", "best_bid": "0.4", "best_ask": "0.47"}], "timestamp": "1769384993308", "event_type": "price_change"}}
{"_local_timestamp": "2026-01-25T23:49:53.384349+00:00", "data": {"market": "0x9d1f2f0054e31e702ab533a0f6ab859c7640523eb0ded5454c393938331fe054", "price_changes": [{"asset_id": "81373593552553779478101066623264139916335436281484913843800826356997258853941", "price": "0.25", "size": "80", "side": "BUY", "hash": "e8c96da649d798aafea169b64f467f23f73930b9", "best_bid": "0.53", "best_ask": "0.6"}, {"asset_id": "2818115541020810620193219397926852713779581115981993907913381999447460893675", "price": "0.75", "size": "80", "side": "SELL", "hash": "df185b8bc0bdde82b2772b7755d65ad159513106", "best_bid": "0.4", "best_ask": "0.47"}], "timestamp": "1769384993308", "event_type": "price_change"}}
{"_local_timestamp": "2026-01-25T23:49:54.150307+00:00", "data": {"market": "0x9d1f2f0054e31e702ab533a0f6ab859c7640523eb0ded5454c393938331fe054", "price_changes": [{"asset_id": "2818115541020810620193219397926852713779581115981993907913381999447460893675", "price": "0.41", "size": "66.66", "side": "BUY", "hash": "cda40c9bdf5918cd71276f90bd518ca76adbfd99", "best_bid": "0.41", "best_ask": "0.47"}, {"asset_id": "81373593552553779478101066623264139916335436281484913843800826356997258853941", "price": "0.59", "size": "66.66", "side": "SELL", "hash": "ccee626b37c4d4bd2d4ec85f7b5723550e00d03f", "best_bid": "0.53", "best_ask": "0.59"}], "timestamp": "1769384994050", "event_type": "price_change"}}
{"_local_timestamp": "2026-01-25T23:49:54.232255+00:00", "data": {"market": "0x9d1f2f0054e31e702ab533a0f6ab859c7640523eb0ded5454c393938331fe054", "price_changes": [{"asset_id": "81373593552553779478101066623264139916335436281484913843800826356997258853941", "price": "0.39", "size": "52.25", "side": "BUY", "hash": "58c4dadd87df393f09c6b0097bb0e1e698cdf120", "best_bid": "0.53", "best_ask": "0.59"}, {"asset_id": "2818115541020810620193219397926852713779581115981993907913381999447460893675", "price": "0.61", "size": "52.25", "side": "SELL", "hash": "9b166bc5e651639db6e3b2813a03990694bb6a2c", "best_bid": "0.41", "best_ask": "0.47"}], "timestamp": "1769384994159", "event_type": "price_change"}}
{"_local_timestamp": "2026-01-25T23:49:54.271593+00:00", "data": {"market": "0x9d1f2f0054e31e702ab533a0f6ab859c7640523eb0ded5454c393938331fe054", "price_changes": [{"asset_id": "81373593552553779478101066623264139916335436281484913843800826356997258853941", "price": "0.25", "size": "132.25", "side": "BUY", "hash": "fb13447f620ca7b92daf31c65fbf57967efeeffb", "best_bid": "0.53", "best_ask": "0.59"}, {"asset_id": "2818115541020810620193219397926852713779581115981993907913381999447460893675", "price": "0.75", "size": "132.25", "side": "SELL", "hash": "a0929eb13a98ca61707d62cf920f58018d9c21b0", "best_bid": "0.41", "best_ask": "0.47"}], "timestamp": "1769384994197", "event_type": "price_change"}}
{"_local_timestamp": "2026-01-25T23:50:18.046233+00:00", "data": {"market": "0x9d1f2f0054e31e702ab533a0f6ab859c7640523eb0ded5454c393938331fe054", "price_changes": [{"asset_id": "2818115541020810620193219397926852713779581115981993907913381999447460893675", "price": "0.47", "size": "0", "side": "SELL", "hash": "1b7206b6b175fa7c0e02235f4e273aed0bcbb519", "best_bid": "0.41", "best_ask": "0.51"}, {"asset_id": "81373593552553779478101066623264139916335436281484913843800826356997258853941", "price": "0.53", "size": "0", "side": "BUY", "hash": "499181ba196facd299fac22ac7f8a7e07f4a1987", "best_bid": "0.49", "best_ask": "0.59"}], "timestamp": "1769385017926", "event_type": "price_change"}}
{"_local_timestamp": "2026-01-25T23:50:19.219077+00:00", "data": {"market": "0x9d1f2f0054e31e702ab533a0f6ab859c7640523eb0ded5454c393938331fe054", "price_changes": [{"asset_id": "2818115541020810620193219397926852713779581115981993907913381999447460893675", "price": "0.5", "size": "7.9", "side": "SELL", "hash": "7f2a5dfe47d490100dbe6a397d6733333c59c62c", "best_bid": "0.41", "best_ask": "0.5"}, {"asset_id": "81373593552553779478101066623264139916335436281484913843800826356997258853941", "price": "0.5", "size": "7.9", "side": "BUY", "hash": "5d99066a78d4fa4b8ccfb6f5e0fe0d8004c394a1", "best_bid": "0.5", "best_ask": "0.59"}], "timestamp": "1769385019126", "event_type": "price_change"}}
