{"_local_timestamp": "2026-01-25T23:33:20.823991+00:00", "data": [{"market": "0x63dccd9f171bbe74ad2950320ab645f0cd338c584176da1fa47d85860b759788", "asset_id": "29874563369040433575118862419770749480563086667350654739557445346608098986844", "timestamp": "1769383894444", "hash": "dec6d2238a08190e5a60204ceeeda3efb90cc41e", "bids": [{"price": "0.01", "size": "4270.39"}, {"price": "0.02", "size": "1100"}, {"price": "0.03", "size": "9.69"}, {"price": "0.04", "size": "1400"}, {"price": "0.05", "size": "500"}, {"price": "0.06", "size": "101"}, {"price": "0.07", "size": "101"}, {"price": "0.09", "size": "20"}, {"price": "0.1", "size": "6.05"}, {"price": "0.15", "size": "400"}, {"price": "0.16", "size": "100"}, {"price": "0.18", "size": "81"}, {"price": "0.34", "size": "100"}, {"price": "0.41", "size": "31.7"}, {"price": "0.42", "size": "36.19"}, {"price": "0.5", "size": "8"}, {"price": "0.51", "size": "14.98"}], "asks": [{"price": "0.99", "size": "18.32"}, {"price": "0.97", "size": "300"}, {"price": "0.96", "size": "755.11"}, {"price": "0.95", "size": "210"}, {"price": "0.94", "size": "248.96"}, {"price": "0.93", "size": "100"}, {"price": "0.92", "size": "300"}, {"price": "0.91", "size": "106.8"}, {"price": "0.83", "size": "125.43"}, {"price": "0.82", "size": "10"}, {"price": "0.78", "size": "50"}, {"price": "0.72", "size": "55.93"}], "event_type": "book", "last_trade_price": ""}, {"market": "0x63dccd9f171bbe74ad2950320ab645f0cd338c584176da1fa47d85860b759788", "asset_id": "111323618240382392771582999962158332851276152255675942803764996958191189161182", "timestamp": "1769383894444", "hash": "a6a7b892287b84c7c24e47b404fdbfbe6a6f2d1c", "bids": [{"price": "0.01", "size": "18.32"}, {"price": "0.03", "size": "300"}, {"price": "0.04", "size": "755.11"}, {"price": "0.05", "size": "210"}, {"price": "0.06", "size": "248.96"}, {"price": "0.07", "size": "100"}, {"price": "0.08", "size": "300"}, {"price": "0.09", "size": "106.8"}, {"price": "0.17", "size": "125.43"}, {"price": "0.18", "size": "10"}, {"price": "0.22", "size": "50"}, {"price": "0.28", "size": "55.93"}], "asks": [{"price": "0.99", "size": "4270.39"}, {"price": "0.98", "size": "1100"}, {"price": "0.97", "size": "9.69"}, {"price": "0.96", "size": "1400"}, {"price": "0.95", "size": "500"}, {"price": "0.94", "size": "101"}, {"price": "0.93", "size": "101"}, {"price": "0.91", "size": "20"}, {"price": "0.9", "size": "6.05"}, {"price": "0.85", "size": "400"}, {"price": "0.84", "size": "100"}, {"price": "0.82", "size": "81"}, {"price": "0.66", "size": "100"}, {"price": "0.59", "size": "31.7"}, {"price": "0.58", "size": "36.19"}, {"price": "0.5", "size": "8"}, {"price": "0.49", "size": "14.98"}], "event_type": "book", "last_trade_price": ""}]}
{"_local_timestamp": "2026-01-25T23:33:22.481488+00:00", "data": {"market": "0x63dccd9f171bbe74ad2950320ab645f0cd338c584176da1fa47d85860b759788", "price_changes": [{"asset_id": "111323618240382392771582999962158332851276152255675942803764996958191189161182", "price": "0.09", "size": "100", "side": "BUY", "hash": "ee3a4a4ec62a6ca256766501da8142af14c31963", "best_bid": "0.28", "best_ask": "0.49"}, {"asset_id": "29874563369040433575118862419770749480563086667350654739557445346608098986844", "price": "0.91", "size": "100", "side": "SELL", "hash": "d389687deb5ec6bb63726b23957073eb75303bd5", "best_bid": "0.51", "best_ask": "0.72"}], "timestamp": "1769384002415", "event_type": "price_change"}}
{"_local_timestamp": "2026-01-25T23:33:22.724146+00:00", "data": {"market": "0x63dccd9f171bbe74ad2950320ab645f0cd338c584176da1fa47d85860b759788", "price_changes": [{"asset_id": "111323618240382392771582999962158332851276152255675942803764996958191189161182", "price": "0.1", "size": "6.12", "side": "BUY", "hash": "9776f068ad9b81190627fe9406c2c03832721632", "best_bid": "0.28", "best_ask": "0.49"}, {"asset_id": "29874563369040433575118862419770749480563086667350654739557445346608098986844", "price": "0.9", "size": "6.12", "side": "SELL", "hash": "b1a3624f7e9b923c75caa6347f2f392eeb7fc169", "best_bid": "0.51", "best_ask": "0.72"}], "timestamp": "1769384002655", "event_type": "price_change"}}
{"_local_timestamp": "2026-01-25T23:35:13.532825+00:00", "data": {"market": "0x63dccd9f171bbe74ad2950320ab645f0cd338c584176da1fa47d85860b759788", "price_changes": [{"asset_id": "111323618240382392771582999962158332851276152255675942803764996958191189161182", "price": "0.06", "size": "148.96", "side": "BUY", "hash": "89cebbe7d3f1c60f8f4ee38d7c8145f4bcdc0859", "best_bid": "0.28", "best_ask": "0.49"}, {"asset_id": "29874563369040433575118862419770749480563086667350654739557445346608098986844", "price": "0.94", "size": "148.96", "side": "SELL", "hash": "c55a8a0a5d2cfec6269de7746c07d102c4c190fa", "best_bid": "0.51", "best_ask": "0.72"}], "timestamp": "1769384113238", "event_type": "price_change"}}
{"_local_timestamp": "2026-01-25T23:35:13.963824+00:00", "data": {"market": "0x63dccd9f171bbe74ad2950320ab645f0cd338c584176da1fa47d85860b759788", "price_changes": [{"asset_id": "111323618240382392771582999962158332851276152255675942803764996958191189161182", "price": "0.09", "size": "200", "side": "BUY", "hash": "6af8e4cee4c96d494e2ec21b6cca95ccc59ec62e", "best_bid": "0.28", "best_ask": "0.49"}, {"asset_id": "29874563369040433575118862419770749480563086667350654739557445346608098986844", "price": "0.91", "size": "200", "side": "SELL", "hash": "5a727734808fca2a33d05d94083c4466b5352537", "best_bid": "0.51", "best_ask": "0.72"}], "timestamp": "1769384113739", "event_type": "price_change"}}
{"_local_timestamp": "2026-01-25T23:36:42.209353+00:00", "data": {"market": "0x63dccd9f171bbe74ad2950320ab645f0cd338c584176da1fa47d85860b759788", "price_changes": [{"asset_id": "111323618240382392771582999962158332851276152255675942803764996958191189161182", "price": "0.1", "size": "0", "side": "BUY", "hash": "00257de14f91868e5b11cee0a2ecc8844a2b2284", "best_bid": "0.28", "best_ask": "0.49"}, {"asset_id": "29874563369040433575118862419770749480563086667350654739557445346608098986844", "price": "0.9", "size": "0", "side": "SELL", "hash": "9361d0607519584bd539ab0cd7a8e83683ceb53f", "best_bid": "0.51", "best_ask": "0.72"}], "timestamp": "1769384201902", "event_type": "price_change"}}
{"_local_timestamp": "2026-01-25T23:36:43.605114+00:00", "data": {"market": "0x63dccd9f171bbe74ad2950320ab645f0cd338c584176da1fa47d85860b759788", "price_changes": [{"asset_id": "111323618240382392771582999962158332851276152255675942803764996958191189161182", "price": "0.1", "size": "6.12", "side": "BUY", "hash": "89a5eeb8802799271e9a34e1b96336b429e6bb66", "best_bid": "0.28", "best_ask": "0.49"}, {"asset_id": "29874563369040433575118862419770749480563086667350654739557445346608098986844", "price": "0.9", "size": "6.12", "side": "SELL", "hash": "04479a96c72f966888a8040e854f48a3e855e3cf", "best_bid": "0.51", "best_ask": "0.72"}], "timestamp": "1769384203538", "event_type": "price_change"}}
{"_local_timestamp": "2026-01-25T23:36:57.699012+00:00", "data": {"market": "0x63dccd9f171bbe74ad2950320ab645f0cd338c584176da1fa47d85860b759788", "price_changes": [{"asset_id": "111323618240382392771582999962158332851276152255675942803764996958191189161182", "price": "0.08", "size": "0", "side": "BUY", "hash": "8f02c861a98757557d7968f1d09e4b62562ebee1", "best_bid": "0.28", "best_ask": "0.49"}, {"asset_id": "29874563369040433575118862419770749480563086667350654739557445346608098986844", "price": "0.92", "size": "0", "side": "SELL", "hash": "9cfc2d2aa5c49769e8c94fa650a40ce143d27f93", "best_bid": "0.51", "best_ask": "0.72"}], "timestamp": "1769384217244", "event_type": "price_change"}}
{"_local_timestamp": "2026-01-25T23:37:08.328719+00:00", "data": {"market": "0x63dccd9f171bbe74ad2950320ab645f0cd338c584176da1fa47d85860b759788", "price_changes": [{"asset_id": "111323618240382392771582999962158332851276152255675942803764996958191189161182", "price": "0.1", "size": "106.12", "side": "BUY", "hash": "f04218c61647e7bef42fea271673e2763963fc85", "best_bid": "0.28", "best_ask": "0.49"}, {"asset_id": "29874563369040433575118862419770749480563086667350654739557445346608098986844", "price": "0.9", "size": "106.12", "side": "SELL", "hash": "90a7da8cce12c073832800411a478edc5eba460d", "best_bid": "0.51", "best_ask": "0.72"}], "timestamp": "1769384228261", "event_type": "price_change"}}
{"_local_timestamp": "2026-01-25T23:37:16.000508+00:00", "data": {"market": "0x63dccd9f171bbe74ad2950320ab645f0cd338c584176da1fa47d85860b759788", "price_changes": [{"asset_id": "29874563369040433575118862419770749480563086667350654739557445346608098986844", "price": "0.17", "size": "8.5", "side": "BUY", "hash": "37cfc59ea593194d7ea9a2ecd0364e07217f9895", "best_bid": "0.51", "best_ask": "0.72"}, {"asset_id": "111323618240382392771582999962158332851276152255675942803764996958191189161182", "price": "0.83", "size": "8.5", "side": "SELL", "hash": "2d40445119d1f716cefa7fc0aee3be32fdea507e", "best_bid": "0.28", "best_ask": "0.49"}], "timestamp": "1769384235929", "event_type": "price_change"}}
{"_local_timestamp": "2026-01-25T23:37:16.000905+00:00", "data": {"market": "0x63dccd9f171bbe74ad2950320ab645f0cd338c584176da1fa47d85860b759788", "price_changes": [{"asset_id": "111323618240382392771582999962158332851276152255675942803764996958191189161182", "price": "0.19", "size": "8.5", "side": "BUY", "hash": "68c81afa0d200fff9b6d8ce83f76612b578d9be6", "best_bid": "0.28", "best_ask": "0.49"}, {"asset_id": "29874563369040433575118862419770749480563086667350654739557445346608098986844", "price": "0.81", "size": "8.5", "side": "SELL", "hash": "9d26d628c9d4368f21682a0f2fab33c35791ab0f", "best_bid": "0.51", "best_ask": "0.72"}], "timestamp": "1769384235929", "event_type": "price_change"}}
{"_local_timestamp": "2026-01-25T23:38:08.865846+00:00", "data": {"market": "0x63dccd9f171bbe74ad2950320ab645f0cd338c584176da1fa47d85860b759788", "price_changes": [{"asset_id": "111323618240382392771582999962158332851276152255675942803764996958191189161182", "price": "0.18", "size": "0", "side": "BUY", "hash": "2d5fce9c0fe64f92e2fc2df9aecbc82cb69078bb", "best_bid": "0.28", "best_ask": "0.49"}, {"asset_id": "29874563369040433575118862419770749480563086667350654739557445346608098986844", "price": "0.82", "size": "0", "side": "SELL", "hash": "6eb1d4762e9473a19cb11c19ce005017970a3b72", "best_bid": "0.51", "best_ask": "0.72"}], "timestamp": "1769384288769", "event_type": "price_change"}}
{"_local_timestamp": "2026-01-25T23:38:08.945498+00:00", "data": {"market": "0x63dccd9f171bbe74ad2950320ab645f0cd338c584176da1fa47d85860b759788", "price_changes": [{"asset_id": "111323618240382392771582999962158332851276152255675942803764996958191189161182", "price": "0.2", "size": "10", "side": "BUY", "hash": "48655fa2f2da81be443c1a433fa93b5c2fb6347e", "best_bid": "0.28", "best_ask": "0.49"}, {"asset_id": "29874563369040433575118862419770749480563086667350654739557445346608098986844", "price": "0.8", "size": "10", "side": "SELL", "hash": "b2b79bc60671127e2c693dff760123e17e7b8909", "best_bid": "0.51", "best_ask": "0.72"}], "timestamp": "1769384288867", "event_type": "price_change"}}
{"_local_timestamp": "2026-01-25T23:38:12.517432+00:00", "data": {"market": "0x63dccd9f171bbe74ad2950320ab645f0cd338c584176da1fa47d85860b759788", "price_changes": [{"asset_id": "111323618240382392771582999962158332851276152255675942803764996958191189161182", "price": "0.19", "size": "0", "side": "BUY", "hash": "bf080ea4f1cb9be7b0505eab8c038f3db8837a02", "best_bid": "0.28", "best_ask": "0.49"}, {"asset_id": "29874563369040433575118862419770749480563086667350654739557445346608098986844", "price": "0.81", "size": "0", "side": "SELL", "hash": "1ed973f75be088448889b0449d693eb2cf2725c7", "best_bid": "0.51", "best_ask": "0.72"}], "timestamp": "1769384292445", "event_type": "price_change"}}
{"_local_timestamp": "2026-01-25T23:38:12.552322+00:00", "data": {"market": "0x63dccd9f171bbe74ad2950320ab645f0cd338c584176da1fa47d85860b759788", "price_changes": [{"asset_id": "111323618240382392771582999962158332851276152255675942803764996958191189161182", "price": "0.11", "size": "9.19", "side": "BUY", "hash": "7ac5b4e02caf4cab26146cd350265a2fc4697af0", "best_bid": "0.28", "best_ask": "0.49"}, {"asset_id": "29874563369040433575118862419770749480563086667350654739557445346608098986844", "price": "0.89", "size": "9.19", "side": "SELL", "hash": "543102c95ea2994b5b30e2427ad090fa8b0341e6", "best_bid": "0.51", "best_ask": "0.72"}], "timestamp": "1769384292485", "event_type": "price_change"}}
{"_local_timestamp": "2026-01-25T23:38:13.829030+00:00", "data": {"market": "0x63dccd9f171bbe74ad2950320ab645f0cd338c584176da1fa47d85860b759788", "price_changes": [{"asset_id": "29874563369040433575118862419770749480563086667350654739557445346608098986844", "price": "0.1", "size": "23.05", "side": "BUY", "hash": "c76ea9ccdc5a625e15cfe0f2b9d92fa2bec34748", "best_bid": "0.51", "best_ask": "0.72"}, {"asset_id": "111323618240382392771582999962158332851276152255675942803764996958191189161182", "price": "0.9", "size": "23.05", "side": "SELL", "hash": "a4bd5edcb589cc4fcc15d978862016812c1f1cbf", "best_bid": "0.28", "best_ask": "0.49"}], "timestamp": "1769384293761", "event_type": "price_change"}}
{"_local_timestamp": "2026-01-25T23:39:04.414773+00:00", "data": {"market": "0x63dccd9f171bbe74ad2950320ab645f0cd338c584176da1fa47d85860b759788", "price_changes": [{"asset_id": "111323618240382392771582999962158332851276152255675942803764996958191189161182", "price": "0.05", "size": "110", "side": "BUY", "hash": "b86ab61d8f9f98487586e8e58c4b2c6a723207db", "best_bid": "0.28", "best_ask": "0.49"}, {"asset_id": "29874563369040433575118862419770749480563086667350654739557445346608098986844", "price": "0.95", "size": "110", "side": "SELL", "hash": "d4cb45ceba2e9fec91fca23dc8dc58a37fd99e04", "best_bid": "0.51", "best_ask": "0.72"}], "timestamp": "1769384344334", "event_type": "price_change"}}
{"_local_timestamp": "2026-01-25T23:39:04.704941+00:00", "data": {"market": "0x63dccd9f171bbe74ad2950320ab645f0cd338c584176da1fa47d85860b759788", "price_changes": [{"asset_id": "111323618240382392771582999962158332851276152255675942803764996958191189161182", "price": "0.09", "size": "300", "side": "BUY", "hash": "0998d753b14a59b29efcea81e07a4effa25c2157", "best_bid": "0.28", "best_ask": "0.49"}, {"asset_id": "29874563369040433575118862419770749480563086667350654739557445346608098986844", "price": "0.91", "size": "300", "side": "SELL", "hash": "12c9e8557cf01abcfcc5e99b64642176180b01fa", "best_bid": "0.51", "best_ask": "0.72"}], "timestamp": "1769384344620", "event_type": "price_change"}}
{"_local_timestamp": "2026-01-25T23:39:05.544612+00:00", "data": {"market": "0x63dccd9f171bbe74ad2950320ab645f0cd338c584176da1fa47d85860b759788", "price_changes": [{"asset_id": "111323618240382392771582999962158332851276152255675942803764996958191189161182", "price": "0.2", "size": "0", "side": "BUY", "hash": "fbb32910eea20b02cd38731f9d8923715bbbf13d", "best_bid": "0.28", "best_ask": "0.49"}, {"asset_id": "29874563369040433575118862419770749480563086667350654739557445346608098986844", "price": "0.8", "size": "0", "side": "SELL", "hash": "1670b5e22cd6eb9ada7f4003ef5d25b00be7cc0b", "best_bid": "0.51", "best_ask": "0.72"}], "timestamp": "1769384345476", "event_type": "price_change"}}
{"_local_timestamp": "2026-01-25T23:39:05.640787+00:00", "data": {"market": "0x63dccd9f171bbe74ad2950320ab645f0cd338c584176da1fa47d85860b759788", "price_changes": [{"asset_id": "111323618240382392771582999962158332851276152255675942803764996958191189161182", "price": "0.18", "size": "10", "side": "BUY", "hash": "4f1ddb5a15d845ca2d72b8ac750134730c4570e8", "best_bid": "0.28", "best_ask": "0.49"}, {"asset_id": "29874563369040433575118862419770749480563086667350654739557445346608098986844", "price": "0.82", "size": "10", "side": "SELL", "hash": "706faaec66510f6d929dd9ea8426c31a00983845", "best_bid": "0.51", "best_ask": "0.72"}], "timestamp": "1769384345567", "event_type": "price_change"}}
{"_local_timestamp": "2026-01-25T23:39:13.334111+00:00", "data": {"market": "0x63dccd9f171bbe74ad2950320ab645f0cd338c584176da1fa47d85860b759788", "price_changes": [{"asset_id": "111323618240382392771582999962158332851276152255675942803764996958191189161182", "price": "0.11", "size": "0", "side": "BUY", "hash": "11cbd8f2432ffc5343135e14584ea891d59b27f5", "best_bid": "0.28", "best_ask": "0.49"}, {"asset_id": "29874563369040433575118862419770749480563086667350654739557445346608098986844", "price": "0.89", "size": "0", "side": "SELL", "hash": "65807cd09e6d42320faf0b15bba7482d47aa7771", "best_bid": "0.51", "best_ask": "0.72"}], "timestamp": "1769384353224", "event_type": "price_change"}}
{"_local_timestamp": "2026-01-25T23:39:13.334601+00:00", "data": {"market": "0x63dccd9f171bbe74ad2950320ab645f0cd338c584176da1fa47d85860b759788", "price_changes": [{"asset_id": "111323618240382392771582999962158332851276152255675942803764996958191189161182", "price": "0.19", "size": "8.5", "side": "BUY", "hash": "d9ca0f7ea55bb3cd59f7ec288b6d22aec5c38068", "best_bid": "0.28", "best_ask": "0.49"}, {"asset_id": "29874563369040433575118862419770749480563086667350654739557445346608098986844", "price": "0.81", "size": "8.5", "side": "SELL", "hash": "325cdf2e9e832cbcb57248d1707d46eafc001034", "best_bid": "0.51", "best_ask": "0.72"}], "timestamp": "1769384353260", "event_type": "price_change"}}
{"_local_timestamp": "2026-01-25T23:39:57.186806+00:00", "data": {"market": "0x63dccd9f171bbe74ad2950320ab645f0cd338c584176da1fa47d85860b759788", "price_changes": [{"asset_id": "111323618240382392771582999962158332851276152255675942803764996958191189161182", "price": "0.1", "size": "100", "side": "BUY", "hash": "eb705ca50a8373d3b9668d5cb1ac7eba448ff5dc", "best_bid": "0.28", "best_ask": "0.49"}, {"asset_id": "29874563369040433575118862419770749480563086667350654739557445346608098986844", "price": "0.9", "size": "100", "side": "SELL", "hash": "44a1f78dee68dc519d4518343c2a23f16d24419a", "best_bid": "0.51", "best_ask": "0.72"}], "timestamp": "1769384397106", "event_type": "price_change"}}
{"_local_timestamp": "2026-01-25T23:39:57.539718+00:00", "data": {"market": "0x63dccd9f171bbe74ad2950320ab645f0cd338c584176da1fa47d85860b759788", "price_changes": [{"asset_id": "111323618240382392771582999962158332851276152255675942803764996958191189161182", "price": "0.1", "size": "106.12", "side": "BUY", "hash": "8699bcf871ed4e740da10bb7dc6f96968a3d91ec", "best_bid": "0.28", "best_ask": "0.49"}, {"asset_id": "29874563369040433575118862419770749480563086667350654739557445346608098986844", "price": "0.9", "size": "106.12", "side": "SELL", "hash": "2a75a43ae96c49daa44b94d0404f24c31efc2928", "best_bid": "0.51", "best_ask": "0.72"}], "timestamp": "1769384397467", "event_type": "price_change"}}
{"_local_timestamp": "2026-01-25T23:39:57.605950+00:00", "data": {"market": "0x63dccd9f171bbe74ad2950320ab645f0cd338c584176da1fa47d85860b759788", "price_changes": [{"asset_id": "29874563369040433575118862419770749480563086667350654739557445346608098986844", "price": "0.1", "size": "17", "side": "BUY", "hash": "2ac0b50a2ac2cdc61517a1d6321f4c4ada8fc2c6", "best_bid": "0.51", "best_ask": "0.72"}, {"asset_id": "111323618240382392771582999962158332851276152255675942803764996958191189161182", "price": "0.9", "size": "17", "side": "SELL", "hash": "948b0a168b308f362387d710ef024674954954f9", "best_bid": "0.28", "best_ask": "0.49"}], "timestamp": "1769384397536", "event_type": "price_change"}}
{"_local_timestamp": "2026-01-25T23:39:58.419200+00:00", "data": {"market": "0x63dccd9f171bbe74ad2950320ab645f0cd338c584176da1fa47d85860b759788", "price_changes": [{"asset_id": "29874563369040433575118862419770749480563086667350654739557445346608098986844", "price": "0.11", "size": "5.5", "side": "BUY", "hash": "d273b04d1249f3ce2d485893f9b13ada480f010d", "best_bid": "0.51", "best_ask": "0.72"}, {"asset_id": "111323618240382392771582999962158332851276152255675942803764996958191189161182", "price": "0.89", "size": "5.5", "side": "SELL", "hash": "ffe20b8d89cf2e3cdedb39a7736606c65deac7eb", "best_bid": "0.28", "best_ask": "0.49"}], "timestamp": "1769384398353", "event_type": "price_change"}}
{"_local_timestamp": "2026-01-25T23:39:58.683236+00:00", "data": {"market": "0x63dccd9f171bbe74ad2950320ab645f0cd338c584176da1fa47d85860b759788", "price_changes": [{"asset_id": "111323618240382392771582999962158332851276152255675942803764996958191189161182", "price": "0.18", "size": "0", "side": "BUY", "hash": "0409f09644e83956390cf11abde38fe5c0e4814c", "best_bid": "0.28", "best_ask": "0.49"}, {"asset_id": "29874563369040433575118862419770749480563086667350654739557445346608098986844", "price": "0.82", "size": "0", "side": "SELL", "hash": "f00d3155f3f19310accce70a94ede7f547867a84", "best_bid": "0.51", "best_ask": "0.72"}], "timestamp": "1769384398600", "event_type": "price_change"}}
{"_local_timestamp": "2026-01-25T23:39:58.764276+00:00", "data": {"market": "0x63dccd9f171bbe74ad2950320ab645f0cd338c584176da1fa47d85860b759788", "price_changes": [{"asset_id": "111323618240382392771582999962158332851276152255675942803764996958191189161182", "price": "0.2", "size": "10", "side": "BUY", "hash": "a5bd8baf3de62a98c8c97a99df0aae111a12ce9e", "best_bid": "0.28", "best_ask": "0.49"}, {"asset_id": "29874563369040433575118862419770749480563086667350654739557445346608098986844", "price": "0.8", "size": "10", "side": "SELL", "hash": "87b3c5d6941362370028e2802e6b29711afecc84", "best_bid": "0.51", "best_ask": "0.72"}], "timestamp": "1769384398694", "event_type": "price_change"}}
{"_local_timestamp": "2026-01-25T23:39:59.035435+00:00", "data": {"market": "0x63dccd9f171bbe74ad2950320ab645f0cd338c584176da1fa47d85860b759788", "price_changes": [{"asset_id": "111323618240382392771582999962158332851276152255675942803764996958191189161182", "price": "0.1", "size": "100", "side": "BUY", "hash": "db4223da377b117baa4b55f2ecbf3293fdb1758f", "best_bid": "0.28", "best_ask": "0.49"}, {"asset_id": "29874563369040433575118862419770749480563086667350654739557445346608098986844", "price": "0.9", "size": "100", "side": "SELL", "hash": "f99e7f1d8018afe8cea9f4d37adb360be719df9e", "best_bid": "0.51", "best_ask": "0.72"}], "timestamp": "1769384398965", "event_type": "price_change"}}
{"_local_timestamp": "2026-01-25T23:39:59.820098+00:00", "data": {"market": "0x63dccd9f171bbe74ad2950320ab645f0cd338c584176da1fa47d85860b759788", "price_changes": [{"asset_id": "111323618240382392771582999962158332851276152255675942803764996958191189161182", "price": "0.1", "size": "106.12", "side": "BUY", "hash": "ccbe6a066eeaf89cc300bea71666d9f511bfe1cd", "best_bid": "0.28", "best_ask": "0.49"}, {"asset_id": "29874563369040433575118862419770749480563086667350654739557445346608098986844", "price": "0.9", "size": "106.12", "side": "SELL", "hash": "98f55610bfc33941a916f8b2e618247cdc3763d0", "best_bid": "0.51", "best_ask": "0.72"}], "timestamp": "1769384399730", "event_type": "price_change"}}
{"_local_timestamp": "2026-01-25T23:40:01.688701+00:00", "data": {"market": "0x63dccd9f171bbe74ad2950320ab645f0cd338c584176da1fa47d85860b759788", "price_changes": [{"asset_id": "111323618240382392771582999962158332851276152255675942803764996958191189161182", "price": "0.19", "size": "0", "side": "BUY", "hash": "236b13181bce6622cb7cb606af5e2e2888199906", "best_bid": "0.28", "best_ask": "0.49"}, {"asset_id": "29874563369040433575118862419770749480563086667350654739557445346608098986844", "price": "0.81", "size": "0", "side": "SELL", "hash": "f7f7c1792f994af5d175e8881f6345f0c2e0bcce", "best_bid": "0.51", "best_ask": "0.72"}], "timestamp": "1769384401606", "event_type": "price_change"}}
{"_local_timestamp": "2026-01-25T23:40:01.712379+00:00", "data": {"market": "0x63dccd9f171bbe74ad2950320ab645f0cd338c584176da1fa47d85860b759788", "price_changes": [{"asset_id": "111323618240382392771582999962158332851276152255675942803764996958191189161182", "price": "0.11", "size": "9.19", "side": "BUY", "hash": "af179d4da41dea8b3a730486343db36e14f4b93f", "best_bid": "0.28", "best_ask": "0.49"}, {"asset_id": "29874563369040433575118862419770749480563086667350654739557445346608098986844", "price": "0.89", "size": "9.19", "side": "SELL", "hash": "24cccc5457700dc2fb0cd4347a1d048696eeb655", "best_bid": "0.51", "best_ask": "0.72"}], "timestamp": "1769384401643", "event_type": "price_change"}}
