{"_local_timestamp": "2026-01-25T23:33:16.896782+00:00", "data": [{"market": "0x22ac5f75af18fdb453497fbf7ac0606a09a6fd55b78b2d08aace6b946ad62038", "asset_id": "97449340182256366014320155718265676486703217567849039806162053075113517266910", "timestamp": "1769383983388", "hash": "342d24683a8dd817d154df76023f556b92d24a38", "bids": [{"price": "0.001", "size": "265.37"}, {"price": "0.002", "size": "81.25"}, {"price": "0.003", "size": "339.25"}, {"price": "0.004", "size": "21.39"}, {"price": "0.008", "size": "20.23"}, {"price": "0.009", "size": "133.06"}, {"price": "0.01", "size": "284.45"}, {"price": "0.011", "size": "198.88"}, {"price": "0.013", "size": "8.33"}, {"price": "0.02", "size": "283"}, {"price": "0.023", "size": "6.31"}, {"price": "0.024", "size": "139.3"}, {"price": "0.065", "size": "70"}], "asks": [{"price": "0.999", "size": "3641.69"}, {"price": "0.998", "size": "1250"}, {"price": "0.997", "size": "1406.75"}, {"price": "0.994", "size": "200"}, {"price": "0.993", "size": "15.91"}, {"price": "0.99", "size": "23"}, {"price": "0.989", "size": "21.36"}, {"price": "0.95", "size": "40"}, {"price": "0.91", "size": "400"}, {"price": "0.909", "size": "6.9"}, {"price": "0.86", "size": "242.85"}, {"price": "0.81", "size": "168.42"}, {"price": "0.8", "size": "5"}, {"price": "0.777", "size": "165"}, {"price": "0.77", "size": "121.73"}, {"price": "0.72", "size": "92.85"}, {"price": "0.67", "size": "72.72"}, {"price": "0.63", "size": "54.05"}, {"price": "0.5", "size": "22.72"}, {"price": "0.477", "size": "149"}, {"price": "0.47", "size": "900"}, {"price": "0.469", "size": "5"}, {"price": "0.38", "size": "25.2"}, {"price": "0.35", "size": "107.01"}, {"price": "0.277", "size": "89"}, {"price": "0.215", "size": "5"}, {"price": "0.177", "size": "189"}, {"price": "0.16", "size": "21.21"}, {"price": "0.089", "size": "47.14"}, {"price": "0.076", "size": "16.73"}, {"price": "0.075", "size": "108.9"}, {"price": "0.074", "size": "15.67"}, {"price": "0.07", "size": "254.35"}, {"price": "0.069", "size": "33"}], "event_type": "book", "last_trade_price": "0.931"}, {"market": "0x22ac5f75af18fdb453497fbf7ac0606a09a6fd55b78b2d08aace6b946ad62038", "asset_id": "59259495934562596318644973716893809974860301509869285036503555129962149752635", "timestamp": "1769383983388", "hash": "b961a0280260c4233b06c9942b731e8e11edc690", "bids": [{"price": "0.001", "size": "3641.69"}, {"price": "0.002", "size": "1250"}, {"price": "0.003", "size": "1406.75"}, {"price": "0.006", "size": "200"}, {"price": "0.007", "size": "15.91"}, {"price": "0.01", "size": "23"}, {"price": "0.011", "size": "21.36"}, {"price": "0.05", "size": "40"}, {"price": "0.09", "size": "400"}, {"price": "0.091", "size": "6.9"}, {"price": "0.14", "size": "242.85"}, {"price": "0.19", "size": "168.42"}, {"price": "0.2", "size": "5"}, {"price": "0.223", "size": "165"}, {"price": "0.23", "size": "121.73"}, {"price": "0.28", "size": "92.85"}, {"price": "0.33", "size": "72.72"}, {"price": "0.37", "size": "54.05"}, {"price": "0.5", "size": "22.72"}, {"price": "0.523", "size": "149"}, {"price": "0.53", "size": "900"}, {"price": "0.531", "size": "5"}, {"price": "0.62", "size": "25.2"}, {"price": "0.65", "size": "107.01"}, {"price": "0.723", "size": "89"}, {"price": "0.785", "size": "5"}, {"price": "0.823", "size": "189"}, {"price": "0.84", "size": "21.21"}, {"price": "0.911", "size": "47.14"}, {"price": "0.924", "size": "16.73"}, {"price": "0.925", "size": "108.9"}, {"price": "0.926", "size": "15.67"}, {"price": "0.93", "size": "254.35"}, {"price": "0.931", "size": "33"}], "asks": [{"price": "0.999", "size": "265.37"}, {"price": "0.998", "size": "81.25"}, {"price": "0.997", "size": "339.25"}, {"price": "0.996", "size": "21.39"}, {"price": "0.992", "size": "20.23"}, {"price": "0.991", "size": "133.06"}, {"price": "0.99", "size": "284.45"}, {"price": "0.989", "size": "198.88"}, {"price": "0.987", "size": "8.33"}, {"price": "0.98", "size": "283"}, {"price": "0.977", "size": "6.31"}, {"price": "0.976", "size": "139.3"}, {"price": "0.935", "size": "70"}], "event_type": "book", "last_trade_price": "0.931"}]}
{"_local_timestamp": "2026-01-25T23:33:22.117511+00:00", "data": {"market": "0x22ac5f75af18fdb453497fbf7ac0606a09a6fd55b78b2d08aace6b946ad62038", "price_changes": [{"asset_id": "97449340182256366014320155718265676486703217567849039806162053075113517266910", "price": "0.013", "size": "0", "side": "BUY", "hash": "bb6914b44bc9b14af5474c69ac2147f695debf6a", "best_bid": "0.065", "best_ask": "0.069"}, {"asset_id": "59259495934562596318644973716893809974860301509869285036503555129962149752635", "price": "0.987", "size": "0", "side": "SELL", "hash": "2796b9f2298d55b5d2774cd597246238aa6116e7", "best_bid": "0.931", "best_ask": "0.935"}], "timestamp": "1769384002006", "event_type": "price_change"}}
{"_local_timestamp": "2026-01-25T23:33:22.385468+00:00", "data": {"market": "0x22ac5f75af18fdb453497fbf7ac0606a09a6fd55b78b2d08aace6b946ad62038", "price_changes": [{"asset_id": "97449340182256366014320155718265676486703217567849039806162053075113517266910", "price": "0.025", "size": "22.23", "side": "BUY", "hash": "2f55fbae97ae35f7a3d92e4d640f0cb54acb461a", "best_bid": "0.065", "best_ask": "0.069"}, {"asset_id": "59259495934562596318644973716893809974860301509869285036503555129962149752635", "price": "0.975", "size": "22.23", "side": "SELL", "hash": "c1bfd0509d6d2d81949107941360382ad5339dc9", "best_bid": "0.931", "best_ask": "0.935"}], "timestamp": "1769384002318", "event_type": "price_change"}}
{"_local_timestamp": "2026-01-25T23:33:22.389488+00:00", "data": {"market": "0x22ac5f75af18fdb453497fbf7ac0606a09a6fd55b78b2d08aace6b946ad62038", "price_changes": [{"asset_id": "97449340182256366014320155718265676486703217567849039806162053075113517266910", "price": "0.009", "size": "138.32", "side": "BUY", "hash": "1b0f6f782cc6451c3668f032657ab3f6e11a0fe6", "best_bid": "0.065", "best_ask": "0.069"}, {"asset_id": "59259495934562596318644973716893809974860301509869285036503555129962149752635", "price": "0.991", "size": "138.32", "side": "SELL", "hash": "34d7873e7bfe848e8c6b0e4235f41ad67692e881", "best_bid": "0.931", "best_ask": "0.935"}], "timestamp": "1769384002320", "event_type": "price_change"}}
{"_local_timestamp": "2026-01-25T23:33:22.391290+00:00", "data": {"market": "0x22ac5f75af18fdb453497fbf7ac0606a09a6fd55b78b2d08aace6b946ad62038", "price_changes": [{"asset_id": "97449340182256366014320155718265676486703217567849039806162053075113517266910", "price": "0.012", "size": "16.44", "side": "BUY", "hash": "6bf244b190ba56730ebb1dc4a1e865e2b2e332dd", "best_bid": "0.065", "best_ask": "0.069"}, {"asset_id": "59259495934562596318644973716893809974860301509869285036503555129962149752635", "price": "0.988", "size": "16.44", "side": "SELL", "hash": "d2f1905ee7fba4bdb168bc0824c4c37d4122b834", "best_bid": "0.931", "best_ask": "0.935"}], "timestamp": "1769384002321", "event_type": "price_change"}}
{"_local_timestamp": "2026-01-25T23:33:22.691113+00:00", "data": {"market": "0x22ac5f75af18fdb453497fbf7ac0606a09a6fd55b78b2d08aace6b946ad62038", "price_changes": [{"asset_id": "59259495934562596318644973716893809974860301509869285036503555129962149752635", "price": "0.989", "size": "0", "side": "SELL", "hash": "600d2742e74424d55fc1e4d9fe8b45cc6e976ef4", "best_bid": "0.931", "best_ask": "0.935"}, {"asset_id": "97449340182256366014320155718265676486703217567849039806162053075113517266910", "price": "0.011", "size": "0", "side": "BUY", "hash": "b8f4b2f3ddf5a26a70c03cec5a29a308e87194da", "best_bid": "0.065", "best_ask": "0.069"}], "timestamp": "1769384002623", "event_type": "price_change"}}
{"_local_timestamp": "2026-01-25T23:33:22.938845+00:00", "data": {"market": "0x22ac5f75af18fdb453497fbf7ac0606a09a6fd55b78b2d08aace6b946ad62038", "price_changes": [{"asset_id": "59259495934562596318644973716893809974860301509869285036503555129962149752635", "price": "0.987", "size": "198.88", "side": "SELL", "hash": "48c305ceeccd43a7fb932e942d40ffa5e17233be", "best_bid": "0.931", "best_ask": "0.935"}, {"asset_id": "97449340182256366014320155718265676486703217567849039806162053075113517266910", "price": "0.013", "size": "198.88", "side": "BUY", "hash": "3301919263ff1be00c67f37a064ed11b68d2410d", "best_bid": "0.065", "best_ask": "0.069"}], "timestamp": "1769384002864", "event_type": "price_change"}}
{"_local_timestamp": "2026-01-25T23:33:23.914414+00:00", "data": {"market": "0x22ac5f75af18fdb453497fbf7ac0606a09a6fd55b78b2d08aace6b946ad62038", "price_changes": [{"asset_id": "97449340182256366014320155718265676486703217567849039806162053075113517266910", "price": "0.009", "size": "133.06", "side": "BUY", "hash": "e38f55228f880fea027e323ddc17b556eecc64b3", "best_bid": "0.065", "best_ask": "0.069"}, {"asset_id": "59259495934562596318644973716893809974860301509869285036503555129962149752635", "price": "0.991", "size": "133.06", "side": "SELL", "hash": "1b427e9991ae62d92bd3375f1e300716662837b1", "best_bid": "0.931", "best_ask": "0.935"}], "timestamp": "1769384003813", "event_type": "price_change"}}
{"_local_timestamp": "2026-01-25T23:33:23.914856+00:00", "data": {"market": "0x22ac5f75af18fdb453497fbf7ac0606a09a6fd55b78b2d08aace6b946ad62038", "price_changes": [{"asset_id": "97449340182256366014320155718265676486703217567849039806162053075113517266910", "price": "0.012", "size": "0", "side": "BUY", "hash": "e38f55228f880fea027e323ddc17b556eecc64b3", "best_bid": "0.065", "best_ask": "0.069"}, {"asset_id": "59259495934562596318644973716893809974860301509869285036503555129962149752635", "price": "0.988", "size": "0", "side": "SELL", "hash": "1b427e9991ae62d92bd3375f1e300716662837b1", "best_bid": "0.931", "best_ask": "0.935"}], "timestamp": "1769384003813", "event_type": "price_change"}}
{"_local_timestamp": "2026-01-25T23:33:24.268007+00:00", "data": {"market": "0x22ac5f75af18fdb453497fbf7ac0606a09a6fd55b78b2d08aace6b946ad62038", "price_changes": [{"asset_id": "97449340182256366014320155718265676486703217567849039806162053075113517266910", "price": "0.014", "size": "12.68", "side": "BUY", "hash": "99b03a107be10b3ecad2b7a6217e82c28713a88d", "best_bid": "0.065", "best_ask": "0.069"}, {"asset_id": "59259495934562596318644973716893809974860301509869285036503555129962149752635", "price": "0.986", "size": "12.68", "side": "SELL", "hash": "7ea9e7635b5ed006b05e16114b4f9fd401d24d53", "best_bid": "0.931", "best_ask": "0.935"}], "timestamp": "1769384004198", "event_type": "price_change"}}
{"_local_timestamp": "2026-01-25T23:33:24.281240+00:00", "data": {"market": "0x22ac5f75af18fdb453497fbf7ac0606a09a6fd55b78b2d08aace6b946ad62038", "price_changes": [{"asset_id": "97449340182256366014320155718265676486703217567849039806162053075113517266910", "price": "0.01", "size": "291.15", "side": "BUY", "hash": "06816c9b59ff6f390d6116cf1871f18f877d1be8", "best_bid": "0.065", "best_ask": "0.069"}, {"asset_id": "59259495934562596318644973716893809974860301509869285036503555129962149752635", "price": "0.99", "size": "291.15", "side": "SELL", "hash": "8825146b3436cb2a1e03227134eb7943af198bfb", "best_bid": "0.931", "best_ask": "0.935"}], "timestamp": "1769384004204", "event_type": "price_change"}}
{"_local_timestamp": "2026-01-25T23:33:24.437304+00:00", "data": {"market": "0x22ac5f75af18fdb453497fbf7ac0606a09a6fd55b78b2d08aace6b946ad62038", "price_changes": [{"asset_id": "59259495934562596318644973716893809974860301509869285036503555129962149752635", "price": "0.987", "size": "0", "side": "SELL", "hash": "dc343aefe984f465d8d9de681e8b183c0948cab8", "best_bid": "0.931", "best_ask": "0.935"}, {"asset_id": "97449340182256366014320155718265676486703217567849039806162053075113517266910", "price": "0.013", "size": "0", "side": "BUY", "hash": "3d128aa7b0fb5ed6db14e4ad32300e39ba2fc14a", "best_bid": "0.065", "best_ask": "0.069"}], "timestamp": "1769384004364", "event_type": "price_change"}}
{"_local_timestamp": "2026-01-25T23:33:24.747477+00:00", "data": {"market": "0x22ac5f75af18fdb453497fbf7ac0606a09a6fd55b78b2d08aace6b946ad62038", "price_changes": [{"asset_id": "97449340182256366014320155718265676486703217567849039806162053075113517266910", "price": "0.002", "size": "74.89", "side": "BUY", "hash": "e2d7f99c8e4766284e9e7d05e47e6a2504c8a6dc", "best_bid": "0.065", "best_ask": "0.069"}, {"asset_id": "59259495934562596318644973716893809974860301509869285036503555129962149752635", "price": "0.998", "size": "74.89", "side": "SELL", "hash": "1463e0491d55052aef3e7d9b062c3394c87221aa", "best_bid": "0.931", "best_ask": "0.935"}], "timestamp": "1769384004666", "event_type": "price_change"}}
{"_local_timestamp": "2026-01-25T23:33:24.791385+00:00", "data": {"market": "0x22ac5f75af18fdb453497fbf7ac0606a09a6fd55b78b2d08aace6b946ad62038", "price_changes": [{"asset_id": "59259495934562596318644973716893809974860301509869285036503555129962149752635", "price": "0.989", "size": "198.88", "side": "SELL", "hash": "e2e3d9829ffa7a131dd2b60e454deabf0e8be41e", "best_bid": "0.931", "best_ask": "0.935"}, {"asset_id": "97449340182256366014320155718265676486703217567849039806162053075113517266910", "price": "0.011", "size": "198.88", "side": "BUY", "hash": "fe58cb756778bf9dc21f4edf53df61419a134876", "best_bid": "0.065", "best_ask": "0.069"}], "timestamp": "1769384004724", "event_type": "price_change"}}
{"_local_timestamp": "2026-01-25T23:33:25.198630+00:00", "data": {"market": "0x22ac5f75af18fdb453497fbf7ac0606a09a6fd55b78b2d08aace6b946ad62038", "price_changes": [{"asset_id": "97449340182256366014320155718265676486703217567849039806162053075113517266910", "price": "0.011", "size": "204.58", "side": "BUY", "hash": "547675b29d0b9363a5251b07362cd64740276943", "best_bid": "0.065", "best_ask": "0.069"}, {"asset_id": "59259495934562596318644973716893809974860301509869285036503555129962149752635", "price": "0.989", "size": "204.58", "side": "SELL", "hash": "62efce55bea858395b99fde1e7b63bc00d9b3523", "best_bid": "0.931", "best_ask": "0.935"}], "timestamp": "1769384005124", "event_type": "price_change"}}
{"_local_timestamp": "2026-01-25T23:33:25.199183+00:00", "data": {"market": "0x22ac5f75af18fdb453497fbf7ac0606a09a6fd55b78b2d08aace6b946ad62038", "price_changes": [{"asset_id": "97449340182256366014320155718265676486703217567849039806162053075113517266910", "price": "0.015", "size": "11.08", "side": "BUY", "hash": "69538d06f867fd9df9f17caffd84fde400f6934c", "best_bid": "0.065", "best_ask": "0.069"}, {"asset_id": "59259495934562596318644973716893809974860301509869285036503555129962149752635", "price": "0.985", "size": "11.08", "side": "SELL", "hash": "a57948b3cdaaf28e8d3caf9d97c099be42f9ba87", "best_bid": "0.931", "best_ask": "0.935"}], "timestamp": "1769384005125", "event_type": "price_change"}}
{"_local_timestamp": "2026-01-25T23:33:25.199748+00:00", "data": {"market": "0x22ac5f75af18fdb453497fbf7ac0606a09a6fd55b78b2d08aace6b946ad62038", "price_changes": [{"asset_id": "97449340182256366014320155718265676486703217567849039806162053075113517266910", "price": "0.026", "size": "20.94", "side": "BUY", "hash": "9cc545c3cf84fdd512f385d7e615782a82923b7a", "best_bid": "0.065", "best_ask": "0.069"}, {"asset_id": "59259495934562596318644973716893809974860301509869285036503555129962149752635", "price": "0.974", "size": "20.94", "side": "SELL", "hash": "ec8034670ee2bb3b54c09f85539f8e2cc39f003e", "best_bid": "0.931", "best_ask": "0.935"}], "timestamp": "1769384005126", "event_type": "price_change"}}
{"_local_timestamp": "2026-01-25T23:33:25.201827+00:00", "data": {"market": "0x22ac5f75af18fdb453497fbf7ac0606a09a6fd55b78b2d08aace6b946ad62038", "price_changes": [{"asset_id": "97449340182256366014320155718265676486703217567849039806162053075113517266910", "price": "0.004", "size": "28.07", "side": "BUY", "hash": "40d3a59d3c1f73aff1889e417b9dd5e9d8949788", "best_bid": "0.065", "best_ask": "0.069"}, {"asset_id": "59259495934562596318644973716893809974860301509869285036503555129962149752635", "price": "0.996", "size": "28.07", "side": "SELL", "hash": "b7d79c9a7d95744e166d361e319e032764efd770", "best_bid": "0.931", "best_ask": "0.935"}], "timestamp": "1769384005128", "event_type": "price_change"}}
{"_local_timestamp": "2026-01-25T23:33:25.675216+00:00", "data": {"market": "0x22ac5f75af18fdb453497fbf7ac0606a09a6fd55b78b2d08aace6b946ad62038", "price_changes": [{"asset_id": "59259495934562596318644973716893809974860301509869285036503555129962149752635", "price": "0.989", "size": "5.7", "side": "SELL", "hash": "1622265c47b9cdfb842c57af7dad468a00ea5ef8", "best_bid": "0.931", "best_ask": "0.935"}, {"asset_id": "97449340182256366014320155718265676486703217567849039806162053075113517266910", "price": "0.011", "size": "5.7", "side": "BUY", "hash": "04092eefd1d04c255a7f5dd952367bf3c4cee335", "best_bid": "0.065", "best_ask": "0.069"}], "timestamp": "1769384005607", "event_type": "price_change"}}
{"_local_timestamp": "2026-01-25T23:33:26.108635+00:00", "data": {"market": "0x22ac5f75af18fdb453497fbf7ac0606a09a6fd55b78b2d08aace6b946ad62038", "price_changes": [{"asset_id": "59259495934562596318644973716893809974860301509869285036503555129962149752635", "price": "0.988", "size": "198.88", "side": "SELL", "hash": "f967ee90dba5adfc8c71ce21581b567bd497190a", "best_bid": "0.931", "best_ask": "0.935"}, {"asset_id": "97449340182256366014320155718265676486703217567849039806162053075113517266910", "price": "0.012", "size": "198.88", "side": "BUY", "hash": "0b909693822abfbc22d51cd2099af948fb07044d", "best_bid": "0.065", "best_ask": "0.069"}], "timestamp": "1769384006039", "event_type": "price_change"}}
{"_local_timestamp": "2026-01-25T23:33:48.282024+00:00", "data": {"market": "0x22ac5f75af18fdb453497fbf7ac0606a09a6fd55b78b2d08aace6b946ad62038", "price_changes": [{"asset_id": "97449340182256366014320155718265676486703217567849039806162053075113517266910", "price": "0.004", "size": "0", "side": "BUY", "hash": "3b53a8b100cb035d5fb100b8af4a67509a966e2a", "best_bid": "0.065", "best_ask": "0.069"}, {"asset_id": "59259495934562596318644973716893809974860301509869285036503555129962149752635", "price": "0.996", "size": "0", "side": "SELL", "hash": "5a35c63c7d807d16eff3dd0058345a51f646870b", "best_bid": "0.931", "best_ask": "0.935"}], "timestamp": "1769384028206", "event_type": "price_change"}}
{"_local_timestamp": "2026-01-25T23:33:48.283927+00:00", "data": {"market": "0x22ac5f75af18fdb453497fbf7ac0606a09a6fd55b78b2d08aace6b946ad62038", "price_changes": [{"asset_id": "97449340182256366014320155718265676486703217567849039806162053075113517266910", "price": "0.026", "size": "0", "side": "BUY", "hash": "3b53a8b100cb035d5fb100b8af4a67509a966e2a", "best_bid": "0.065", "best_ask": "0.069"}, {"asset_id": "59259495934562596318644973716893809974860301509869285036503555129962149752635", "price": "0.974", "size": "0", "side": "SELL", "hash": "5a35c63c7d807d16eff3dd0058345a51f646870b", "best_bid": "0.931", "best_ask": "0.935"}], "timestamp": "1769384028206", "event_type": "price_change"}}
{"_local_timestamp": "2026-01-25T23:33:48.284352+00:00", "data": {"market": "0x22ac5f75af18fdb453497fbf7ac0606a09a6fd55b78b2d08aace6b946ad62038", "price_changes": [{"asset_id": "97449340182256366014320155718265676486703217567849039806162053075113517266910", "price": "0.015", "size": "0", "side": "BUY", "hash": "3b53a8b100cb035d5fb100b8af4a67509a966e2a", "best_bid": "0.065", "best_ask": "0.069"}, {"asset_id": "59259495934562596318644973716893809974860301509869285036503555129962149752635", "price": "0.985", "size": "0", "side": "SELL", "hash": "5a35c63c7d807d16eff3dd0058345a51f646870b", "best_bid": "0.931", "best_ask": "0.935"}], "timestamp": "1769384028206", "event_type": "price_change"}}
{"_local_timestamp": "2026-01-25T23:33:48.284723+00:00", "data": {"market": "0x22ac5f75af18fdb453497fbf7ac0606a09a6fd55b78b2d08aace6b946ad62038", "price_changes": [{"asset_id": "97449340182256366014320155718265676486703217567849039806162053075113517266910", "price": "0.011", "size": "0", "side": "BUY", "hash": "3b53a8b100cb035d5fb100b8af4a67509a966e2a", "best_bid": "0.065", "best_ask": "0.069"}, {"asset_id": "59259495934562596318644973716893809974860301509869285036503555129962149752635", "price": "0.989", "size": "0", "side": "SELL", "hash": "5a35c63c7d807d16eff3dd0058345a51f646870b", "best_bid": "0.931", "best_ask": "0.935"}], "timestamp": "1769384028206", "event_type": "price_change"}}
{"_local_timestamp": "2026-01-25T23:33:48.285092+00:00", "data": {"market": "0x22ac5f75af18fdb453497fbf7ac0606a09a6fd55b78b2d08aace6b946ad62038", "price_changes": [{"asset_id": "97449340182256366014320155718265676486703217567849039806162053075113517266910", "price": "0.01", "size": "284.45", "side": "BUY", "hash": "3b53a8b100cb035d5fb100b8af4a67509a966e2a", "best_bid": "0.065", "best_ask": "0.069"}, {"asset_id": "59259495934562596318644973716893809974860301509869285036503555129962149752635", "price": "0.99", "size": "284.45", "side": "SELL", "hash": "5a35c63c7d807d16eff3dd0058345a51f646870b", "best_bid": "0.931", "best_ask": "0.935"}], "timestamp": "1769384028206", "event_type": "price_change"}}
{"_local_timestamp": "2026-01-25T23:33:48.285467+00:00", "data": {"market": "0x22ac5f75af18fdb453497fbf7ac0606a09a6fd55b78b2d08aace6b946ad62038", "price_changes": [{"asset_id": "97449340182256366014320155718265676486703217567849039806162053075113517266910", "price": "0.014", "size": "0", "side": "BUY", "hash": "3b53a8b100cb035d5fb100b8af4a67509a966e2a", "best_bid": "0.065", "best_ask": "0.069"}, {"asset_id": "59259495934562596318644973716893809974860301509869285036503555129962149752635", "price": "0.986", "size": "0", "side": "SELL", "hash": "5a35c63c7d807d16eff3dd0058345a51f646870b", "best_bid": "0.931", "best_ask": "0.935"}], "timestamp": "1769384028206", "event_type": "price_change"}}
{"_local_timestamp": "2026-01-25T23:33:48.285804+00:00", "data": {"market": "0x22ac5f75af18fdb453497fbf7ac0606a09a6fd55b78b2d08aace6b946ad62038", "price_changes": [{"asset_id": "97449340182256366014320155718265676486703217567849039806162053075113517266910", "price": "0.025", "size": "0", "side": "BUY", "hash": "3b53a8b100cb035d5fb100b8af4a67509a966e2a", "best_bid": "0.065", "best_ask": "0.069"}, {"asset_id": "59259495934562596318644973716893809974860301509869285036503555129962149752635", "price": "0.975", "size": "0", "side": "SELL", "hash": "5a35c63c7d807d16eff3dd0058345a51f646870b", "best_bid": "0.931", "best_ask": "0.935"}], "timestamp": "1769384028206", "event_type": "price_change"}}
{"_local_timestamp": "2026-01-25T23:33:48.286134+00:00", "data": {"market": "0x22ac5f75af18fdb453497fbf7ac0606a09a6fd55b78b2d08aace6b946ad62038", "price_changes": [{"asset_id": "97449340182256366014320155718265676486703217567849039806162053075113517266910", "price": "0.002", "size": "64.41", "side": "BUY", "hash": "3b53a8b100cb035d5fb100b8af4a67509a966e2a", "best_bid": "0.065", "best_ask": "0.069"}, {"asset_id": "59259495934562596318644973716893809974860301509869285036503555129962149752635", "price": "0.998", "size": "64.41", "side": "SELL", "hash": "5a35c63c7d807d16eff3dd0058345a51f646870b", "best_bid": "0.931", "best_ask": "0.935"}], "timestamp": "1769384028206", "event_type": "price_change"}}
{"_local_timestamp": "2026-01-25T23:33:48.286455+00:00", "data": {"market": "0x22ac5f75af18fdb453497fbf7ac0606a09a6fd55b78b2d08aace6b946ad62038", "price_changes": [{"asset_id": "97449340182256366014320155718265676486703217567849039806162053075113517266910", "price": "0.003", "size": "332", "side": "BUY", "hash": "3b53a8b100cb035d5fb100b8af4a67509a966e2a", "best_bid": "0.065", "best_ask": "0.069"}, {"asset_id": "59259495934562596318644973716893809974860301509869285036503555129962149752635", "price": "0.997", "size": "332", "side": "SELL", "hash": "5a35c63c7d807d16eff3dd0058345a51f646870b", "best_bid": "0.931", "best_ask": "0.935"}], "timestamp": "1769384028206", "event_type": "price_change"}}
{"_local_timestamp": "2026-01-25T23:33:50.517664+00:00", "data": {"market": "0x22ac5f75af18fdb453497fbf7ac0606a09a6fd55b78b2d08aace6b946ad62038", "price_changes": [{"asset_id": "59259495934562596318644973716893809974860301509869285036503555129962149752635", "price": "0.988", "size": "0", "side": "SELL", "hash": "c65c5b29542a55a56b050790d25cc56de903a8d2", "best_bid": "0.931", "best_ask": "0.935"}, {"asset_id": "97449340182256366014320155718265676486703217567849039806162053075113517266910", "price": "0.012", "size": "0", "side": "BUY", "hash": "a48e3a7b4a6031a048fd678961628e417d415300", "best_bid": "0.065", "best_ask": "0.069"}], "timestamp": "1769384030449", "event_type": "price_change"}}
{"_local_timestamp": "2026-01-25T23:33:52.142773+00:00", "data": {"market": "0x22ac5f75af18fdb453497fbf7ac0606a09a6fd55b78b2d08aace6b946ad62038", "price_changes": [{"asset_id": "97449340182256366014320155718265676486703217567849039806162053075113517266910", "price": "0.003", "size": "337.54", "side": "BUY", "hash": "92e41edab33b881ff20728595fb38b6d957c9464", "best_bid": "0.065", "best_ask": "0.069"}, {"asset_id": "59259495934562596318644973716893809974860301509869285036503555129962149752635", "price": "0.997", "size": "337.54", "side": "SELL", "hash": "a6af9ff3a735be30eb32de60ff8adbbefef93141", "best_bid": "0.931", "best_ask": "0.935"}], "timestamp": "1769384032062", "event_type": "price_change"}}
{"_local_timestamp": "2026-01-25T23:33:52.143979+00:00", "data": {"market": "0x22ac5f75af18fdb453497fbf7ac0606a09a6fd55b78b2d08aace6b946ad62038", "price_changes": [{"asset_id": "97449340182256366014320155718265676486703217567849039806162053075113517266910", "price": "0.002", "size": "72.76", "side": "BUY", "hash": "8c06ac7a7f6a1d0949ead0ecdc8db1d1d28a3c8d", "best_bid": "0.065", "best_ask": "0.069"}, {"asset_id": "59259495934562596318644973716893809974860301509869285036503555129962149752635", "price": "0.998", "size": "72.76", "side": "SELL", "hash": "139d63505c8ebfb6cc4af7101cd74f4b3adca278", "best_bid": "0.931", "best_ask": "0.935"}], "timestamp": "1769384032063", "event_type": "price_change"}}
{"_local_timestamp": "2026-01-25T23:33:53.005410+00:00", "data": {"market": "0x22ac5f75af18fdb453497fbf7ac0606a09a6fd55b78b2d08aace6b946ad62038", "price_changes": [{"asset_id": "97449340182256366014320155718265676486703217567849039806162053075113517266910", "price": "0.011", "size": "5.76", "side": "BUY", "hash": "4e48e63024cc50c8310c9e0646effdbede8ffb3b", "best_bid": "0.065", "best_ask": "0.069"}, {"asset_id": "59259495934562596318644973716893809974860301509869285036503555129962149752635", "price": "0.989", "size": "5.76", "side": "SELL", "hash": "022fef5bdf39082ab9a2129e03aa5d8f02977a0c", "best_bid": "0.931", "best_ask": "0.935"}], "timestamp": "1769384032920", "event_type": "price_change"}}
{"_local_timestamp": "2026-01-25T23:33:53.008143+00:00", "data": {"market": "0x22ac5f75af18fdb453497fbf7ac0606a09a6fd55b78b2d08aace6b946ad62038", "price_changes": [{"asset_id": "97449340182256366014320155718265676486703217567849039806162053075113517266910", "price": "0.004", "size": "28.52", "side": "BUY", "hash": "8130fee26b9c6a858997d0893790a87fd89c947b", "best_bid": "0.065", "best_ask": "0.069"}, {"asset_id": "59259495934562596318644973716893809974860301509869285036503555129962149752635", "price": "0.996", "size": "28.52", "side": "SELL", "hash": "eaf8a5793583684137279b273974bd17e64c3d28", "best_bid": "0.931", "best_ask": "0.935"}], "timestamp": "1769384032921", "event_type": "price_change"}}
{"_local_timestamp": "2026-01-25T23:33:53.009416+00:00", "data": {"market": "0x22ac5f75af18fdb453497fbf7ac0606a09a6fd55b78b2d08aace6b946ad62038", "price_changes": [{"asset_id": "97449340182256366014320155718265676486703217567849039806162053075113517266910", "price": "0.026", "size": "21.15", "side": "BUY", "hash": "9540af8e055336a43baf4c40bda80d174418756e", "best_bid": "0.065", "best_ask": "0.069"}, {"asset_id": "59259495934562596318644973716893809974860301509869285036503555129962149752635", "price": "0.974", "size": "21.15", "side": "SELL", "hash": "304d868164504ae2d9768c0f8d6faeb13bb157ca", "best_bid": "0.931", "best_ask": "0.935"}], "timestamp": "1769384032922", "event_type": "price_change"}}
{"_local_timestamp": "2026-01-25T23:33:53.009852+00:00", "data": {"market": "0x22ac5f75af18fdb453497fbf7ac0606a09a6fd55b78b2d08aace6b946ad62038", "price_changes": [{"asset_id": "97449340182256366014320155718265676486703217567849039806162053075113517266910", "price": "0.015", "size": "11.19", "side": "BUY", "hash": "bf9ddc4f75adedd7cf6a346a5d78e2d0771a0a99", "best_bid": "0.065", "best_ask": "0.069"}, {"asset_id": "59259495934562596318644973716893809974860301509869285036503555129962149752635", "price": "0.985", "size": "11.19", "side": "SELL", "hash": "9666de6303ea7ad0dc59049fa2e4f37e1bd38fee", "best_bid": "0.931", "best_ask": "0.935"}], "timestamp": "1769384032923", "event_type": "price_change"}}
{"_local_timestamp": "2026-01-25T23:33:53.717556+00:00", "data": {"market": "0x22ac5f75af18fdb453497fbf7ac0606a09a6fd55b78b2d08aace6b946ad62038", "price_changes": [{"asset_id": "59259495934562596318644973716893809974860301509869285036503555129962149752635", "price": "0.989", "size": "204.64", "side": "SELL", "hash": "9c3b572d4a6cfe24f241fb66a97e922132a5c81f", "best_bid": "0.931", "best_ask": "0.935"}, {"asset_id": "97449340182256366014320155718265676486703217567849039806162053075113517266910", "price": "0.011", "size": "204.64", "side": "BUY", "hash": "e5f399839949b0cf22b36065f0fe40ab4223c7c6", "best_bid": "0.065", "best_ask": "0.069"}], "timestamp": "1769384033651", "event_type": "price_change"}}
{"_local_timestamp": "2026-01-25T23:33:56.383916+00:00", "data": {"market": "0x22ac5f75af18fdb453497fbf7ac0606a09a6fd55b78b2d08aace6b946ad62038", "price_changes": [{"asset_id": "59259495934562596318644973716893809974860301509869285036503555129962149752635", "price": "0.989", "size": "5.76", "side": "SELL", "hash": "75db5986895ceedaa65b33414521a88bfcac64ce", "best_bid": "0.931", "best_ask": "0.935"}, {"asset_id": "97449340182256366014320155718265676486703217567849039806162053075113517266910", "price": "0.011", "size": "5.76", "side": "BUY", "hash": "e0e427a861b9a1b45e64fee85be9d1525e4dac1a", "best_bid": "0.065", "best_ask": "0.069"}], "timestamp": "1769384036316", "event_type": "price_change"}}
{"_local_timestamp": "2026-01-25T23:33:59.337746+00:00", "data": {"market": "0x22ac5f75af18fdb453497fbf7ac0606a09a6fd55b78b2d08aace6b946ad62038", "price_changes": [{"asset_id": "59259495934562596318644973716893809974860301509869285036503555129962149752635", "price": "0.988", "size": "198.88", "side": "SELL", "hash": "541b640d28b97ac53116e4f3207812db06a3e1e9", "best_bid": "0.931", "best_ask": "0.935"}, {"asset_id": "97449340182256366014320155718265676486703217567849039806162053075113517266910", "price": "0.012", "size": "198.88", "side": "BUY", "hash": "6e169b7613822b34eeb8a5de75b8fd953961dd19", "best_bid": "0.065", "best_ask": "0.069"}], "timestamp": "1769384039261", "event_type": "price_change"}}
{"_local_timestamp": "2026-01-25T23:33:59.804761+00:00", "data": {"market": "0x22ac5f75af18fdb453497fbf7ac0606a09a6fd55b78b2d08aace6b946ad62038", "price_changes": [{"asset_id": "59259495934562596318644973716893809974860301509869285036503555129962149752635", "price": "0.785", "size": "0", "side": "BUY", "hash": "051fb3d3e912f2690043ea01d82e240ab34e1413", "best_bid": "0.931", "best_ask": "0.935"}, {"asset_id": "97449340182256366014320155718265676486703217567849039806162053075113517266910", "price": "0.215", "size": "0", "side": "SELL", "hash": "66b384d8fe41ccbd9adfa05690bee88505c2d21e", "best_bid": "0.065", "best_ask": "0.069"}], "timestamp": "1769384039731", "event_type": "price_change"}}
{"_local_timestamp": "2026-01-25T23:34:01.194685+00:00", "data": {"market": "0x22ac5f75af18fdb453497fbf7ac0606a09a6fd55b78b2d08aace6b946ad62038", "price_changes": [{"asset_id": "59259495934562596318644973716893809974860301509869285036503555129962149752635", "price": "0.785", "size": "5", "side": "BUY", "hash": "cb590cc8bfe56d347b2557bb3e4c01aa97d4f9a3", "best_bid": "0.931", "best_ask": "0.935"}, {"asset_id": "97449340182256366014320155718265676486703217567849039806162053075113517266910", "price": "0.215", "size": "5", "side": "SELL", "hash": "b4d322bfebc0cc98546fc975f943daa34ed4b564", "best_bid": "0.065", "best_ask": "0.069"}], "timestamp": "1769384041120", "event_type": "price_change"}}
{"_local_timestamp": "2026-01-25T23:36:02.683525+00:00", "data": {"market": "0x22ac5f75af18fdb453497fbf7ac0606a09a6fd55b78b2d08aace6b946ad62038", "price_changes": [{"asset_id": "97449340182256366014320155718265676486703217567849039806162053075113517266910", "price": "0.004", "size": "0", "side": "BUY", "hash": "6098e49f5b624c7201723e943f3427dc6e513c86", "best_bid": "0.065", "best_ask": "0.069"}, {"asset_id": "59259495934562596318644973716893809974860301509869285036503555129962149752635", "price": "0.996", "size": "0", "side": "SELL", "hash": "5d67b44a62d779f5fdd64e3c4048e28d5d61f53c", "best_bid": "0.931", "best_ask": "0.935"}], "timestamp": "1769384162577", "event_type": "price_change"}}
{"_local_timestamp": "2026-01-25T23:36:02.685952+00:00", "data": {"market": "0x22ac5f75af18fdb453497fbf7ac0606a09a6fd55b78b2d08aace6b946ad62038", "price_changes": [{"asset_id": "97449340182256366014320155718265676486703217567849039806162053075113517266910", "price": "0.011", "size": "0", "side": "BUY", "hash": "6098e49f5b624c7201723e943f3427dc6e513c86", "best_bid": "0.065", "best_ask": "0.069"}, {"asset_id": "59259495934562596318644973716893809974860301509869285036503555129962149752635", "price": "0.989", "size": "0", "side": "SELL", "hash": "5d67b44a62d779f5fdd64e3c4048e28d5d61f53c", "best_bid": "0.931", "best_ask": "0.935"}], "timestamp": "1769384162577", "event_type": "price_change"}}
{"_local_timestamp": "2026-01-25T23:36:02.686588+00:00", "data": {"market": "0x22ac5f75af18fdb453497fbf7ac0606a09a6fd55b78b2d08aace6b946ad62038", "price_changes": [{"asset_id": "97449340182256366014320155718265676486703217567849039806162053075113517266910", "price": "0.015", "size": "0", "side": "BUY", "hash": "6098e49f5b624c7201723e943f3427dc6e513c86", "best_bid": "0.065", "best_ask": "0.069"}, {"asset_id": "59259495934562596318644973716893809974860301509869285036503555129962149752635", "price": "0.985", "size": "0", "side": "SELL", "hash": "5d67b44a62d779f5fdd64e3c4048e28d5d61f53c", "best_bid": "0.931", "best_ask": "0.935"}], "timestamp": "1769384162577", "event_type": "price_change"}}
{"_local_timestamp": "2026-01-25T23:36:02.687027+00:00", "data": {"market": "0x22ac5f75af18fdb453497fbf7ac0606a09a6fd55b78b2d08aace6b946ad62038", "price_changes": [{"asset_id": "97449340182256366014320155718265676486703217567849039806162053075113517266910", "price": "0.026", "size": "0", "side": "BUY", "hash": "6098e49f5b624c7201723e943f3427dc6e513c86", "best_bid": "0.065", "best_ask": "0.069"}, {"asset_id": "59259495934562596318644973716893809974860301509869285036503555129962149752635", "price": "0.974", "size": "0", "side": "SELL", "hash": "5d67b44a62d779f5fdd64e3c4048e28d5d61f53c", "best_bid": "0.931", "best_ask": "0.935"}], "timestamp": "1769384162577", "event_type": "price_change"}}
{"_local_timestamp": "2026-01-25T23:36:03.296648+00:00", "data": {"market": "0x22ac5f75af18fdb453497fbf7ac0606a09a6fd55b78b2d08aace6b946ad62038", "price_changes": [{"asset_id": "97449340182256366014320155718265676486703217567849039806162053075113517266910", "price": "0.003", "size": "342.96", "side": "BUY", "hash": "d84e3501273552d5aa38a566019dfced4195fd8a", "best_bid": "0.065", "best_ask": "0.069"}, {"asset_id": "59259495934562596318644973716893809974860301509869285036503555129962149752635", "price": "0.997", "size": "342.96", "side": "SELL", "hash": "ad0baf9ef26e569ce30a82833fc7577993fa0981", "best_bid": "0.931", "best_ask": "0.935"}], "timestamp": "1769384163206", "event_type": "price_change"}}
{"_local_timestamp": "2026-01-25T23:36:03.297284+00:00", "data": {"market": "0x22ac5f75af18fdb453497fbf7ac0606a09a6fd55b78b2d08aace6b946ad62038", "price_changes": [{"asset_id": "97449340182256366014320155718265676486703217567849039806162053075113517266910", "price": "0.027", "size": "19.82", "side": "BUY", "hash": "5cae6728dc77f99b3c45d33be99a7b64d317d7e6", "best_bid": "0.065", "best_ask": "0.069"}, {"asset_id": "59259495934562596318644973716893809974860301509869285036503555129962149752635", "price": "0.973", "size": "19.82", "side": "SELL", "hash": "2ad3c2e72afc597761123e1c1e2c835375ff80cf", "best_bid": "0.931", "best_ask": "0.935"}], "timestamp": "1769384163209", "event_type": "price_change"}}
{"_local_timestamp": "2026-01-25T23:36:03.299828+00:00", "data": {"market": "0x22ac5f75af18fdb453497fbf7ac0606a09a6fd55b78b2d08aace6b946ad62038", "price_changes": [{"asset_id": "97449340182256366014320155718265676486703217567849039806162053075113517266910", "price": "0.005", "size": "13.07", "side": "BUY", "hash": "4426d234235b66d8bc5733df2b659492dfb8367f", "best_bid": "0.065", "best_ask": "0.069"}, {"asset_id": "59259495934562596318644973716893809974860301509869285036503555129962149752635", "price": "0.995", "size": "13.07", "side": "SELL", "hash": "f2f509dfeda7f0899f9836bcbc303dab0e81ef48", "best_bid": "0.931", "best_ask": "0.935"}], "timestamp": "1769384163214", "event_type": "price_change"}}
{"_local_timestamp": "2026-01-25T23:36:03.300986+00:00", "data": {"market": "0x22ac5f75af18fdb453497fbf7ac0606a09a6fd55b78b2d08aace6b946ad62038", "price_changes": [{"asset_id": "97449340182256366014320155718265676486703217567849039806162053075113517266910", "price": "0.016", "size": "10.44", "side": "BUY", "hash": "c42b362b33afa6dcb1849f7d0231ec3cfa8a9a20", "best_bid": "0.065", "best_ask": "0.069"}, {"asset_id": "59259495934562596318644973716893809974860301509869285036503555129962149752635", "price": "0.984", "size": "10.44", "side": "SELL", "hash": "2e4dafc19ccbcd9886aa687ca1f881370c083116", "best_bid": "0.931", "best_ask": "0.935"}], "timestamp": "1769384163218", "event_type": "price_change"}}
{"_local_timestamp": "2026-01-25T23:36:03.321703+00:00", "data": {"market": "0x22ac5f75af18fdb453497fbf7ac0606a09a6fd55b78b2d08aace6b946ad62038", "price_changes": [{"asset_id": "97449340182256366014320155718265676486703217567849039806162053075113517266910", "price": "0.009", "size": "138.41", "side": "BUY", "hash": "195a4800c5e7bf1ed26bbdc2b96aa2cfd863bfbd", "best_bid": "0.065", "best_ask": "0.069"}, {"asset_id": "59259495934562596318644973716893809974860301509869285036503555129962149752635", "price": "0.991", "size": "138.41", "side": "SELL", "hash": "e58f680be68ddaa8f49ebaa645dee9477dd66590", "best_bid": "0.931", "best_ask": "0.935"}], "timestamp": "1769384163222", "event_type": "price_change"}}
{"_local_timestamp": "2026-01-25T23:36:03.322198+00:00", "data": {"market": "0x22ac5f75af18fdb453497fbf7ac0606a09a6fd55b78b2d08aace6b946ad62038", "price_changes": [{"asset_id": "97449340182256366014320155718265676486703217567849039806162053075113517266910", "price": "0.012", "size": "204.13", "side": "BUY", "hash": "a757475371bbe44bd9d25e2c197eeaf8f372f6a8", "best_bid": "0.065", "best_ask": "0.069"}, {"asset_id": "59259495934562596318644973716893809974860301509869285036503555129962149752635", "price": "0.988", "size": "204.13", "side": "SELL", "hash": "08c3c4e7d45e22edb28d1c8108665ac8d7edbf5f", "best_bid": "0.931", "best_ask": "0.935"}], "timestamp": "1769384163225", "event_type": "price_change"}}
{"_local_timestamp": "2026-01-25T23:36:04.655590+00:00", "data": {"market": "0x22ac5f75af18fdb453497fbf7ac0606a09a6fd55b78b2d08aace6b946ad62038", "price_changes": [{"asset_id": "97449340182256366014320155718265676486703217567849039806162053075113517266910", "price": "0.003", "size": "337.42", "side": "BUY", "hash": "e2079c909ad4b6400d7b84849847fabbbfc6b8ba", "best_bid": "0.065", "best_ask": "0.069"}, {"asset_id": "59259495934562596318644973716893809974860301509869285036503555129962149752635", "price": "0.997", "size": "337.42", "side": "SELL", "hash": "6aa9611f260821600dd339b59a12ffacbc98d5b7", "best_bid": "0.931", "best_ask": "0.935"}], "timestamp": "1769384164585", "event_type": "price_change"}}
{"_local_timestamp": "2026-01-25T23:36:04.656183+00:00", "data": {"market": "0x22ac5f75af18fdb453497fbf7ac0606a09a6fd55b78b2d08aace6b946ad62038", "price_changes": [{"asset_id": "97449340182256366014320155718265676486703217567849039806162053075113517266910", "price": "0.005", "size": "0", "side": "BUY", "hash": "e2079c909ad4b6400d7b84849847fabbbfc6b8ba", "best_bid": "0.065", "best_ask": "0.069"}, {"asset_id": "59259495934562596318644973716893809974860301509869285036503555129962149752635", "price": "0.995", "size": "0", "side": "SELL", "hash": "6aa9611f260821600dd339b59a12ffacbc98d5b7", "best_bid": "0.931", "best_ask": "0.935"}], "timestamp": "1769384164585", "event_type": "price_change"}}
{"_local_timestamp": "2026-01-25T23:36:04.656613+00:00", "data": {"market": "0x22ac5f75af18fdb453497fbf7ac0606a09a6fd55b78b2d08aace6b946ad62038", "price_changes": [{"asset_id": "97449340182256366014320155718265676486703217567849039806162053075113517266910", "price": "0.012", "size": "198.88", "side": "BUY", "hash": "e2079c909ad4b6400d7b84849847fabbbfc6b8ba", "best_bid": "0.065", "best_ask": "0.069"}, {"asset_id": "59259495934562596318644973716893809974860301509869285036503555129962149752635", "price": "0.988", "size": "198.88", "side": "SELL", "hash": "6aa9611f260821600dd339b59a12ffacbc98d5b7", "best_bid": "0.931", "best_ask": "0.935"}], "timestamp": "1769384164585", "event_type": "price_change"}}
{"_local_timestamp": "2026-01-25T23:36:04.657020+00:00", "data": {"market": "0x22ac5f75af18fdb453497fbf7ac0606a09a6fd55b78b2d08aace6b946ad62038", "price_changes": [{"asset_id": "97449340182256366014320155718265676486703217567849039806162053075113517266910", "price": "0.016", "size": "0", "side": "BUY", "hash": "e2079c909ad4b6400d7b84849847fabbbfc6b8ba", "best_bid": "0.065", "best_ask": "0.069"}, {"asset_id": "59259495934562596318644973716893809974860301509869285036503555129962149752635", "price": "0.984", "size": "0", "side": "SELL", "hash": "6aa9611f260821600dd339b59a12ffacbc98d5b7", "best_bid": "0.931", "best_ask": "0.935"}], "timestamp": "1769384164585", "event_type": "price_change"}}
{"_local_timestamp": "2026-01-25T23:36:04.657478+00:00", "data": {"market": "0x22ac5f75af18fdb453497fbf7ac0606a09a6fd55b78b2d08aace6b946ad62038", "price_changes": [{"asset_id": "97449340182256366014320155718265676486703217567849039806162053075113517266910", "price": "0.027", "size": "0", "side": "BUY", "hash": "e2079c909ad4b6400d7b84849847fabbbfc6b8ba", "best_bid": "0.065", "best_ask": "0.069"}, {"asset_id": "59259495934562596318644973716893809974860301509869285036503555129962149752635", "price": "0.973", "size": "0", "side": "SELL", "hash": "6aa9611f260821600dd339b59a12ffacbc98d5b7", "best_bid": "0.931", "best_ask": "0.935"}], "timestamp": "1769384164585", "event_type": "price_change"}}
{"_local_timestamp": "2026-01-25T23:36:04.815113+00:00", "data": {"market": "0x22ac5f75af18fdb453497fbf7ac0606a09a6fd55b78b2d08aace6b946ad62038", "price_changes": [{"asset_id": "59259495934562596318644973716893809974860301509869285036503555129962149752635", "price": "0.988", "size": "0", "side": "SELL", "hash": "0fa266ae48b64006970f38d50924099330de2339", "best_bid": "0.931", "best_ask": "0.935"}, {"asset_id": "97449340182256366014320155718265676486703217567849039806162053075113517266910", "price": "0.012", "size": "0", "side": "BUY", "hash": "4a353902b887e9cea2b69fbaae4cf628fc271eff", "best_bid": "0.065", "best_ask": "0.069"}], "timestamp": "1769384164743", "event_type": "price_change"}}
{"_local_timestamp": "2026-01-25T23:36:05.127896+00:00", "data": {"market": "0x22ac5f75af18fdb453497fbf7ac0606a09a6fd55b78b2d08aace6b946ad62038", "price_changes": [{"asset_id": "97449340182256366014320155718265676486703217567849039806162053075113517266910", "price": "0.013", "size": "14.47", "side": "BUY", "hash": "026c85978e48c7a648df3eebb81a0c74a562b68e", "best_bid": "0.065", "best_ask": "0.069"}, {"asset_id": "59259495934562596318644973716893809974860301509869285036503555129962149752635", "price": "0.987", "size": "14.47", "side": "SELL", "hash": "c4504d629da715323a6a1474e9f19bc33f39f280", "best_bid": "0.931", "best_ask": "0.935"}], "timestamp": "1769384165060", "event_type": "price_change"}}
{"_local_timestamp": "2026-01-25T23:36:05.128444+00:00", "data": {"market": "0x22ac5f75af18fdb453497fbf7ac0606a09a6fd55b78b2d08aace6b946ad62038", "price_changes": [{"asset_id": "97449340182256366014320155718265676486703217567849039806162053075113517266910", "price": "0.004", "size": "20.87", "side": "BUY", "hash": "4c702b5103e0b64c738d9548e90c5314cce1dec3", "best_bid": "0.065", "best_ask": "0.069"}, {"asset_id": "59259495934562596318644973716893809974860301509869285036503555129962149752635", "price": "0.996", "size": "20.87", "side": "SELL", "hash": "b9ce7c29e6f870c86606b3ac45f00a8e3cb4467b", "best_bid": "0.931", "best_ask": "0.935"}], "timestamp": "1769384165062", "event_type": "price_change"}}
{"_local_timestamp": "2026-01-25T23:36:05.128870+00:00", "data": {"market": "0x22ac5f75af18fdb453497fbf7ac0606a09a6fd55b78b2d08aace6b946ad62038", "price_changes": [{"asset_id": "97449340182256366014320155718265676486703217567849039806162053075113517266910", "price": "0.025", "size": "23.03", "side": "BUY", "hash": "072124b2ec379b6a7940ec7deec226309aeee97f", "best_bid": "0.065", "best_ask": "0.069"}, {"asset_id": "59259495934562596318644973716893809974860301509869285036503555129962149752635", "price": "0.975", "size": "23.03", "side": "SELL", "hash": "00ea6753b25f225ca62b85f11c156ec485181ff4", "best_bid": "0.931", "best_ask": "0.935"}], "timestamp": "1769384165063", "event_type": "price_change"}}
{"_local_timestamp": "2026-01-25T23:36:05.984199+00:00", "data": {"market": "0x22ac5f75af18fdb453497fbf7ac0606a09a6fd55b78b2d08aace6b946ad62038", "price_changes": [{"asset_id": "59259495934562596318644973716893809974860301509869285036503555129962149752635", "price": "0.785", "size": "0", "side": "BUY", "hash": "fcb9f06792dfe489081cf8456038b32a9ff6f343", "best_bid": "0.931", "best_ask": "0.935"}, {"asset_id": "97449340182256366014320155718265676486703217567849039806162053075113517266910", "price": "0.215", "size": "0", "side": "SELL", "hash": "f43739c2bd9ea189f738ab6a06654318b75a3bd7", "best_bid": "0.065", "best_ask": "0.069"}], "timestamp": "1769384165919", "event_type": "price_change"}}
{"_local_timestamp": "2026-01-25T23:36:06.285390+00:00", "data": {"market": "0x22ac5f75af18fdb453497fbf7ac0606a09a6fd55b78b2d08aace6b946ad62038", "price_changes": [{"asset_id": "59259495934562596318644973716893809974860301509869285036503555129962149752635", "price": "0.785", "size": "5", "side": "BUY", "hash": "036ebc69c0e6d448718e96a6876a6dd49062e142", "best_bid": "0.931", "best_ask": "0.935"}, {"asset_id": "97449340182256366014320155718265676486703217567849039806162053075113517266910", "price": "0.215", "size": "5", "side": "SELL", "hash": "833c7a5905d2adbbf3f4773ca70e2e9af01b73fa", "best_bid": "0.065", "best_ask": "0.069"}], "timestamp": "1769384166217", "event_type": "price_change"}}
{"_local_timestamp": "2026-01-25T23:36:06.441080+00:00", "data": {"market": "0x22ac5f75af18fdb453497fbf7ac0606a09a6fd55b78b2d08aace6b946ad62038", "price_changes": [{"asset_id": "97449340182256366014320155718265676486703217567849039806162053075113517266910", "price": "0.009", "size": "133.06", "side": "BUY", "hash": "39703f9cc55ef9be34453f028c0046f3df1b32a8", "best_bid": "0.065", "best_ask": "0.069"}, {"asset_id": "59259495934562596318644973716893809974860301509869285036503555129962149752635", "price": "0.991", "size": "133.06", "side": "SELL", "hash": "cb87080e4fb4842404171573e862d31528c8704e", "best_bid": "0.931", "best_ask": "0.935"}], "timestamp": "1769384166376", "event_type": "price_change"}}
{"_local_timestamp": "2026-01-25T23:36:06.441632+00:00", "data": {"market": "0x22ac5f75af18fdb453497fbf7ac0606a09a6fd55b78b2d08aace6b946ad62038", "price_changes": [{"asset_id": "97449340182256366014320155718265676486703217567849039806162053075113517266910", "price": "0.013", "size": "0", "side": "BUY", "hash": "39703f9cc55ef9be34453f028c0046f3df1b32a8", "best_bid": "0.065", "best_ask": "0.069"}, {"asset_id": "59259495934562596318644973716893809974860301509869285036503555129962149752635", "price": "0.987", "size": "0", "side": "SELL", "hash": "cb87080e4fb4842404171573e862d31528c8704e", "best_bid": "0.931", "best_ask": "0.935"}], "timestamp": "1769384166376", "event_type": "price_change"}}
{"_local_timestamp": "2026-01-25T23:36:07.061181+00:00", "data": {"market": "0x22ac5f75af18fdb453497fbf7ac0606a09a6fd55b78b2d08aace6b946ad62038", "price_changes": [{"asset_id": "97449340182256366014320155718265676486703217567849039806162053075113517266910", "price": "0.011", "size": "18.95", "side": "BUY", "hash": "ad3025c0a14dc1a9d6f401d510f3b54b906db5ee", "best_bid": "0.065", "best_ask": "0.069"}, {"asset_id": "59259495934562596318644973716893809974860301509869285036503555129962149752635", "price": "0.989", "size": "18.95", "side": "SELL", "hash": "61cdd09c0a5ed8b4d7b896c20e8bb821f3c55136", "best_bid": "0.931", "best_ask": "0.935"}], "timestamp": "1769384166999", "event_type": "price_change"}}
{"_local_timestamp": "2026-01-25T23:36:07.069118+00:00", "data": {"market": "0x22ac5f75af18fdb453497fbf7ac0606a09a6fd55b78b2d08aace6b946ad62038", "price_changes": [{"asset_id": "97449340182256366014320155718265676486703217567849039806162053075113517266910", "price": "0.004", "size": "27.87", "side": "BUY", "hash": "623f5a7a4cbb8bb18569367f5a1b326400cdbd47", "best_bid": "0.065", "best_ask": "0.069"}, {"asset_id": "59259495934562596318644973716893809974860301509869285036503555129962149752635", "price": "0.996", "size": "27.87", "side": "SELL", "hash": "1d60bc56fd480482cfae00d5f920984a3565f374", "best_bid": "0.931", "best_ask": "0.935"}], "timestamp": "1769384167000", "event_type": "price_change"}}
{"_local_timestamp": "2026-01-25T23:36:07.798132+00:00", "data": {"market": "0x22ac5f75af18fdb453497fbf7ac0606a09a6fd55b78b2d08aace6b946ad62038", "price_changes": [{"asset_id": "59259495934562596318644973716893809974860301509869285036503555129962149752635", "price": "0.989", "size": "217.83", "side": "SELL", "hash": "3ef2762d7a16d65051498480bd41022b7a466f96", "best_bid": "0.931", "best_ask": "0.935"}, {"asset_id": "97449340182256366014320155718265676486703217567849039806162053075113517266910", "price": "0.011", "size": "217.83", "side": "BUY", "hash": "87fe31a41545a6f05babb6c2b19a81d8c135c6bb", "best_bid": "0.065", "best_ask": "0.069"}], "timestamp": "1769384167731", "event_type": "price_change"}}
{"_local_timestamp": "2026-01-25T23:36:08.573049+00:00", "data": {"market": "0x22ac5f75af18fdb453497fbf7ac0606a09a6fd55b78b2d08aace6b946ad62038", "price_changes": [{"asset_id": "97449340182256366014320155718265676486703217567849039806162053075113517266910", "price": "0.004", "size": "7", "side": "BUY", "hash": "8dab7295c624d5dd9e418fedc8349709f55dce34", "best_bid": "0.065", "best_ask": "0.069"}, {"asset_id": "59259495934562596318644973716893809974860301509869285036503555129962149752635", "price": "0.996", "size": "7", "side": "SELL", "hash": "f7cc74117c38c087433cf189fb90a569e79f809a", "best_bid": "0.931", "best_ask": "0.935"}], "timestamp": "1769384168495", "event_type": "price_change"}}
{"_local_timestamp": "2026-01-25T23:36:08.573675+00:00", "data": {"market": "0x22ac5f75af18fdb453497fbf7ac0606a09a6fd55b78b2d08aace6b946ad62038", "price_changes": [{"asset_id": "97449340182256366014320155718265676486703217567849039806162053075113517266910", "price": "0.011", "size": "198.88", "side": "BUY", "hash": "8dab7295c624d5dd9e418fedc8349709f55dce34", "best_bid": "0.065", "best_ask": "0.069"}, {"asset_id": "59259495934562596318644973716893809974860301509869285036503555129962149752635", "price": "0.989", "size": "198.88", "side": "SELL", "hash": "f7cc74117c38c087433cf189fb90a569e79f809a", "best_bid": "0.931", "best_ask": "0.935"}], "timestamp": "1769384168495", "event_type": "price_change"}}
{"_local_timestamp": "2026-01-25T23:36:08.945068+00:00", "data": {"market": "0x22ac5f75af18fdb453497fbf7ac0606a09a6fd55b78b2d08aace6b946ad62038", "price_changes": [{"asset_id": "97449340182256366014320155718265676486703217567849039806162053075113517266910", "price": "0.012", "size": "16.15", "side": "BUY", "hash": "22c1513f08b9590b1f9cbe7acebfb6583cf907af", "best_bid": "0.065", "best_ask": "0.069"}, {"asset_id": "59259495934562596318644973716893809974860301509869285036503555129962149752635", "price": "0.988", "size": "16.15", "side": "SELL", "hash": "04f66f13fa724245de034fddf6e9399e32fdfeef", "best_bid": "0.931", "best_ask": "0.935"}], "timestamp": "1769384168872", "event_type": "price_change"}}
{"_local_timestamp": "2026-01-25T23:36:08.945741+00:00", "data": {"market": "0x22ac5f75af18fdb453497fbf7ac0606a09a6fd55b78b2d08aace6b946ad62038", "price_changes": [{"asset_id": "97449340182256366014320155718265676486703217567849039806162053075113517266910", "price": "0.009", "size": "138.23", "side": "BUY", "hash": "fded722acf103dcbfdc09922e533c7c598ef71c9", "best_bid": "0.065", "best_ask": "0.069"}, {"asset_id": "59259495934562596318644973716893809974860301509869285036503555129962149752635", "price": "0.991", "size": "138.23", "side": "SELL", "hash": "24f998b297e440eaf0789f7045445f309a6cb379", "best_bid": "0.931", "best_ask": "0.935"}], "timestamp": "1769384168873", "event_type": "price_change"}}
{"_local_timestamp": "2026-01-25T23:36:08.946408+00:00", "data": {"market": "0x22ac5f75af18fdb453497fbf7ac0606a09a6fd55b78b2d08aace6b946ad62038", "price_changes": [{"asset_id": "97449340182256366014320155718265676486703217567849039806162053075113517266910", "price": "0.004", "size": "19.9", "side": "BUY", "hash": "ae9c7e5028ad8e3c32f907e519bf55b6b0f4dcd7", "best_bid": "0.065", "best_ask": "0.069"}, {"asset_id": "59259495934562596318644973716893809974860301509869285036503555129962149752635", "price": "0.996", "size": "19.9", "side": "SELL", "hash": "00d676255ecff71eea902f6fbda1c3d9fd18f6c2", "best_bid": "0.931", "best_ask": "0.935"}], "timestamp": "1769384168874", "event_type": "price_change"}}
{"_local_timestamp": "2026-01-25T23:36:09.881787+00:00", "data": {"market": "0x22ac5f75af18fdb453497fbf7ac0606a09a6fd55b78b2d08aace6b946ad62038", "price_changes": [{"asset_id": "59259495934562596318644973716893809974860301509869285036503555129962149752635", "price": "0.989", "size": "0", "side": "SELL", "hash": "c83fc3d7c0cbcc5c6ee50686aa4b64d219e36c65", "best_bid": "0.931", "best_ask": "0.935"}, {"asset_id": "97449340182256366014320155718265676486703217567849039806162053075113517266910", "price": "0.011", "size": "0", "side": "BUY", "hash": "5b52eea3e1ddc24d8f2fd8a29db0f822934c91d7", "best_bid": "0.065", "best_ask": "0.069"}], "timestamp": "1769384169812", "event_type": "price_change"}}
{"_local_timestamp": "2026-01-25T23:36:10.296800+00:00", "data": {"market": "0x22ac5f75af18fdb453497fbf7ac0606a09a6fd55b78b2d08aace6b946ad62038", "price_changes": [{"asset_id": "97449340182256366014320155718265676486703217567849039806162053075113517266910", "price": "0.009", "size": "133.06", "side": "BUY", "hash": "9afb6f1823227f02067711c3f4bd65b77f1c3091", "best_bid": "0.065", "best_ask": "0.069"}, {"asset_id": "59259495934562596318644973716893809974860301509869285036503555129962149752635", "price": "0.991", "size": "133.06", "side": "SELL", "hash": "76f9f29951370118dd2b92498462c4744ed2b704", "best_bid": "0.931", "best_ask": "0.935"}], "timestamp": "1769384170232", "event_type": "price_change"}}
{"_local_timestamp": "2026-01-25T23:36:10.297369+00:00", "data": {"market": "0x22ac5f75af18fdb453497fbf7ac0606a09a6fd55b78b2d08aace6b946ad62038", "price_changes": [{"asset_id": "97449340182256366014320155718265676486703217567849039806162053075113517266910", "price": "0.012", "size": "0", "side": "BUY", "hash": "9afb6f1823227f02067711c3f4bd65b77f1c3091", "best_bid": "0.065", "best_ask": "0.069"}, {"asset_id": "59259495934562596318644973716893809974860301509869285036503555129962149752635", "price": "0.988", "size": "0", "side": "SELL", "hash": "76f9f29951370118dd2b92498462c4744ed2b704", "best_bid": "0.931", "best_ask": "0.935"}], "timestamp": "1769384170232", "event_type": "price_change"}}
{"_local_timestamp": "2026-01-25T23:36:10.669244+00:00", "data": {"market": "0x22ac5f75af18fdb453497fbf7ac0606a09a6fd55b78b2d08aace6b946ad62038", "price_changes": [{"asset_id": "97449340182256366014320155718265676486703217567849039806162053075113517266910", "price": "0.004", "size": "27.86", "side": "BUY", "hash": "b2d0da87962eda5e258f871e45fee3b0ee02381c", "best_bid": "0.065", "best_ask": "0.069"}, {"asset_id": "59259495934562596318644973716893809974860301509869285036503555129962149752635", "price": "0.996", "size": "27.86", "side": "SELL", "hash": "e6b6ac9108560b72c1b1b909279343fdc4a9c250", "best_bid": "0.931", "best_ask": "0.935"}], "timestamp": "1769384170578", "event_type": "price_change"}}
{"_local_timestamp": "2026-01-25T23:36:10.675033+00:00", "data": {"market": "0x22ac5f75af18fdb453497fbf7ac0606a09a6fd55b78b2d08aace6b946ad62038", "price_changes": [{"asset_id": "97449340182256366014320155718265676486703217567849039806162053075113517266910", "price": "0.011", "size": "18.95", "side": "BUY", "hash": "6cb65f98fece028d5ca46d9fcf4fb393704a666e", "best_bid": "0.065", "best_ask": "0.069"}, {"asset_id": "59259495934562596318644973716893809974860301509869285036503555129962149752635", "price": "0.989", "size": "18.95", "side": "SELL", "hash": "4239c5f7edc44a5391d2cd6e83a64540dc1bc72d", "best_bid": "0.931", "best_ask": "0.935"}], "timestamp": "1769384170579", "event_type": "price_change"}}
{"_local_timestamp": "2026-01-25T23:36:11.659310+00:00", "data": {"market": "0x22ac5f75af18fdb453497fbf7ac0606a09a6fd55b78b2d08aace6b946ad62038", "price_changes": [{"asset_id": "59259495934562596318644973716893809974860301509869285036503555129962149752635", "price": "0.988", "size": "198.88", "side": "SELL", "hash": "b97e2087b2ba75d5b438253ff31fd502d7168edd", "best_bid": "0.931", "best_ask": "0.935"}, {"asset_id": "97449340182256366014320155718265676486703217567849039806162053075113517266910", "price": "0.012", "size": "198.88", "side": "BUY", "hash": "b2bbb2808abca3e213c0e5cd6506d5ea3d7579d7", "best_bid": "0.065", "best_ask": "0.069"}], "timestamp": "1769384171589", "event_type": "price_change"}}
{"_local_timestamp": "2026-01-25T23:36:11.934142+00:00", "data": {"market": "0x22ac5f75af18fdb453497fbf7ac0606a09a6fd55b78b2d08aace6b946ad62038", "price_changes": [{"asset_id": "97449340182256366014320155718265676486703217567849039806162053075113517266910", "price": "0.004", "size": "14.96", "side": "BUY", "hash": "af246698f9f445ddddfb8b02abc539a140d253ea", "best_bid": "0.065", "best_ask": "0.069"}, {"asset_id": "59259495934562596318644973716893809974860301509869285036503555129962149752635", "price": "0.996", "size": "14.96", "side": "SELL", "hash": "c2241d6341703c5d901606c8bf52aab7bc6fec2c", "best_bid": "0.931", "best_ask": "0.935"}], "timestamp": "1769384171868", "event_type": "price_change"}}
{"_local_timestamp": "2026-01-25T23:36:11.934789+00:00", "data": {"market": "0x22ac5f75af18fdb453497fbf7ac0606a09a6fd55b78b2d08aace6b946ad62038", "price_changes": [{"asset_id": "97449340182256366014320155718265676486703217567849039806162053075113517266910", "price": "0.011", "size": "0", "side": "BUY", "hash": "af246698f9f445ddddfb8b02abc539a140d253ea", "best_bid": "0.065", "best_ask": "0.069"}, {"asset_id": "59259495934562596318644973716893809974860301509869285036503555129962149752635", "price": "0.989", "size": "0", "side": "SELL", "hash": "c2241d6341703c5d901606c8bf52aab7bc6fec2c", "best_bid": "0.931", "best_ask": "0.935"}], "timestamp": "1769384171868", "event_type": "price_change"}}
{"_local_timestamp": "2026-01-25T23:36:12.282080+00:00", "data": {"market": "0x22ac5f75af18fdb453497fbf7ac0606a09a6fd55b78b2d08aace6b946ad62038", "price_changes": [{"asset_id": "97449340182256366014320155718265676486703217567849039806162053075113517266910", "price": "0.004", "size": "20.02", "side": "BUY", "hash": "5a85a4d07e3d9962ecf617b440529844d978d06e", "best_bid": "0.065", "best_ask": "0.069"}, {"asset_id": "59259495934562596318644973716893809974860301509869285036503555129962149752635", "price": "0.996", "size": "20.02", "side": "SELL", "hash": "f405a962b39fb8963ad8037ad8456ed29fd30577", "best_bid": "0.931", "best_ask": "0.935"}], "timestamp": "1769384172215", "event_type": "price_change"}}
{"_local_timestamp": "2026-01-25T23:36:12.282685+00:00", "data": {"market": "0x22ac5f75af18fdb453497fbf7ac0606a09a6fd55b78b2d08aace6b946ad62038", "price_changes": [{"asset_id": "97449340182256366014320155718265676486703217567849039806162053075113517266910", "price": "0.013", "size": "13.69", "side": "BUY", "hash": "528eb750f75d8a64c883f35ac174f2848e909c2d", "best_bid": "0.065", "best_ask": "0.069"}, {"asset_id": "59259495934562596318644973716893809974860301509869285036503555129962149752635", "price": "0.987", "size": "13.69", "side": "SELL", "hash": "ae1f94ec5f0b0bbee987bedf9f56b1294cad9cb1", "best_bid": "0.931", "best_ask": "0.935"}], "timestamp": "1769384172216", "event_type": "price_change"}}
{"_local_timestamp": "2026-01-25T23:36:12.283203+00:00", "data": {"market": "0x22ac5f75af18fdb453497fbf7ac0606a09a6fd55b78b2d08aace6b946ad62038", "price_changes": [{"asset_id": "97449340182256366014320155718265676486703217567849039806162053075113517266910", "price": "0.009", "size": "139.92", "side": "BUY", "hash": "1b37eb24a49207536af3b4fb011c1f703e1b43ee", "best_bid": "0.065", "best_ask": "0.069"}, {"asset_id": "59259495934562596318644973716893809974860301509869285036503555129962149752635", "price": "0.991", "size": "139.92", "side": "SELL", "hash": "4b0dc3d9b782140f026ed6560f69780ec6097518", "best_bid": "0.931", "best_ask": "0.935"}], "timestamp": "1769384172217", "event_type": "price_change"}}
{"_local_timestamp": "2026-01-25T23:36:13.007967+00:00", "data": {"market": "0x22ac5f75af18fdb453497fbf7ac0606a09a6fd55b78b2d08aace6b946ad62038", "price_changes": [{"asset_id": "59259495934562596318644973716893809974860301509869285036503555129962149752635", "price": "0.988", "size": "0", "side": "SELL", "hash": "f3843566efbd1f91761011decc0c531b8ef4b164", "best_bid": "0.931", "best_ask": "0.935"}, {"asset_id": "97449340182256366014320155718265676486703217567849039806162053075113517266910", "price": "0.012", "size": "0", "side": "BUY", "hash": "4d1128f9686bdc95f2757509f3ff181f978c225d", "best_bid": "0.065", "best_ask": "0.069"}], "timestamp": "1769384172944", "event_type": "price_change"}}
{"_local_timestamp": "2026-01-25T23:36:13.404097+00:00", "data": {"market": "0x22ac5f75af18fdb453497fbf7ac0606a09a6fd55b78b2d08aace6b946ad62038", "price_changes": [{"asset_id": "97449340182256366014320155718265676486703217567849039806162053075113517266910", "price": "0.009", "size": "133.06", "side": "BUY", "hash": "f364a82868ce6f825de24468a78e86b8ee15deae", "best_bid": "0.065", "best_ask": "0.069"}, {"asset_id": "59259495934562596318644973716893809974860301509869285036503555129962149752635", "price": "0.991", "size": "133.06", "side": "SELL", "hash": "5f11f40b4b13aa71b338c1c134922fa13f96bb29", "best_bid": "0.931", "best_ask": "0.935"}], "timestamp": "1769384173329", "event_type": "price_change"}}
{"_local_timestamp": "2026-01-25T23:36:13.405007+00:00", "data": {"market": "0x22ac5f75af18fdb453497fbf7ac0606a09a6fd55b78b2d08aace6b946ad62038", "price_changes": [{"asset_id": "97449340182256366014320155718265676486703217567849039806162053075113517266910", "price": "0.013", "size": "0", "side": "BUY", "hash": "f364a82868ce6f825de24468a78e86b8ee15deae", "best_bid": "0.065", "best_ask": "0.069"}, {"asset_id": "59259495934562596318644973716893809974860301509869285036503555129962149752635", "price": "0.987", "size": "0", "side": "SELL", "hash": "5f11f40b4b13aa71b338c1c134922fa13f96bb29", "best_bid": "0.931", "best_ask": "0.935"}], "timestamp": "1769384173329", "event_type": "price_change"}}
{"_local_timestamp": "2026-01-25T23:36:13.405569+00:00", "data": {"market": "0x22ac5f75af18fdb453497fbf7ac0606a09a6fd55b78b2d08aace6b946ad62038", "price_changes": [{"asset_id": "59259495934562596318644973716893809974860301509869285036503555129962149752635", "price": "0.785", "size": "0", "side": "BUY", "hash": "1dabf911b7be57248b4b30ebd6b358437775c3e6", "best_bid": "0.931", "best_ask": "0.935"}, {"asset_id": "97449340182256366014320155718265676486703217567849039806162053075113517266910", "price": "0.215", "size": "0", "side": "SELL", "hash": "d6963d11a323bc7a37c400f0161923f7f490e50a", "best_bid": "0.065", "best_ask": "0.069"}], "timestamp": "1769384173329", "event_type": "price_change"}}
{"_local_timestamp": "2026-01-25T23:36:13.902383+00:00", "data": {"market": "0x22ac5f75af18fdb453497fbf7ac0606a09a6fd55b78b2d08aace6b946ad62038", "price_changes": [{"asset_id": "59259495934562596318644973716893809974860301509869285036503555129962149752635", "price": "0.785", "size": "5", "side": "BUY", "hash": "cd66c605a59c6d39aad4135accc7ebdd8bd840ca", "best_bid": "0.931", "best_ask": "0.935"}, {"asset_id": "97449340182256366014320155718265676486703217567849039806162053075113517266910", "price": "0.215", "size": "5", "side": "SELL", "hash": "5948044c6a35452e7fd2c2a48ae3523b231be2b4", "best_bid": "0.065", "best_ask": "0.069"}], "timestamp": "1769384173826", "event_type": "price_change"}}
{"_local_timestamp": "2026-01-25T23:36:13.903907+00:00", "data": {"market": "0x22ac5f75af18fdb453497fbf7ac0606a09a6fd55b78b2d08aace6b946ad62038", "price_changes": [{"asset_id": "97449340182256366014320155718265676486703217567849039806162053075113517266910", "price": "0.004", "size": "27.86", "side": "BUY", "hash": "b8949eb7c3bf4e4456b13247e661f196e42cbfa0", "best_bid": "0.065", "best_ask": "0.069"}, {"asset_id": "59259495934562596318644973716893809974860301509869285036503555129962149752635", "price": "0.996", "size": "27.86", "side": "SELL", "hash": "2919d946e79714421ccb03d7dcee40df608404bd", "best_bid": "0.931", "best_ask": "0.935"}], "timestamp": "1769384173827", "event_type": "price_change"}}
{"_local_timestamp": "2026-01-25T23:36:13.906640+00:00", "data": {"market": "0x22ac5f75af18fdb453497fbf7ac0606a09a6fd55b78b2d08aace6b946ad62038", "price_changes": [{"asset_id": "97449340182256366014320155718265676486703217567849039806162053075113517266910", "price": "0.011", "size": "18.95", "side": "BUY", "hash": "877ea7093989037b3b56463c80186c21f5d3eeb9", "best_bid": "0.065", "best_ask": "0.069"}, {"asset_id": "59259495934562596318644973716893809974860301509869285036503555129962149752635", "price": "0.989", "size": "18.95", "side": "SELL", "hash": "8b2a8120218a29dd00120d344e77f583c50df742", "best_bid": "0.931", "best_ask": "0.935"}], "timestamp": "1769384173828", "event_type": "price_change"}}
{"_local_timestamp": "2026-01-25T23:36:15.970893+00:00", "data": {"market": "0x22ac5f75af18fdb453497fbf7ac0606a09a6fd55b78b2d08aace6b946ad62038", "price_changes": [{"asset_id": "59259495934562596318644973716893809974860301509869285036503555129962149752635", "price": "0.989", "size": "217.83", "side": "SELL", "hash": "dfce2699293d14e3bf17ededdac1b133d26821c7", "best_bid": "0.931", "best_ask": "0.935"}, {"asset_id": "97449340182256366014320155718265676486703217567849039806162053075113517266910", "price": "0.011", "size": "217.83", "side": "BUY", "hash": "41a70c9ccc97653f835488a8f402eb70e8f7bc40", "best_bid": "0.065", "best_ask": "0.069"}], "timestamp": "1769384175905", "event_type": "price_change"}}
{"_local_timestamp": "2026-01-25T23:36:16.872558+00:00", "data": {"market": "0x22ac5f75af18fdb453497fbf7ac0606a09a6fd55b78b2d08aace6b946ad62038", "price_changes": [{"asset_id": "97449340182256366014320155718265676486703217567849039806162053075113517266910", "price": "0.004", "size": "19.9", "side": "BUY", "hash": "5848dc84172a6dcd813c18f60fe976690ddd995a", "best_bid": "0.065", "best_ask": "0.069"}, {"asset_id": "59259495934562596318644973716893809974860301509869285036503555129962149752635", "price": "0.996", "size": "19.9", "side": "SELL", "hash": "7949fa09901fbfa13e54d9253421a4419ccf439a", "best_bid": "0.931", "best_ask": "0.935"}], "timestamp": "1769384176804", "event_type": "price_change"}}
{"_local_timestamp": "2026-01-25T23:36:16.873254+00:00", "data": {"market": "0x22ac5f75af18fdb453497fbf7ac0606a09a6fd55b78b2d08aace6b946ad62038", "price_changes": [{"asset_id": "97449340182256366014320155718265676486703217567849039806162053075113517266910", "price": "0.011", "size": "198.88", "side": "BUY", "hash": "5848dc84172a6dcd813c18f60fe976690ddd995a", "best_bid": "0.065", "best_ask": "0.069"}, {"asset_id": "59259495934562596318644973716893809974860301509869285036503555129962149752635", "price": "0.989", "size": "198.88", "side": "SELL", "hash": "7949fa09901fbfa13e54d9253421a4419ccf439a", "best_bid": "0.931", "best_ask": "0.935"}], "timestamp": "1769384176804", "event_type": "price_change"}}
{"_local_timestamp": "2026-01-25T23:36:17.252227+00:00", "data": {"market": "0x22ac5f75af18fdb453497fbf7ac0606a09a6fd55b78b2d08aace6b946ad62038", "price_changes": [{"asset_id": "97449340182256366014320155718265676486703217567849039806162053075113517266910", "price": "0.012", "size": "16.15", "side": "BUY", "hash": "e7050d025de488e68d40593a47423fbefc5ab703", "best_bid": "0.065", "best_ask": "0.069"}, {"asset_id": "59259495934562596318644973716893809974860301509869285036503555129962149752635", "price": "0.988", "size": "16.15", "side": "SELL", "hash": "d2255b33a6b7f01522ef343e3ad356063ef94a2c", "best_bid": "0.931", "best_ask": "0.935"}], "timestamp": "1769384177182", "event_type": "price_change"}}
{"_local_timestamp": "2026-01-25T23:36:17.256574+00:00", "data": {"market": "0x22ac5f75af18fdb453497fbf7ac0606a09a6fd55b78b2d08aace6b946ad62038", "price_changes": [{"asset_id": "97449340182256366014320155718265676486703217567849039806162053075113517266910", "price": "0.009", "size": "138.23", "side": "BUY", "hash": "0bfa4b8fb572ee77b403d22acfaf0d13d0d59312", "best_bid": "0.065", "best_ask": "0.069"}, {"asset_id": "59259495934562596318644973716893809974860301509869285036503555129962149752635", "price": "0.991", "size": "138.23", "side": "SELL", "hash": "31cdd4544d3011e87c65cb9bad23a2f36abfa353", "best_bid": "0.931", "best_ask": "0.935"}], "timestamp": "1769384177183", "event_type": "price_change"}}
{"_local_timestamp": "2026-01-25T23:36:18.110129+00:00", "data": {"market": "0x22ac5f75af18fdb453497fbf7ac0606a09a6fd55b78b2d08aace6b946ad62038", "price_changes": [{"asset_id": "59259495934562596318644973716893809974860301509869285036503555129962149752635", "price": "0.989", "size": "0", "side": "SELL", "hash": "9337d5ddffa9def67c2a5884019b7af799117df4", "best_bid": "0.931", "best_ask": "0.935"}, {"asset_id": "97449340182256366014320155718265676486703217567849039806162053075113517266910", "price": "0.011", "size": "0", "side": "BUY", "hash": "dc699cd1ed3ed9d2a5d8eb2362223a7c9cd0a0c2", "best_bid": "0.065", "best_ask": "0.069"}], "timestamp": "1769384178030", "event_type": "price_change"}}
{"_local_timestamp": "2026-01-25T23:36:19.411223+00:00", "data": {"market": "0x22ac5f75af18fdb453497fbf7ac0606a09a6fd55b78b2d08aace6b946ad62038", "price_changes": [{"asset_id": "97449340182256366014320155718265676486703217567849039806162053075113517266910", "price": "0.009", "size": "133.06", "side": "BUY", "hash": "0195fb6aec48e23a191a8e7779aa9fc5a93434b5", "best_bid": "0.065", "best_ask": "0.069"}, {"asset_id": "59259495934562596318644973716893809974860301509869285036503555129962149752635", "price": "0.991", "size": "133.06", "side": "SELL", "hash": "a4312973b0756220496f7b5b9556a62645e5e9dd", "best_bid": "0.931", "best_ask": "0.935"}], "timestamp": "1769384179345", "event_type": "price_change"}}
{"_local_timestamp": "2026-01-25T23:36:19.411937+00:00", "data": {"market": "0x22ac5f75af18fdb453497fbf7ac0606a09a6fd55b78b2d08aace6b946ad62038", "price_changes": [{"asset_id": "97449340182256366014320155718265676486703217567849039806162053075113517266910", "price": "0.012", "size": "0", "side": "BUY", "hash": "0195fb6aec48e23a191a8e7779aa9fc5a93434b5", "best_bid": "0.065", "best_ask": "0.069"}, {"asset_id": "59259495934562596318644973716893809974860301509869285036503555129962149752635", "price": "0.988", "size": "0", "side": "SELL", "hash": "a4312973b0756220496f7b5b9556a62645e5e9dd", "best_bid": "0.931", "best_ask": "0.935"}], "timestamp": "1769384179345", "event_type": "price_change"}}
{"_local_timestamp": "2026-01-25T23:36:19.742375+00:00", "data": {"market": "0x22ac5f75af18fdb453497fbf7ac0606a09a6fd55b78b2d08aace6b946ad62038", "price_changes": [{"asset_id": "97449340182256366014320155718265676486703217567849039806162053075113517266910", "price": "0.011", "size": "18.95", "side": "BUY", "hash": "200397e7c63cfaff0c84ddf06664314b5be35d38", "best_bid": "0.065", "best_ask": "0.069"}, {"asset_id": "59259495934562596318644973716893809974860301509869285036503555129962149752635", "price": "0.989", "size": "18.95", "side": "SELL", "hash": "aa5ffab70c5dee1c33ddbb39702f3dce9e6e57f6", "best_bid": "0.931", "best_ask": "0.935"}], "timestamp": "1769384179666", "event_type": "price_change"}}
{"_local_timestamp": "2026-01-25T23:36:19.743104+00:00", "data": {"market": "0x22ac5f75af18fdb453497fbf7ac0606a09a6fd55b78b2d08aace6b946ad62038", "price_changes": [{"asset_id": "97449340182256366014320155718265676486703217567849039806162053075113517266910", "price": "0.004", "size": "27.86", "side": "BUY", "hash": "26d7ec834806895cb86af40f896600c93bf2ad63", "best_bid": "0.065", "best_ask": "0.069"}, {"asset_id": "59259495934562596318644973716893809974860301509869285036503555129962149752635", "price": "0.996", "size": "27.86", "side": "SELL", "hash": "844327771f5ecec040b8967c4fb343209d59dea7", "best_bid": "0.931", "best_ask": "0.935"}], "timestamp": "1769384179667", "event_type": "price_change"}}
{"_local_timestamp": "2026-01-25T23:36:19.998426+00:00", "data": {"market": "0x22ac5f75af18fdb453497fbf7ac0606a09a6fd55b78b2d08aace6b946ad62038", "price_changes": [{"asset_id": "59259495934562596318644973716893809974860301509869285036503555129962149752635", "price": "0.988", "size": "198.88", "side": "SELL", "hash": "20dc3e9e23b08cd83069f74c3d906e5f28d651b2", "best_bid": "0.931", "best_ask": "0.935"}, {"asset_id": "97449340182256366014320155718265676486703217567849039806162053075113517266910", "price": "0.012", "size": "198.88", "side": "BUY", "hash": "ebc3e2df95784677c40978a01865d7b0477c66e7", "best_bid": "0.065", "best_ask": "0.069"}], "timestamp": "1769384179931", "event_type": "price_change"}}
{"_local_timestamp": "2026-01-25T23:36:20.295360+00:00", "data": {"market": "0x22ac5f75af18fdb453497fbf7ac0606a09a6fd55b78b2d08aace6b946ad62038", "price_changes": [{"asset_id": "59259495934562596318644973716893809974860301509869285036503555129962149752635", "price": "0.785", "size": "0", "side": "BUY", "hash": "26bbc6d5fa4c46cd886dce0e166f6067a2aaf737", "best_bid": "0.931", "best_ask": "0.935"}, {"asset_id": "97449340182256366014320155718265676486703217567849039806162053075113517266910", "price": "0.215", "size": "0", "side": "SELL", "hash": "b7f6ce0c43e6667b3ca318c99ec6d8d16eb6cec0", "best_bid": "0.065", "best_ask": "0.069"}], "timestamp": "1769384180199", "event_type": "price_change"}}
{"_local_timestamp": "2026-01-25T23:36:20.643515+00:00", "data": {"market": "0x22ac5f75af18fdb453497fbf7ac0606a09a6fd55b78b2d08aace6b946ad62038", "price_changes": [{"asset_id": "59259495934562596318644973716893809974860301509869285036503555129962149752635", "price": "0.785", "size": "5", "side": "BUY", "hash": "a7e2aedd0d2eb5e1aa480fda0b0676fb35aa7895", "best_bid": "0.931", "best_ask": "0.935"}, {"asset_id": "97449340182256366014320155718265676486703217567849039806162053075113517266910", "price": "0.215", "size": "5", "side": "SELL", "hash": "92ba8924c2c9daf75f5c9207e11fd9b5397d62f1", "best_bid": "0.065", "best_ask": "0.069"}], "timestamp": "1769384180572", "event_type": "price_change"}}
{"_local_timestamp": "2026-01-25T23:36:21.191710+00:00", "data": {"market": "0x22ac5f75af18fdb453497fbf7ac0606a09a6fd55b78b2d08aace6b946ad62038", "price_changes": [{"asset_id": "97449340182256366014320155718265676486703217567849039806162053075113517266910", "price": "0.004", "size": "19.9", "side": "BUY", "hash": "7a29d90017e0e77510e2eaa076daa695128e1364", "best_bid": "0.065", "best_ask": "0.069"}, {"asset_id": "59259495934562596318644973716893809974860301509869285036503555129962149752635", "price": "0.996", "size": "19.9", "side": "SELL", "hash": "200e30dc61f958d22863aa7efa52ac180c770d7d", "best_bid": "0.931", "best_ask": "0.935"}], "timestamp": "1769384181122", "event_type": "price_change"}}
{"_local_timestamp": "2026-01-25T23:36:21.192339+00:00", "data": {"market": "0x22ac5f75af18fdb453497fbf7ac0606a09a6fd55b78b2d08aace6b946ad62038", "price_changes": [{"asset_id": "97449340182256366014320155718265676486703217567849039806162053075113517266910", "price": "0.011", "size": "0", "side": "BUY", "hash": "7a29d90017e0e77510e2eaa076daa695128e1364", "best_bid": "0.065", "best_ask": "0.069"}, {"asset_id": "59259495934562596318644973716893809974860301509869285036503555129962149752635", "price": "0.989", "size": "0", "side": "SELL", "hash": "200e30dc61f958d22863aa7efa52ac180c770d7d", "best_bid": "0.931", "best_ask": "0.935"}], "timestamp": "1769384181122", "event_type": "price_change"}}
{"_local_timestamp": "2026-01-25T23:36:21.434031+00:00", "data": {"market": "0x22ac5f75af18fdb453497fbf7ac0606a09a6fd55b78b2d08aace6b946ad62038", "price_changes": [{"asset_id": "97449340182256366014320155718265676486703217567849039806162053075113517266910", "price": "0.013", "size": "13.72", "side": "BUY", "hash": "6cc1bba5a4545447e955c1b4ff54b83edbb6b4c9", "best_bid": "0.065", "best_ask": "0.069"}, {"asset_id": "59259495934562596318644973716893809974860301509869285036503555129962149752635", "price": "0.987", "size": "13.72", "side": "SELL", "hash": "658ce2cd541f8d0fa7fa540758c328420082a4df", "best_bid": "0.931", "best_ask": "0.935"}], "timestamp": "1769384181362", "event_type": "price_change"}}
{"_local_timestamp": "2026-01-25T23:36:21.438386+00:00", "data": {"market": "0x22ac5f75af18fdb453497fbf7ac0606a09a6fd55b78b2d08aace6b946ad62038", "price_changes": [{"asset_id": "97449340182256366014320155718265676486703217567849039806162053075113517266910", "price": "0.009", "size": "139.94", "side": "BUY", "hash": "ee65e9a15cfdcb637d366fb40bbc1216cb657e5e", "best_bid": "0.065", "best_ask": "0.069"}, {"asset_id": "59259495934562596318644973716893809974860301509869285036503555129962149752635", "price": "0.991", "size": "139.94", "side": "SELL", "hash": "2220f00273dc463d0e76cf07e48b3b9e8f54f592", "best_bid": "0.931", "best_ask": "0.935"}], "timestamp": "1769384181363", "event_type": "price_change"}}
{"_local_timestamp": "2026-01-25T23:36:22.629018+00:00", "data": {"market": "0x22ac5f75af18fdb453497fbf7ac0606a09a6fd55b78b2d08aace6b946ad62038", "price_changes": [{"asset_id": "59259495934562596318644973716893809974860301509869285036503555129962149752635", "price": "0.988", "size": "0", "side": "SELL", "hash": "e5a09ac2fa552cf871781e7c5ff04d490e97ea50", "best_bid": "0.931", "best_ask": "0.935"}, {"asset_id": "97449340182256366014320155718265676486703217567849039806162053075113517266910", "price": "0.012", "size": "0", "side": "BUY", "hash": "dbb5e4a5f1f45484a6b18f1c1f4adcf15cf8880d", "best_bid": "0.065", "best_ask": "0.069"}], "timestamp": "1769384182561", "event_type": "price_change"}}
{"_local_timestamp": "2026-01-25T23:36:23.756210+00:00", "data": {"market": "0x22ac5f75af18fdb453497fbf7ac0606a09a6fd55b78b2d08aace6b946ad62038", "price_changes": [{"asset_id": "97449340182256366014320155718265676486703217567849039806162053075113517266910", "price": "0.009", "size": "133.06", "side": "BUY", "hash": "4d812cdfa6ffd0bfb4274ddfdb1e3311c4cf03ba", "best_bid": "0.065", "best_ask": "0.069"}, {"asset_id": "59259495934562596318644973716893809974860301509869285036503555129962149752635", "price": "0.991", "size": "133.06", "side": "SELL", "hash": "df9b4c25f2ef66e1f2c91c8b641519d1499aa294", "best_bid": "0.931", "best_ask": "0.935"}], "timestamp": "1769384183688", "event_type": "price_change"}}
{"_local_timestamp": "2026-01-25T23:36:23.756971+00:00", "data": {"market": "0x22ac5f75af18fdb453497fbf7ac0606a09a6fd55b78b2d08aace6b946ad62038", "price_changes": [{"asset_id": "97449340182256366014320155718265676486703217567849039806162053075113517266910", "price": "0.013", "size": "0", "side": "BUY", "hash": "4d812cdfa6ffd0bfb4274ddfdb1e3311c4cf03ba", "best_bid": "0.065", "best_ask": "0.069"}, {"asset_id": "59259495934562596318644973716893809974860301509869285036503555129962149752635", "price": "0.987", "size": "0", "side": "SELL", "hash": "df9b4c25f2ef66e1f2c91c8b641519d1499aa294", "best_bid": "0.931", "best_ask": "0.935"}], "timestamp": "1769384183688", "event_type": "price_change"}}
{"_local_timestamp": "2026-01-25T23:36:24.145703+00:00", "data": {"market": "0x22ac5f75af18fdb453497fbf7ac0606a09a6fd55b78b2d08aace6b946ad62038", "price_changes": [{"asset_id": "97449340182256366014320155718265676486703217567849039806162053075113517266910", "price": "0.004", "size": "27.86", "side": "BUY", "hash": "24778f52c3c17ea3e8309b7bea569064aa2c260f", "best_bid": "0.065", "best_ask": "0.069"}, {"asset_id": "59259495934562596318644973716893809974860301509869285036503555129962149752635", "price": "0.996", "size": "27.86", "side": "SELL", "hash": "eb44f3d385b0eb75e76e9c3ef3efce1671fa2a97", "best_bid": "0.931", "best_ask": "0.935"}], "timestamp": "1769384184022", "event_type": "price_change"}}
{"_local_timestamp": "2026-01-25T23:36:24.173349+00:00", "data": {"market": "0x22ac5f75af18fdb453497fbf7ac0606a09a6fd55b78b2d08aace6b946ad62038", "price_changes": [{"asset_id": "97449340182256366014320155718265676486703217567849039806162053075113517266910", "price": "0.011", "size": "18.95", "side": "BUY", "hash": "cc0aa3c736afef0f61f63939362983fca85295f7", "best_bid": "0.065", "best_ask": "0.069"}, {"asset_id": "59259495934562596318644973716893809974860301509869285036503555129962149752635", "price": "0.989", "size": "18.95", "side": "SELL", "hash": "6675beed734d9e98b65a2652ae07ce436c3617e2", "best_bid": "0.931", "best_ask": "0.935"}], "timestamp": "1769384184025", "event_type": "price_change"}}
{"_local_timestamp": "2026-01-25T23:36:24.174100+00:00", "data": {"market": "0x22ac5f75af18fdb453497fbf7ac0606a09a6fd55b78b2d08aace6b946ad62038", "price_changes": [{"asset_id": "59259495934562596318644973716893809974860301509869285036503555129962149752635", "price": "0.989", "size": "217.83", "side": "SELL", "hash": "c05d38985b2b96b44f079ed1acfa3987e7a6357b", "best_bid": "0.931", "best_ask": "0.935"}, {"asset_id": "97449340182256366014320155718265676486703217567849039806162053075113517266910", "price": "0.011", "size": "217.83", "side": "BUY", "hash": "5ca214a6a8a2a3bb8d6d9a538aebc137d10f0c2c", "best_bid": "0.065", "best_ask": "0.069"}], "timestamp": "1769384184040", "event_type": "price_change"}}
{"_local_timestamp": "2026-01-25T23:36:25.052638+00:00", "data": {"market": "0x22ac5f75af18fdb453497fbf7ac0606a09a6fd55b78b2d08aace6b946ad62038", "price_changes": [{"asset_id": "97449340182256366014320155718265676486703217567849039806162053075113517266910", "price": "0.004", "size": "19.9", "side": "BUY", "hash": "9a5c4f0394f8ef38c82f8c42a4645b4480c34267", "best_bid": "0.065", "best_ask": "0.069"}, {"asset_id": "59259495934562596318644973716893809974860301509869285036503555129962149752635", "price": "0.996", "size": "19.9", "side": "SELL", "hash": "b7f0a7fe6c0bfd8957194299334f31cb7374a321", "best_bid": "0.931", "best_ask": "0.935"}], "timestamp": "1769384184980", "event_type": "price_change"}}
{"_local_timestamp": "2026-01-25T23:36:25.055559+00:00", "data": {"market": "0x22ac5f75af18fdb453497fbf7ac0606a09a6fd55b78b2d08aace6b946ad62038", "price_changes": [{"asset_id": "97449340182256366014320155718265676486703217567849039806162053075113517266910", "price": "0.011", "size": "198.88", "side": "BUY", "hash": "9a5c4f0394f8ef38c82f8c42a4645b4480c34267", "best_bid": "0.065", "best_ask": "0.069"}, {"asset_id": "59259495934562596318644973716893809974860301509869285036503555129962149752635", "price": "0.989", "size": "198.88", "side": "SELL", "hash": "b7f0a7fe6c0bfd8957194299334f31cb7374a321", "best_bid": "0.931", "best_ask": "0.935"}], "timestamp": "1769384184980", "event_type": "price_change"}}
{"_local_timestamp": "2026-01-25T23:36:25.320652+00:00", "data": {"market": "0x22ac5f75af18fdb453497fbf7ac0606a09a6fd55b78b2d08aace6b946ad62038", "price_changes": [{"asset_id": "97449340182256366014320155718265676486703217567849039806162053075113517266910", "price": "0.012", "size": "16.15", "side": "BUY", "hash": "12bf633e6d9a46ee7511b12bdb044b3468f85928", "best_bid": "0.065", "best_ask": "0.069"}, {"asset_id": "59259495934562596318644973716893809974860301509869285036503555129962149752635", "price": "0.988", "size": "16.15", "side": "SELL", "hash": "961d7aa1d9064f323214893c9b3b438a66440171", "best_bid": "0.931", "best_ask": "0.935"}], "timestamp": "1769384185229", "event_type": "price_change"}}
{"_local_timestamp": "2026-01-25T23:36:25.322284+00:00", "data": {"market": "0x22ac5f75af18fdb453497fbf7ac0606a09a6fd55b78b2d08aace6b946ad62038", "price_changes": [{"asset_id": "97449340182256366014320155718265676486703217567849039806162053075113517266910", "price": "0.009", "size": "138.23", "side": "BUY", "hash": "22462c68321aa22805467d0faa1c040417ef9841", "best_bid": "0.065", "best_ask": "0.069"}, {"asset_id": "59259495934562596318644973716893809974860301509869285036503555129962149752635", "price": "0.991", "size": "138.23", "side": "SELL", "hash": "34b5d52f4bb9d8b8b199139ada6add6816a696ef", "best_bid": "0.931", "best_ask": "0.935"}], "timestamp": "1769384185230", "event_type": "price_change"}}
{"_local_timestamp": "2026-01-25T23:36:25.897603+00:00", "data": {"market": "0x22ac5f75af18fdb453497fbf7ac0606a09a6fd55b78b2d08aace6b946ad62038", "price_changes": [{"asset_id": "59259495934562596318644973716893809974860301509869285036503555129962149752635", "price": "0.989", "size": "0", "side": "SELL", "hash": "3117d7b61ef677d5d4bdc833347b5addf0863a53", "best_bid": "0.931", "best_ask": "0.935"}, {"asset_id": "97449340182256366014320155718265676486703217567849039806162053075113517266910", "price": "0.011", "size": "0", "side": "BUY", "hash": "c55b1dd694785c6eda6acec4fa9695bda76df689", "best_bid": "0.065", "best_ask": "0.069"}], "timestamp": "1769384185828", "event_type": "price_change"}}
{"_local_timestamp": "2026-01-25T23:36:26.235121+00:00", "data": {"market": "0x22ac5f75af18fdb453497fbf7ac0606a09a6fd55b78b2d08aace6b946ad62038", "price_changes": [{"asset_id": "97449340182256366014320155718265676486703217567849039806162053075113517266910", "price": "0.009", "size": "133.06", "side": "BUY", "hash": "ad96a8cfcb9344da2703d3c0e881c303b4473813", "best_bid": "0.065", "best_ask": "0.069"}, {"asset_id": "59259495934562596318644973716893809974860301509869285036503555129962149752635", "price": "0.991", "size": "133.06", "side": "SELL", "hash": "91e2c2c06beb9c2c73ebea791523f5408382670e", "best_bid": "0.931", "best_ask": "0.935"}], "timestamp": "1769384186157", "event_type": "price_change"}}
{"_local_timestamp": "2026-01-25T23:36:26.235807+00:00", "data": {"market": "0x22ac5f75af18fdb453497fbf7ac0606a09a6fd55b78b2d08aace6b946ad62038", "price_changes": [{"asset_id": "97449340182256366014320155718265676486703217567849039806162053075113517266910", "price": "0.012", "size": "0", "side": "BUY", "hash": "ad96a8cfcb9344da2703d3c0e881c303b4473813", "best_bid": "0.065", "best_ask": "0.069"}, {"asset_id": "59259495934562596318644973716893809974860301509869285036503555129962149752635", "price": "0.988", "size": "0", "side": "SELL", "hash": "91e2c2c06beb9c2c73ebea791523f5408382670e", "best_bid": "0.931", "best_ask": "0.935"}], "timestamp": "1769384186157", "event_type": "price_change"}}
{"_local_timestamp": "2026-01-25T23:36:26.691670+00:00", "data": {"market": "0x22ac5f75af18fdb453497fbf7ac0606a09a6fd55b78b2d08aace6b946ad62038", "price_changes": [{"asset_id": "97449340182256366014320155718265676486703217567849039806162053075113517266910", "price": "0.013", "size": "13.72", "side": "BUY", "hash": "58e15efb25da7e733a915dd67e5097a53f29bd9a", "best_bid": "0.065", "best_ask": "0.069"}, {"asset_id": "59259495934562596318644973716893809974860301509869285036503555129962149752635", "price": "0.987", "size": "13.72", "side": "SELL", "hash": "5aefd2a7f186ac4be4c501e9cf8a761e001cb49e", "best_bid": "0.931", "best_ask": "0.935"}], "timestamp": "1769384186605", "event_type": "price_change"}}
{"_local_timestamp": "2026-01-25T23:36:26.692317+00:00", "data": {"market": "0x22ac5f75af18fdb453497fbf7ac0606a09a6fd55b78b2d08aace6b946ad62038", "price_changes": [{"asset_id": "97449340182256366014320155718265676486703217567849039806162053075113517266910", "price": "0.009", "size": "139.94", "side": "BUY", "hash": "31854f6c6b6c54fa98a12c6b5a9ceb986adf9d3c", "best_bid": "0.065", "best_ask": "0.069"}, {"asset_id": "59259495934562596318644973716893809974860301509869285036503555129962149752635", "price": "0.991", "size": "139.94", "side": "SELL", "hash": "0709981ad1d58a9176743cbf720393aca427a235", "best_bid": "0.931", "best_ask": "0.935"}], "timestamp": "1769384186606", "event_type": "price_change"}}
{"_local_timestamp": "2026-01-25T23:36:27.681685+00:00", "data": {"market": "0x22ac5f75af18fdb453497fbf7ac0606a09a6fd55b78b2d08aace6b946ad62038", "price_changes": [{"asset_id": "97449340182256366014320155718265676486703217567849039806162053075113517266910", "price": "0.009", "size": "133.06", "side": "BUY", "hash": "2480db6d94f82d53f0d4e246c101b3fcb53527e1", "best_bid": "0.065", "best_ask": "0.069"}, {"asset_id": "59259495934562596318644973716893809974860301509869285036503555129962149752635", "price": "0.991", "size": "133.06", "side": "SELL", "hash": "4f82c9533377438cef86e9297ad059767fbb51bf", "best_bid": "0.931", "best_ask": "0.935"}], "timestamp": "1769384187616", "event_type": "price_change"}}
{"_local_timestamp": "2026-01-25T23:36:27.692449+00:00", "data": {"market": "0x22ac5f75af18fdb453497fbf7ac0606a09a6fd55b78b2d08aace6b946ad62038", "price_changes": [{"asset_id": "97449340182256366014320155718265676486703217567849039806162053075113517266910", "price": "0.013", "size": "0", "side": "BUY", "hash": "2480db6d94f82d53f0d4e246c101b3fcb53527e1", "best_bid": "0.065", "best_ask": "0.069"}, {"asset_id": "59259495934562596318644973716893809974860301509869285036503555129962149752635", "price": "0.987", "size": "0", "side": "SELL", "hash": "4f82c9533377438cef86e9297ad059767fbb51bf", "best_bid": "0.931", "best_ask": "0.935"}], "timestamp": "1769384187616", "event_type": "price_change"}}
{"_local_timestamp": "2026-01-25T23:36:27.694357+00:00", "data": {"market": "0x22ac5f75af18fdb453497fbf7ac0606a09a6fd55b78b2d08aace6b946ad62038", "price_changes": [{"asset_id": "59259495934562596318644973716893809974860301509869285036503555129962149752635", "price": "0.785", "size": "0", "side": "BUY", "hash": "127c89eca729fd68fb8642fb8d41aa36868ea092", "best_bid": "0.931", "best_ask": "0.935"}, {"asset_id": "97449340182256366014320155718265676486703217567849039806162053075113517266910", "price": "0.215", "size": "0", "side": "SELL", "hash": "9cacff1cabc0d311238ea22a57a8f9de116ba4da", "best_bid": "0.065", "best_ask": "0.069"}], "timestamp": "1769384187616", "event_type": "price_change"}}
{"_local_timestamp": "2026-01-25T23:36:27.933326+00:00", "data": {"market": "0x22ac5f75af18fdb453497fbf7ac0606a09a6fd55b78b2d08aace6b946ad62038", "price_changes": [{"asset_id": "59259495934562596318644973716893809974860301509869285036503555129962149752635", "price": "0.988", "size": "198.88", "side": "SELL", "hash": "2bd802e62eea07204f189953fee2fc6695ca038c", "best_bid": "0.931", "best_ask": "0.935"}, {"asset_id": "97449340182256366014320155718265676486703217567849039806162053075113517266910", "price": "0.012", "size": "198.88", "side": "BUY", "hash": "4ca6cb2bd91e95597b98e915df8f37acf2965a1f", "best_bid": "0.065", "best_ask": "0.069"}], "timestamp": "1769384187861", "event_type": "price_change"}}
{"_local_timestamp": "2026-01-25T23:36:28.044299+00:00", "data": {"market": "0x22ac5f75af18fdb453497fbf7ac0606a09a6fd55b78b2d08aace6b946ad62038", "price_changes": [{"asset_id": "97449340182256366014320155718265676486703217567849039806162053075113517266910", "price": "0.004", "size": "27.86", "side": "BUY", "hash": "1c6f5ae60135455e428fc04ef50b4e34626d43d3", "best_bid": "0.065", "best_ask": "0.069"}, {"asset_id": "59259495934562596318644973716893809974860301509869285036503555129962149752635", "price": "0.996", "size": "27.86", "side": "SELL", "hash": "57825af7b0a211960ee4bcd00fcbcc0fc94f16fe", "best_bid": "0.931", "best_ask": "0.935"}], "timestamp": "1769384187978", "event_type": "price_change"}}
{"_local_timestamp": "2026-01-25T23:36:28.045060+00:00", "data": {"market": "0x22ac5f75af18fdb453497fbf7ac0606a09a6fd55b78b2d08aace6b946ad62038", "price_changes": [{"asset_id": "59259495934562596318644973716893809974860301509869285036503555129962149752635", "price": "0.785", "size": "5", "side": "BUY", "hash": "56f7e5af9865949bb454021826c72ebd5e763365", "best_bid": "0.931", "best_ask": "0.935"}, {"asset_id": "97449340182256366014320155718265676486703217567849039806162053075113517266910", "price": "0.215", "size": "5", "side": "SELL", "hash": "0499e0afc894dc4b426d312781d8a1b56db5729a", "best_bid": "0.065", "best_ask": "0.069"}], "timestamp": "1769384187979", "event_type": "price_change"}}
{"_local_timestamp": "2026-01-25T23:36:28.050715+00:00", "data": {"market": "0x22ac5f75af18fdb453497fbf7ac0606a09a6fd55b78b2d08aace6b946ad62038", "price_changes": [{"asset_id": "97449340182256366014320155718265676486703217567849039806162053075113517266910", "price": "0.011", "size": "18.95", "side": "BUY", "hash": "936555d9e5e7b130873d318e883239ae3ec2df9e", "best_bid": "0.065", "best_ask": "0.069"}, {"asset_id": "59259495934562596318644973716893809974860301509869285036503555129962149752635", "price": "0.989", "size": "18.95", "side": "SELL", "hash": "2d25bebc4f52316155c2d75321a1def6e57f6f02", "best_bid": "0.931", "best_ask": "0.935"}], "timestamp": "1769384187980", "event_type": "price_change"}}
{"_local_timestamp": "2026-01-25T23:36:29.186345+00:00", "data": {"market": "0x22ac5f75af18fdb453497fbf7ac0606a09a6fd55b78b2d08aace6b946ad62038", "price_changes": [{"asset_id": "97449340182256366014320155718265676486703217567849039806162053075113517266910", "price": "0.004", "size": "19.9", "side": "BUY", "hash": "55535c420b1c22ecda0ca8face4b8fa49cbc5adf", "best_bid": "0.065", "best_ask": "0.069"}, {"asset_id": "59259495934562596318644973716893809974860301509869285036503555129962149752635", "price": "0.996", "size": "19.9", "side": "SELL", "hash": "35750dfdc7b9f1dc00ca0f4e3a9c64ccfd9cd845", "best_bid": "0.931", "best_ask": "0.935"}], "timestamp": "1769384189107", "event_type": "price_change"}}
{"_local_timestamp": "2026-01-25T23:36:29.187059+00:00", "data": {"market": "0x22ac5f75af18fdb453497fbf7ac0606a09a6fd55b78b2d08aace6b946ad62038", "price_changes": [{"asset_id": "97449340182256366014320155718265676486703217567849039806162053075113517266910", "price": "0.011", "size": "0", "side": "BUY", "hash": "55535c420b1c22ecda0ca8face4b8fa49cbc5adf", "best_bid": "0.065", "best_ask": "0.069"}, {"asset_id": "59259495934562596318644973716893809974860301509869285036503555129962149752635", "price": "0.989", "size": "0", "side": "SELL", "hash": "35750dfdc7b9f1dc00ca0f4e3a9c64ccfd9cd845", "best_bid": "0.931", "best_ask": "0.935"}], "timestamp": "1769384189107", "event_type": "price_change"}}
{"_local_timestamp": "2026-01-25T23:36:29.473515+00:00", "data": {"market": "0x22ac5f75af18fdb453497fbf7ac0606a09a6fd55b78b2d08aace6b946ad62038", "price_changes": [{"asset_id": "97449340182256366014320155718265676486703217567849039806162053075113517266910", "price": "0.013", "size": "13.72", "side": "BUY", "hash": "980b6375aa140e3e18fa427afc092d7b623124d3", "best_bid": "0.065", "best_ask": "0.069"}, {"asset_id": "59259495934562596318644973716893809974860301509869285036503555129962149752635", "price": "0.987", "size": "13.72", "side": "SELL", "hash": "2cdc3f883bf5af299415bb9754f7869a3060607e", "best_bid": "0.931", "best_ask": "0.935"}], "timestamp": "1769384189404", "event_type": "price_change"}}
{"_local_timestamp": "2026-01-25T23:36:29.474239+00:00", "data": {"market": "0x22ac5f75af18fdb453497fbf7ac0606a09a6fd55b78b2d08aace6b946ad62038", "price_changes": [{"asset_id": "97449340182256366014320155718265676486703217567849039806162053075113517266910", "price": "0.009", "size": "139.94", "side": "BUY", "hash": "ec83daabbe167605cc8f7c751227db4873aab0f2", "best_bid": "0.065", "best_ask": "0.069"}, {"asset_id": "59259495934562596318644973716893809974860301509869285036503555129962149752635", "price": "0.991", "size": "139.94", "side": "SELL", "hash": "0d395a34de95b0a7f150d2578acf8543dee8361f", "best_bid": "0.931", "best_ask": "0.935"}], "timestamp": "1769384189405", "event_type": "price_change"}}
{"_local_timestamp": "2026-01-25T23:36:30.908230+00:00", "data": {"market": "0x22ac5f75af18fdb453497fbf7ac0606a09a6fd55b78b2d08aace6b946ad62038", "price_changes": [{"asset_id": "59259495934562596318644973716893809974860301509869285036503555129962149752635", "price": "0.988", "size": "0", "side": "SELL", "hash": "987372073f45a32e2acac3b90fcb677d7f136072", "best_bid": "0.931", "best_ask": "0.935"}, {"asset_id": "97449340182256366014320155718265676486703217567849039806162053075113517266910", "price": "0.012", "size": "0", "side": "BUY", "hash": "2ee141c7d98d3edbd99163d7d748aa70a768d807", "best_bid": "0.065", "best_ask": "0.069"}], "timestamp": "1769384190838", "event_type": "price_change"}}
{"_local_timestamp": "2026-01-25T23:36:32.847122+00:00", "data": {"market": "0x22ac5f75af18fdb453497fbf7ac0606a09a6fd55b78b2d08aace6b946ad62038", "price_changes": [{"asset_id": "97449340182256366014320155718265676486703217567849039806162053075113517266910", "price": "0.009", "size": "133.06", "side": "BUY", "hash": "6d6f4738df7baab186e278166b1c8ef196d2ac29", "best_bid": "0.065", "best_ask": "0.069"}, {"asset_id": "59259495934562596318644973716893809974860301509869285036503555129962149752635", "price": "0.991", "size": "133.06", "side": "SELL", "hash": "a25f5f740626c9ca78939bcf39b2ba1ab6fd6e16", "best_bid": "0.931", "best_ask": "0.935"}], "timestamp": "1769384192766", "event_type": "price_change"}}
{"_local_timestamp": "2026-01-25T23:36:32.847830+00:00", "data": {"market": "0x22ac5f75af18fdb453497fbf7ac0606a09a6fd55b78b2d08aace6b946ad62038", "price_changes": [{"asset_id": "97449340182256366014320155718265676486703217567849039806162053075113517266910", "price": "0.013", "size": "0", "side": "BUY", "hash": "6d6f4738df7baab186e278166b1c8ef196d2ac29", "best_bid": "0.065", "best_ask": "0.069"}, {"asset_id": "59259495934562596318644973716893809974860301509869285036503555129962149752635", "price": "0.987", "size": "0", "side": "SELL", "hash": "a25f5f740626c9ca78939bcf39b2ba1ab6fd6e16", "best_bid": "0.931", "best_ask": "0.935"}], "timestamp": "1769384192766", "event_type": "price_change"}}
{"_local_timestamp": "2026-01-25T23:36:33.170051+00:00", "data": {"market": "0x22ac5f75af18fdb453497fbf7ac0606a09a6fd55b78b2d08aace6b946ad62038", "price_changes": [{"asset_id": "97449340182256366014320155718265676486703217567849039806162053075113517266910", "price": "0.011", "size": "18.95", "side": "BUY", "hash": "9ce0bdc9c5584ef19f648345cfff30b1e08fa794", "best_bid": "0.065", "best_ask": "0.069"}, {"asset_id": "59259495934562596318644973716893809974860301509869285036503555129962149752635", "price": "0.989", "size": "18.95", "side": "SELL", "hash": "fe5dbef01ba212f2abf7b44b90ccb3494ce1d692", "best_bid": "0.931", "best_ask": "0.935"}], "timestamp": "1769384193102", "event_type": "price_change"}}
