{"_local_timestamp": "2026-01-25T23:33:17.691738+00:00", "data": [{"market": "0x0dc45815251ab7d5c3cbde5d7eee5bc96eac3d924c0a4c4f10175049e068fe20", "asset_id": "703229116919803457142440034780425874346022451261358752931225117413237404457", "timestamp": "1769383992548", "hash": "33b1cce117454a3144de302ee64652ba93044a70", "bids": [{"price": "0.01", "size": "30000"}, {"price": "0.02", "size": "5394.02"}, {"price": "0.03", "size": "2030.31"}, {"price": "0.04", "size": "2155"}, {"price": "0.05", "size": "1396.17"}, {"price": "0.06", "size": "1211.86"}, {"price": "0.07", "size": "72"}], "asks": [{"price": "0.99", "size": "6333.71"}, {"price": "0.98", "size": "1656"}, {"price": "0.97", "size": "250"}, {"price": "0.96", "size": "70.82"}, {"price": "0.95", "size": "30"}, {"price": "0.94", "size": "33"}, {"price": "0.92", "size": "16"}, {"price": "0.91", "size": "600"}, {"price": "0.9", "size": "6.3"}, {"price": "0.86", "size": "242.85"}, {"price": "0.85", "size": "550"}, {"price": "0.81", "size": "168.42"}, {"price": "0.8", "size": "400"}, {"price": "0.78", "size": "726"}, {"price": "0.77", "size": "2247.73"}, {"price": "0.72", "size": "92.85"}, {"price": "0.7", "size": "350"}, {"price": "0.67", "size": "72.72"}, {"price": "0.66", "size": "50"}, {"price": "0.62", "size": "52.63"}, {"price": "0.58", "size": "3892"}, {"price": "0.57", "size": "1459"}, {"price": "0.22", "size": "300"}, {"price": "0.18", "size": "940.3"}, {"price": "0.17", "size": "110"}, {"price": "0.16", "size": "50"}, {"price": "0.15", "size": "229.16"}, {"price": "0.13", "size": "30"}, {"price": "0.12", "size": "33"}, {"price": "0.11", "size": "86"}, {"price": "0.1", "size": "2491"}, {"price": "0.09", "size": "541.13"}], "event_type": "book", "last_trade_price": "0.070"}, {"market": "0x0dc45815251ab7d5c3cbde5d7eee5bc96eac3d924c0a4c4f10175049e068fe20", "asset_id": "71144742975537017512904527392353107518472601816123355990566837993879064231255", "timestamp": "1769383992548", "hash": "3ccc88b25e3a3399421792e26c81cde957249e60", "bids": [{"price": "0.01", "size": "6333.71"}, {"price": "0.02", "size": "1656"}, {"price": "0.03", "size": "250"}, {"price": "0.04", "size": "70.82"}, {"price": "0.05", "size": "30"}, {"price": "0.06", "size": "33"}, {"price": "0.08", "size": "16"}, {"price": "0.09", "size": "600"}, {"price": "0.1", "size": "6.3"}, {"price": "0.14", "size": "242.85"}, {"price": "0.15", "size": "550"}, {"price": "0.19", "size": "168.42"}, {"price": "0.2", "size": "400"}, {"price": "0.22", "size": "726"}, {"price": "0.23", "size": "2247.73"}, {"price": "0.28", "size": "92.85"}, {"price": "0.3", "size": "350"}, {"price": "0.33", "size": "72.72"}, {"price": "0.34", "size": "50"}, {"price": "0.38", "size": "52.63"}, {"price": "0.42", "size": "3892"}, {"price": "0.43", "size": "1459"}, {"price": "0.78", "size": "300"}, {"price": "0.82", "size": "940.3"}, {"price": "0.83", "size": "110"}, {"price": "0.84", "size": "50"}, {"price": "0.85", "size": "229.16"}, {"price": "0.87", "size": "30"}, {"price": "0.88", "size": "33"}, {"price": "0.89", "size": "86"}, {"price": "0.9", "size": "2491"}, {"price": "0.91", "size": "541.13"}], "asks": [{"price": "0.99", "size": "30000"}, {"price": "0.98", "size": "5394.02"}, {"price": "0.97", "size": "2030.31"}, {"price": "0.96", "size": "2155"}, {"price": "0.95", "size": "1396.17"}, {"price": "0.94", "size": "1211.86"}, {"price": "0.93", "size": "72"}], "event_type": "book", "last_trade_price": "0.070"}]}
{"_local_timestamp": "2026-01-25T23:34:50.126052+00:00", "data": {"market": "0x0dc45815251ab7d5c3cbde5d7eee5bc96eac3d924c0a4c4f10175049e068fe20", "price_changes": [{"asset_id": "703229116919803457142440034780425874346022451261358752931225117413237404457", "price": "0.1", "size": "2441", "side": "SELL", "hash": "4d325ad4c36bfeb13651f3e63e4156033c9b752e", "best_bid": "0.07", "best_ask": "0.09"}, {"asset_id": "71144742975537017512904527392353107518472601816123355990566837993879064231255", "price": "0.9", "size": "2441", "side": "BUY", "hash": "35a0d252448425fee6c1e50e8ce87f2b3f6ab800", "best_bid": "0.91", "best_ask": "0.93"}], "timestamp": "1769384090000", "event_type": "price_change"}}
{"_local_timestamp": "2026-01-25T23:34:50.127190+00:00", "data": {"market": "0x0dc45815251ab7d5c3cbde5d7eee5bc96eac3d924c0a4c4f10175049e068fe20", "price_changes": [{"asset_id": "703229116919803457142440034780425874346022451261358752931225117413237404457", "price": "0.06", "size": "1161.86", "side": "BUY", "hash": "d91df874ec3cc52620da8e9a9b468cc1f00d78b6", "best_bid": "0.07", "best_ask": "0.09"}, {"asset_id": "71144742975537017512904527392353107518472601816123355990566837993879064231255", "price": "0.94", "size": "1161.86", "side": "SELL", "hash": "e973a9e0ffe071b4b9f0cb6c3f3ba8edf269bc0d", "best_bid": "0.91", "best_ask": "0.93"}], "timestamp": "1769384090001", "event_type": "price_change"}}
{"_local_timestamp": "2026-01-25T23:34:57.841463+00:00", "data": {"market": "0x0dc45815251ab7d5c3cbde5d7eee5bc96eac3d924c0a4c4f10175049e068fe20", "price_changes": [{"asset_id": "703229116919803457142440034780425874346022451261358752931225117413237404457", "price": "0.06", "size": "1211.86", "side": "BUY", "hash": "763ed9a1c5e30d2fff54215ee4e88590bd14c897", "best_bid": "0.07", "best_ask": "0.09"}, {"asset_id": "71144742975537017512904527392353107518472601816123355990566837993879064231255", "price": "0.94", "size": "1211.86", "side": "SELL", "hash": "652b3013322e87b7b92fd0321e7816ff01a2bd6a", "best_bid": "0.91", "best_ask": "0.93"}], "timestamp": "1769384097774", "event_type": "price_change"}}
{"_local_timestamp": "2026-01-25T23:34:57.841943+00:00", "data": {"market": "0x0dc45815251ab7d5c3cbde5d7eee5bc96eac3d924c0a4c4f10175049e068fe20", "price_changes": [{"asset_id": "703229116919803457142440034780425874346022451261358752931225117413237404457", "price": "0.1", "size": "2491", "side": "SELL", "hash": "7a8ecc908f9e18f80f41c7d3c170a3ccbc7a4065", "best_bid": "0.07", "best_ask": "0.09"}, {"asset_id": "71144742975537017512904527392353107518472601816123355990566837993879064231255", "price": "0.9", "size": "2491", "side": "BUY", "hash": "4b441e518bff009f2c352106b2a7779bc345b16d", "best_bid": "0.91", "best_ask": "0.93"}], "timestamp": "1769384097775", "event_type": "price_change"}}
{"_local_timestamp": "2026-01-25T23:34:58.937990+00:00", "data": {"market": "0x0dc45815251ab7d5c3cbde5d7eee5bc96eac3d924c0a4c4f10175049e068fe20", "price_changes": [{"asset_id": "71144742975537017512904527392353107518472601816123355990566837993879064231255", "price": "0.9", "size": "2541", "side": "BUY", "hash": "7ff2ee1795e35e4fc7131507e37bac167179264e", "best_bid": "0.91", "best_ask": "0.93"}, {"asset_id": "703229116919803457142440034780425874346022451261358752931225117413237404457", "price": "0.1", "size": "2541", "side": "SELL", "hash": "2abba152f1312d43c230408498d0bc5e5ec8e9fa", "best_bid": "0.07", "best_ask": "0.09"}], "timestamp": "1769384098871", "event_type": "price_change"}}
{"_local_timestamp": "2026-01-25T23:35:25.675292+00:00", "data": {"market": "0x0dc45815251ab7d5c3cbde5d7eee5bc96eac3d924c0a4c4f10175049e068fe20", "price_changes": [{"asset_id": "703229116919803457142440034780425874346022451261358752931225117413237404457", "price": "0.03", "size": "2016.66", "side": "BUY", "hash": "9a6855d1ecb2f2a346972a0b5515716a349076ef", "best_bid": "0.07", "best_ask": "0.09"}, {"asset_id": "71144742975537017512904527392353107518472601816123355990566837993879064231255", "price": "0.97", "size": "2016.66", "side": "SELL", "hash": "c5c0d78383deb86943a4e6b7dfeb38c21be7d1f7", "best_bid": "0.91", "best_ask": "0.93"}], "timestamp": "1769384125599", "event_type": "price_change"}}
{"_local_timestamp": "2026-01-25T23:35:28.819175+00:00", "data": {"market": "0x0dc45815251ab7d5c3cbde5d7eee5bc96eac3d924c0a4c4f10175049e068fe20", "price_changes": [{"asset_id": "703229116919803457142440034780425874346022451261358752931225117413237404457", "price": "0.03", "size": "2030.31", "side": "BUY", "hash": "e002efb556e19ff3a3ac9b40626874a3244859c5", "best_bid": "0.07", "best_ask": "0.09"}, {"asset_id": "71144742975537017512904527392353107518472601816123355990566837993879064231255", "price": "0.97", "size": "2030.31", "side": "SELL", "hash": "9870ffc5496bcdb3bc962f99797a642bcb9b1240", "best_bid": "0.91", "best_ask": "0.93"}], "timestamp": "1769384128756", "event_type": "price_change"}}
{"_local_timestamp": "2026-01-25T23:35:35.368225+00:00", "data": {"market": "0x0dc45815251ab7d5c3cbde5d7eee5bc96eac3d924c0a4c4f10175049e068fe20", "price_changes": [{"asset_id": "71144742975537017512904527392353107518472601816123355990566837993879064231255", "price": "0.9", "size": "2491", "side": "BUY", "hash": "a7f7677151617fd9496a338369e7ae9ec4f7a11b", "best_bid": "0.91", "best_ask": "0.93"}, {"asset_id": "703229116919803457142440034780425874346022451261358752931225117413237404457", "price": "0.1", "size": "2491", "side": "SELL", "hash": "61d2bdfd47eebd82970441739c8e356efaeda47f", "best_bid": "0.07", "best_ask": "0.09"}], "timestamp": "1769384135295", "event_type": "price_change"}}
{"_local_timestamp": "2026-01-25T23:36:07.080494+00:00", "data": {"market": "0x0dc45815251ab7d5c3cbde5d7eee5bc96eac3d924c0a4c4f10175049e068fe20", "price_changes": [{"asset_id": "703229116919803457142440034780425874346022451261358752931225117413237404457", "price": "0.02", "size": "2994.02", "side": "BUY", "hash": "f6f87ecb3b88ea6f98687742b3f55269934c1c34", "best_bid": "0.07", "best_ask": "0.09"}, {"asset_id": "71144742975537017512904527392353107518472601816123355990566837993879064231255", "price": "0.98", "size": "2994.02", "side": "SELL", "hash": "c1e7d5119d0bf80eadafc17c77c42dfea11cd74b", "best_bid": "0.91", "best_ask": "0.93"}], "timestamp": "1769384167000", "event_type": "price_change"}}
{"_local_timestamp": "2026-01-25T23:36:07.081557+00:00", "data": {"market": "0x0dc45815251ab7d5c3cbde5d7eee5bc96eac3d924c0a4c4f10175049e068fe20", "price_changes": [{"asset_id": "703229116919803457142440034780425874346022451261358752931225117413237404457", "price": "0.04", "size": "1530", "side": "BUY", "hash": "8549131286bb99c01d9ffa6050b473dd1719e19f", "best_bid": "0.07", "best_ask": "0.09"}, {"asset_id": "71144742975537017512904527392353107518472601816123355990566837993879064231255", "price": "0.96", "size": "1530", "side": "SELL", "hash": "013fd52bc74d22ed0bfa7e4dde1d17f19116a406", "best_bid": "0.91", "best_ask": "0.93"}], "timestamp": "1769384167001", "event_type": "price_change"}}
{"_local_timestamp": "2026-01-25T23:36:07.081898+00:00", "data": {"market": "0x0dc45815251ab7d5c3cbde5d7eee5bc96eac3d924c0a4c4f10175049e068fe20", "price_changes": [{"asset_id": "703229116919803457142440034780425874346022451261358752931225117413237404457", "price": "0.05", "size": "1276.17", "side": "BUY", "hash": "ebc38ee2ca2a0717216e5584dfe579eb23df764f", "best_bid": "0.07", "best_ask": "0.09"}, {"asset_id": "71144742975537017512904527392353107518472601816123355990566837993879064231255", "price": "0.95", "size": "1276.17", "side": "SELL", "hash": "516cc8f59d549ba460e454f1ad5159ea321643e0", "best_bid": "0.91", "best_ask": "0.93"}], "timestamp": "1769384167003", "event_type": "price_change"}}
{"_local_timestamp": "2026-01-25T23:36:20.171771+00:00", "data": {"market": "0x0dc45815251ab7d5c3cbde5d7eee5bc96eac3d924c0a4c4f10175049e068fe20", "price_changes": [{"asset_id": "703229116919803457142440034780425874346022451261358752931225117413237404457", "price": "0.02", "size": "5394.02", "side": "BUY", "hash": "13825d9572adb48307cfea4d015ebbf2ea673f92", "best_bid": "0.07", "best_ask": "0.09"}, {"asset_id": "71144742975537017512904527392353107518472601816123355990566837993879064231255", "price": "0.98", "size": "5394.02", "side": "SELL", "hash": "167822ee1442b0bfa48757ee3ac633315b29d0a0", "best_bid": "0.91", "best_ask": "0.93"}], "timestamp": "1769384180107", "event_type": "price_change"}}
{"_local_timestamp": "2026-01-25T23:36:20.172230+00:00", "data": {"market": "0x0dc45815251ab7d5c3cbde5d7eee5bc96eac3d924c0a4c4f10175049e068fe20", "price_changes": [{"asset_id": "703229116919803457142440034780425874346022451261358752931225117413237404457", "price": "0.05", "size": "1396.17", "side": "BUY", "hash": "e75dbac7484682d943595086ae2dd82c1976305e", "best_bid": "0.07", "best_ask": "0.09"}, {"asset_id": "71144742975537017512904527392353107518472601816123355990566837993879064231255", "price": "0.95", "size": "1396.17", "side": "SELL", "hash": "27a8cd1d0872c654a6bbb0aae1386cc442f2f67f", "best_bid": "0.91", "best_ask": "0.93"}], "timestamp": "1769384180108", "event_type": "price_change"}}
{"_local_timestamp": "2026-01-25T23:36:20.178008+00:00", "data": {"market": "0x0dc45815251ab7d5c3cbde5d7eee5bc96eac3d924c0a4c4f10175049e068fe20", "price_changes": [{"asset_id": "703229116919803457142440034780425874346022451261358752931225117413237404457", "price": "0.04", "size": "2155", "side": "BUY", "hash": "29e9b6d735deaa0d85562504fc50a501e0d1824e", "best_bid": "0.07", "best_ask": "0.09"}, {"asset_id": "71144742975537017512904527392353107518472601816123355990566837993879064231255", "price": "0.96", "size": "2155", "side": "SELL", "hash": "c306722eb4e00cc6b91fc367786c2d9ac3d4cb2e", "best_bid": "0.91", "best_ask": "0.93"}], "timestamp": "1769384180108", "event_type": "price_change"}}
{"_local_timestamp": "2026-01-25T23:37:24.976574+00:00", "data": {"market": "0x0dc45815251ab7d5c3cbde5d7eee5bc96eac3d924c0a4c4f10175049e068fe20", "price_changes": [{"asset_id": "71144742975537017512904527392353107518472601816123355990566837993879064231255", "price": "0.9", "size": "2541", "side": "BUY", "hash": "af8fdf95af497372b3acdae2b289dc08cba1c9fe", "best_bid": "0.91", "best_ask": "0.93"}, {"asset_id": "703229116919803457142440034780425874346022451261358752931225117413237404457", "price": "0.1", "size": "2541", "side": "SELL", "hash": "4fb2e18ea8c0203b274354585003374bc6d2b272", "best_bid": "0.07", "best_ask": "0.09"}], "timestamp": "1769384244912", "event_type": "price_change"}}
{"_local_timestamp": "2026-01-25T23:38:03.206889+00:00", "data": {"market": "0x0dc45815251ab7d5c3cbde5d7eee5bc96eac3d924c0a4c4f10175049e068fe20", "price_changes": [{"asset_id": "71144742975537017512904527392353107518472601816123355990566837993879064231255", "price": "0.9", "size": "2491", "side": "BUY", "hash": "457351fe284a83dff11868a9c615d2d895dca33a", "best_bid": "0.91", "best_ask": "0.93"}, {"asset_id": "703229116919803457142440034780425874346022451261358752931225117413237404457", "price": "0.1", "size": "2491", "side": "SELL", "hash": "5bbb284966069debbae55769b0cf159c5094c43d", "best_bid": "0.07", "best_ask": "0.09"}], "timestamp": "1769384283129", "event_type": "price_change"}}
{"_local_timestamp": "2026-01-25T23:38:55.098082+00:00", "data": {"market": "0x0dc45815251ab7d5c3cbde5d7eee5bc96eac3d924c0a4c4f10175049e068fe20", "price_changes": [{"asset_id": "703229116919803457142440034780425874346022451261358752931225117413237404457", "price": "0.02", "size": "5344.02", "side": "BUY", "hash": "d458c3fa4595d454292b904f7c4ebb7958d07cda", "best_bid": "0.07", "best_ask": "0.09"}, {"asset_id": "71144742975537017512904527392353107518472601816123355990566837993879064231255", "price": "0.98", "size": "5344.02", "side": "SELL", "hash": "9ca2432d451be1c0b0670d3a2148938cfebb114d", "best_bid": "0.91", "best_ask": "0.93"}], "timestamp": "1769384335000", "event_type": "price_change"}}
{"_local_timestamp": "2026-01-25T23:38:55.098607+00:00", "data": {"market": "0x0dc45815251ab7d5c3cbde5d7eee5bc96eac3d924c0a4c4f10175049e068fe20", "price_changes": [{"asset_id": "703229116919803457142440034780425874346022451261358752931225117413237404457", "price": "0.05", "size": "1376.17", "side": "BUY", "hash": "991b81a306b4f8ad13cadc1b499f28304f139e54", "best_bid": "0.07", "best_ask": "0.09"}, {"asset_id": "71144742975537017512904527392353107518472601816123355990566837993879064231255", "price": "0.95", "size": "1376.17", "side": "SELL", "hash": "69c6d7eb58e66aedc01f52de3b564823e5708b17", "best_bid": "0.91", "best_ask": "0.93"}], "timestamp": "1769384335002", "event_type": "price_change"}}
{"_local_timestamp": "2026-01-25T23:39:00.191323+00:00", "data": {"market": "0x0dc45815251ab7d5c3cbde5d7eee5bc96eac3d924c0a4c4f10175049e068fe20", "price_changes": [{"asset_id": "703229116919803457142440034780425874346022451261358752931225117413237404457", "price": "0.02", "size": "5394.02", "side": "BUY", "hash": "c6db03371fde405e3205d3ff41f0b547a07a9fb0", "best_bid": "0.07", "best_ask": "0.09"}, {"asset_id": "71144742975537017512904527392353107518472601816123355990566837993879064231255", "price": "0.98", "size": "5394.02", "side": "SELL", "hash": "1cc17d8a5af4d3104d32f724ba555b008cb4ecb8", "best_bid": "0.91", "best_ask": "0.93"}], "timestamp": "1769384340123", "event_type": "price_change"}}
{"_local_timestamp": "2026-01-25T23:39:00.191802+00:00", "data": {"market": "0x0dc45815251ab7d5c3cbde5d7eee5bc96eac3d924c0a4c4f10175049e068fe20", "price_changes": [{"asset_id": "703229116919803457142440034780425874346022451261358752931225117413237404457", "price": "0.05", "size": "1396.17", "side": "BUY", "hash": "d6c3c9a19afa7945d670cd0194c3d744e0d71fc5", "best_bid": "0.07", "best_ask": "0.09"}, {"asset_id": "71144742975537017512904527392353107518472601816123355990566837993879064231255", "price": "0.95", "size": "1396.17", "side": "SELL", "hash": "1a2f48d0edc8e7f8e46f60d9f1cdbe994c61dc93", "best_bid": "0.91", "best_ask": "0.93"}], "timestamp": "1769384340124", "event_type": "price_change"}}
{"_local_timestamp": "2026-01-25T23:39:13.387495+00:00", "data": {"market": "0x0dc45815251ab7d5c3cbde5d7eee5bc96eac3d924c0a4c4f10175049e068fe20", "price_changes": [{"asset_id": "703229116919803457142440034780425874346022451261358752931225117413237404457", "price": "0.03", "size": "2016.66", "side": "BUY", "hash": "1a0f40dfda7e82da56be6f02a3c5e09cec125a2c", "best_bid": "0.07", "best_ask": "0.09"}, {"asset_id": "71144742975537017512904527392353107518472601816123355990566837993879064231255", "price": "0.97", "size": "2016.66", "side": "SELL", "hash": "856ec02960fa97e14cf4c1b089b6398518f55b8c", "best_bid": "0.91", "best_ask": "0.93"}], "timestamp": "1769384353320", "event_type": "price_change"}}
{"_local_timestamp": "2026-01-25T23:39:13.703194+00:00", "data": {"market": "0x0dc45815251ab7d5c3cbde5d7eee5bc96eac3d924c0a4c4f10175049e068fe20", "price_changes": [{"asset_id": "703229116919803457142440034780425874346022451261358752931225117413237404457", "price": "0.03", "size": "2030.31", "side": "BUY", "hash": "8c028fe4838e00d03fc965feafd0e423ac3b1c3b", "best_bid": "0.07", "best_ask": "0.09"}, {"asset_id": "71144742975537017512904527392353107518472601816123355990566837993879064231255", "price": "0.97", "size": "2030.31", "side": "SELL", "hash": "87df8d29a5cb4ad6baf174cd1b25a1ca6b7625f1", "best_bid": "0.91", "best_ask": "0.93"}], "timestamp": "1769384353631", "event_type": "price_change"}}
