{"_local_timestamp": "2026-01-25T23:33:17.684583+00:00", "data": [{"market": "0x251b46a4b02dd818bcaf26d5f84d3020d677428a66da715237c7bb764291b8bd", "asset_id": "38202935615001386435763226841642069882440353941240309708546571086444674387617", "timestamp": "1769383908475", "hash": "45b81aad3777d4575af4f2740c6fc5ab80ec9bee", "bids": [{"price": "0.001", "size": "2068.64"}, {"price": "0.002", "size": "1250"}, {"price": "0.003", "size": "89.96"}, {"price": "0.02", "size": "5000"}, {"price": "0.03", "size": "100"}, {"price": "0.031", "size": "400"}, {"price": "0.032", "size": "7.96"}, {"price": "0.06", "size": "50"}, {"price": "0.062", "size": "20"}, {"price": "0.063", "size": "7.25"}, {"price": "0.1", "size": "700"}, {"price": "0.101", "size": "41.99"}, {"price": "0.105", "size": "25"}, {"price": "0.106", "size": "44.99"}, {"price": "0.119", "size": "41.99"}, {"price": "0.137", "size": "102.23"}], "asks": [{"price": "0.999", "size": "4841.65"}, {"price": "0.998", "size": "1250"}, {"price": "0.997", "size": "1406.99"}, {"price": "0.994", "size": "200"}, {"price": "0.993", "size": "55.37"}, {"price": "0.95", "size": "30"}, {"price": "0.93", "size": "514.28"}, {"price": "0.9", "size": "340"}, {"price": "0.899", "size": "5.75"}, {"price": "0.87", "size": "246.15"}, {"price": "0.83", "size": "164.7"}, {"price": "0.8", "size": "130"}, {"price": "0.799", "size": "66.66"}, {"price": "0.77", "size": "104.34"}, {"price": "0.73", "size": "74.07"}, {"price": "0.729", "size": "37"}, {"price": "0.728", "size": "7"}, {"price": "0.7", "size": "10"}, {"price": "0.597", "size": "66.66"}, {"price": "0.4", "size": "82.98"}, {"price": "0.395", "size": "100"}, {"price": "0.394", "size": "129.36"}], "event_type": "book", "last_trade_price": "0.235"}, {"market": "0x251b46a4b02dd818bcaf26d5f84d3020d677428a66da715237c7bb764291b8bd", "asset_id": "92947222300298952436254594182328137313823749893206387135431446187162878213717", "timestamp": "1769383908475", "hash": "57a57e35cbcc4039f2e16ca3c18708f286e54406", "bids": [{"price": "0.001", "size": "4841.65"}, {"price": "0.002", "size": "1250"}, {"price": "0.003", "size": "1406.99"}, {"price": "0.006", "size": "200"}, {"price": "0.007", "size": "55.37"}, {"price": "0.05", "size": "30"}, {"price": "0.07", "size": "514.28"}, {"price": "0.1", "size": "340"}, {"price": "0.101", "size": "5.75"}, {"price": "0.13", "size": "246.15"}, {"price": "0.17", "size": "164.7"}, {"price": "0.2", "size": "130"}, {"price": "0.201", "size": "66.66"}, {"price": "0.23", "size": "104.34"}, {"price": "0.27", "size": "74.07"}, {"price": "0.271", "size": "37"}, {"price": "0.272", "size": "7"}, {"price": "0.3", "size": "10"}, {"price": "0.403", "size": "66.66"}, {"price": "0.6", "size": "82.98"}, {"price": "0.605", "size": "100"}, {"price": "0.606", "size": "129.36"}], "asks": [{"price": "0.999", "size": "2068.64"}, {"price": "0.998", "size": "1250"}, {"price": "0.997", "size": "89.96"}, {"price": "0.98", "size": "5000"}, {"price": "0.97", "size": "100"}, {"price": "0.969", "size": "400"}, {"price": "0.968", "size": "7.96"}, {"price": "0.94", "size": "50"}, {"price": "0.938", "size": "20"}, {"price": "0.937", "size": "7.25"}, {"price": "0.9", "size": "700"}, {"price": "0.899", "size": "41.99"}, {"price": "0.895", "size": "25"}, {"price": "0.894", "size": "44.99"}, {"price": "0.881", "size": "41.99"}, {"price": "0.863", "size": "102.23"}], "event_type": "book", "last_trade_price": "0.235"}]}
{"_local_timestamp": "2026-01-25T23:33:22.561529+00:00", "data": {"market": "0x251b46a4b02dd818bcaf26d5f84d3020d677428a66da715237c7bb764291b8bd", "price_changes": [{"asset_id": "38202935615001386435763226841642069882440353941240309708546571086444674387617", "price": "0.001", "size": "2058.01", "side": "BUY", "hash": "24124ff93a0d0af14063e67badae259e5f2e2888", "best_bid": "0.137", "best_ask": "0.394"}, {"asset_id": "92947222300298952436254594182328137313823749893206387135431446187162878213717", "price": "0.999", "size": "2058.01", "side": "SELL", "hash": "9f373c67cd01de92a7c2fa2acf527ca5f46bf8e9", "best_bid": "0.606", "best_ask": "0.863"}], "timestamp": "1769384002490", "event_type": "price_change"}}
{"_local_timestamp": "2026-01-25T23:33:22.876979+00:00", "data": {"market": "0x251b46a4b02dd818bcaf26d5f84d3020d677428a66da715237c7bb764291b8bd", "price_changes": [{"asset_id": "38202935615001386435763226841642069882440353941240309708546571086444674387617", "price": "0.001", "size": "2068.64", "side": "BUY", "hash": "75b79bed1f3b008d840d111f4746bba301a30975", "best_bid": "0.137", "best_ask": "0.394"}, {"asset_id": "92947222300298952436254594182328137313823749893206387135431446187162878213717", "price": "0.999", "size": "2068.64", "side": "SELL", "hash": "c29b45333192ff551712aa092608bf457e2a0570", "best_bid": "0.606", "best_ask": "0.863"}], "timestamp": "1769384002796", "event_type": "price_change"}}
{"_local_timestamp": "2026-01-25T23:33:51.018319+00:00", "data": {"market": "0x251b46a4b02dd818bcaf26d5f84d3020d677428a66da715237c7bb764291b8bd", "price_changes": [{"asset_id": "92947222300298952436254594182328137313823749893206387135431446187162878213717", "price": "0.606", "size": "66.66", "side": "BUY", "hash": "137a9420f38286b3b91717c2721322fe6499e967", "best_bid": "0.606", "best_ask": "0.863"}, {"asset_id": "38202935615001386435763226841642069882440353941240309708546571086444674387617", "price": "0.394", "size": "66.66", "side": "SELL", "hash": "8b992bc0711242451599935012cc3d89e64399be", "best_bid": "0.137", "best_ask": "0.394"}], "timestamp": "1769384030923", "event_type": "price_change"}}
{"_local_timestamp": "2026-01-25T23:34:26.699535+00:00", "data": {"market": "0x251b46a4b02dd818bcaf26d5f84d3020d677428a66da715237c7bb764291b8bd", "price_changes": [{"asset_id": "38202935615001386435763226841642069882440353941240309708546571086444674387617", "price": "0.001", "size": "2058.01", "side": "BUY", "hash": "cb356953e2fedfb82b504d10b0bfd9f1fc56a768", "best_bid": "0.137", "best_ask": "0.394"}, {"asset_id": "92947222300298952436254594182328137313823749893206387135431446187162878213717", "price": "0.999", "size": "2058.01", "side": "SELL", "hash": "7ef9cd4055c2b4f520d8fbdbc366e9a610b639f6", "best_bid": "0.606", "best_ask": "0.863"}], "timestamp": "1769384066590", "event_type": "price_change"}}
{"_local_timestamp": "2026-01-25T23:34:29.087128+00:00", "data": {"market": "0x251b46a4b02dd818bcaf26d5f84d3020d677428a66da715237c7bb764291b8bd", "price_changes": [{"asset_id": "38202935615001386435763226841642069882440353941240309708546571086444674387617", "price": "0.001", "size": "2068.64", "side": "BUY", "hash": "4b7f365284e7d6bf097d8530aafd5afba24f8c8d", "best_bid": "0.137", "best_ask": "0.394"}, {"asset_id": "92947222300298952436254594182328137313823749893206387135431446187162878213717", "price": "0.999", "size": "2068.64", "side": "SELL", "hash": "57f3b530fac83d8dd74a419a969c3bc79bd074b7", "best_bid": "0.606", "best_ask": "0.863"}], "timestamp": "1769384068791", "event_type": "price_change"}}
{"_local_timestamp": "2026-01-25T23:34:41.563290+00:00", "data": {"market": "0x251b46a4b02dd818bcaf26d5f84d3020d677428a66da715237c7bb764291b8bd", "price_changes": [{"asset_id": "92947222300298952436254594182328137313823749893206387135431446187162878213717", "price": "0.894", "size": "0", "side": "SELL", "hash": "c340f14aedee2ca8a233cfb3e395a0b3f1c8c542", "best_bid": "0.606", "best_ask": "0.863"}, {"asset_id": "38202935615001386435763226841642069882440353941240309708546571086444674387617", "price": "0.106", "size": "0", "side": "BUY", "hash": "0165467b4b8c8cf006e7014421626f69f9235c6f", "best_bid": "0.137", "best_ask": "0.394"}], "timestamp": "1769384081422", "event_type": "price_change"}}
{"_local_timestamp": "2026-01-25T23:35:08.894400+00:00", "data": {"market": "0x251b46a4b02dd818bcaf26d5f84d3020d677428a66da715237c7bb764291b8bd", "price_changes": [{"asset_id": "92947222300298952436254594182328137313823749893206387135431446187162878213717", "price": "0.894", "size": "44.99", "side": "SELL", "hash": "1c1a3d16477fe1691b700ff7814abd5ebb3078f4", "best_bid": "0.606", "best_ask": "0.863"}, {"asset_id": "38202935615001386435763226841642069882440353941240309708546571086444674387617", "price": "0.106", "size": "44.99", "side": "BUY", "hash": "796418b92fbba9cf96c409a8bcd161889f6f06a0", "best_bid": "0.137", "best_ask": "0.394"}], "timestamp": "1769384108698", "event_type": "price_change"}}
{"_local_timestamp": "2026-01-25T23:35:13.489216+00:00", "data": {"market": "0x251b46a4b02dd818bcaf26d5f84d3020d677428a66da715237c7bb764291b8bd", "price_changes": [{"asset_id": "92947222300298952436254594182328137313823749893206387135431446187162878213717", "price": "0.607", "size": "45", "side": "BUY", "hash": "021e985652dec095adf3e438fe0f8178b20e8cfa", "best_bid": "0.607", "best_ask": "0.863"}, {"asset_id": "38202935615001386435763226841642069882440353941240309708546571086444674387617", "price": "0.393", "size": "45", "side": "SELL", "hash": "e5e6ce1af309c782edd23be09557e4123d834f15", "best_bid": "0.137", "best_ask": "0.393"}], "timestamp": "1769384113230", "event_type": "price_change"}}
{"_local_timestamp": "2026-01-25T23:35:15.538801+00:00", "data": {"market": "0x251b46a4b02dd818bcaf26d5f84d3020d677428a66da715237c7bb764291b8bd", "price_changes": [{"asset_id": "92947222300298952436254594182328137313823749893206387135431446187162878213717", "price": "0.606", "size": "129.36", "side": "BUY", "hash": "eeb66e6b197bd5adb1c8e7f62e2f5a682c51acbc", "best_bid": "0.607", "best_ask": "0.863"}, {"asset_id": "38202935615001386435763226841642069882440353941240309708546571086444674387617", "price": "0.394", "size": "129.36", "side": "SELL", "hash": "ed18bb78bb69babc00ca281b35f0590420c3a286", "best_bid": "0.137", "best_ask": "0.393"}], "timestamp": "1769384115316", "event_type": "price_change"}}
{"_local_timestamp": "2026-01-25T23:36:48.516257+00:00", "data": {"market": "0x251b46a4b02dd818bcaf26d5f84d3020d677428a66da715237c7bb764291b8bd", "price_changes": [{"asset_id": "92947222300298952436254594182328137313823749893206387135431446187162878213717", "price": "0.606", "size": "62.7", "side": "BUY", "hash": "c3b35402e757acfe40ab9d6d6d3297acd4c22b52", "best_bid": "0.607", "best_ask": "0.863"}, {"asset_id": "38202935615001386435763226841642069882440353941240309708546571086444674387617", "price": "0.394", "size": "62.7", "side": "SELL", "hash": "b8b665f22cabf4e9eb25dd8c9ca843ca98711603", "best_bid": "0.137", "best_ask": "0.393"}], "timestamp": "1769384208447", "event_type": "price_change"}}
{"_local_timestamp": "2026-01-25T23:36:48.516957+00:00", "data": {"market": "0x251b46a4b02dd818bcaf26d5f84d3020d677428a66da715237c7bb764291b8bd", "price_changes": [{"asset_id": "92947222300298952436254594182328137313823749893206387135431446187162878213717", "price": "0.403", "size": "0", "side": "BUY", "hash": "c3b35402e757acfe40ab9d6d6d3297acd4c22b52", "best_bid": "0.607", "best_ask": "0.863"}, {"asset_id": "38202935615001386435763226841642069882440353941240309708546571086444674387617", "price": "0.597", "size": "0", "side": "SELL", "hash": "b8b665f22cabf4e9eb25dd8c9ca843ca98711603", "best_bid": "0.137", "best_ask": "0.393"}], "timestamp": "1769384208447", "event_type": "price_change"}}
{"_local_timestamp": "2026-01-25T23:36:48.517320+00:00", "data": {"market": "0x251b46a4b02dd818bcaf26d5f84d3020d677428a66da715237c7bb764291b8bd", "price_changes": [{"asset_id": "92947222300298952436254594182328137313823749893206387135431446187162878213717", "price": "0.201", "size": "0", "side": "BUY", "hash": "c3b35402e757acfe40ab9d6d6d3297acd4c22b52", "best_bid": "0.607", "best_ask": "0.863"}, {"asset_id": "38202935615001386435763226841642069882440353941240309708546571086444674387617", "price": "0.799", "size": "0", "side": "SELL", "hash": "b8b665f22cabf4e9eb25dd8c9ca843ca98711603", "best_bid": "0.137", "best_ask": "0.393"}], "timestamp": "1769384208447", "event_type": "price_change"}}
{"_local_timestamp": "2026-01-25T23:36:48.897659+00:00", "data": {"market": "0x251b46a4b02dd818bcaf26d5f84d3020d677428a66da715237c7bb764291b8bd", "price_changes": [{"asset_id": "92947222300298952436254594182328137313823749893206387135431446187162878213717", "price": "0.608", "size": "66.66", "side": "BUY", "hash": "1ca7fdc1701ecbe63ba5a8f1ac3a3d43a5b9b544", "best_bid": "0.608", "best_ask": "0.863"}, {"asset_id": "38202935615001386435763226841642069882440353941240309708546571086444674387617", "price": "0.392", "size": "66.66", "side": "SELL", "hash": "3d5c05a9d1876a990b99d12bd6a25e3b42eb554c", "best_bid": "0.137", "best_ask": "0.392"}], "timestamp": "1769384208815", "event_type": "price_change"}}
{"_local_timestamp": "2026-01-25T23:36:48.930061+00:00", "data": {"market": "0x251b46a4b02dd818bcaf26d5f84d3020d677428a66da715237c7bb764291b8bd", "price_changes": [{"asset_id": "92947222300298952436254594182328137313823749893206387135431446187162878213717", "price": "0.608", "size": "96.66", "side": "BUY", "hash": "837cf86a8e99f7b0ac44253294ce393ec17b6b3a", "best_bid": "0.608", "best_ask": "0.863"}, {"asset_id": "38202935615001386435763226841642069882440353941240309708546571086444674387617", "price": "0.392", "size": "96.66", "side": "SELL", "hash": "6cd283d8ca07b11387a6f8ff69f470ff0ea797ba", "best_bid": "0.137", "best_ask": "0.392"}], "timestamp": "1769384208864", "event_type": "price_change"}}
{"_local_timestamp": "2026-01-25T23:36:48.965683+00:00", "data": {"market": "0x251b46a4b02dd818bcaf26d5f84d3020d677428a66da715237c7bb764291b8bd", "price_changes": [{"asset_id": "92947222300298952436254594182328137313823749893206387135431446187162878213717", "price": "0.23", "size": "171", "side": "BUY", "hash": "03f301243050fbcd62b9b7b642e6c6e0c5032073", "best_bid": "0.608", "best_ask": "0.863"}, {"asset_id": "38202935615001386435763226841642069882440353941240309708546571086444674387617", "price": "0.77", "size": "171", "side": "SELL", "hash": "c6c5f7959a6e910410c8785851f29328a108a942", "best_bid": "0.137", "best_ask": "0.392"}], "timestamp": "1769384208890", "event_type": "price_change"}}
{"_local_timestamp": "2026-01-25T23:36:48.977692+00:00", "data": {"market": "0x251b46a4b02dd818bcaf26d5f84d3020d677428a66da715237c7bb764291b8bd", "price_changes": [{"asset_id": "92947222300298952436254594182328137313823749893206387135431446187162878213717", "price": "0.419", "size": "66.66", "side": "BUY", "hash": "44fa9ba0993dc0d50d3d586781827d3a11d982fa", "best_bid": "0.608", "best_ask": "0.863"}, {"asset_id": "38202935615001386435763226841642069882440353941240309708546571086444674387617", "price": "0.581", "size": "66.66", "side": "SELL", "hash": "67ea87072bac9a1c68a94d55bb069ccf8a2f9af1", "best_bid": "0.137", "best_ask": "0.392"}], "timestamp": "1769384208909", "event_type": "price_change"}}
{"_local_timestamp": "2026-01-25T23:37:03.557801+00:00", "data": {"market": "0x251b46a4b02dd818bcaf26d5f84d3020d677428a66da715237c7bb764291b8bd", "price_changes": [{"asset_id": "92947222300298952436254594182328137313823749893206387135431446187162878213717", "price": "0.606", "size": "0", "side": "BUY", "hash": "7616c38514ee304384dc4114b9b476fc97f133ca", "best_bid": "0.608", "best_ask": "0.863"}, {"asset_id": "38202935615001386435763226841642069882440353941240309708546571086444674387617", "price": "0.394", "size": "0", "side": "SELL", "hash": "24d4de3c0894b7cb1548d906f1bb5529a1506ced", "best_bid": "0.137", "best_ask": "0.392"}], "timestamp": "1769384223486", "event_type": "price_change"}}
{"_local_timestamp": "2026-01-25T23:37:04.294409+00:00", "data": {"market": "0x251b46a4b02dd818bcaf26d5f84d3020d677428a66da715237c7bb764291b8bd", "price_changes": [{"asset_id": "92947222300298952436254594182328137313823749893206387135431446187162878213717", "price": "0.608", "size": "66.66", "side": "BUY", "hash": "941b3c8dfe830e4a0b0947248e93e28f0682d5dc", "best_bid": "0.608", "best_ask": "0.863"}, {"asset_id": "38202935615001386435763226841642069882440353941240309708546571086444674387617", "price": "0.392", "size": "66.66", "side": "SELL", "hash": "3fd89243022409171f08981e865603b3862317b2", "best_bid": "0.137", "best_ask": "0.392"}], "timestamp": "1769384224223", "event_type": "price_change"}}
{"_local_timestamp": "2026-01-25T23:37:44.802366+00:00", "data": {"market": "0x251b46a4b02dd818bcaf26d5f84d3020d677428a66da715237c7bb764291b8bd", "price_changes": [{"asset_id": "38202935615001386435763226841642069882440353941240309708546571086444674387617", "price": "0.001", "size": "2058.01", "side": "BUY", "hash": "1d95b4942c755b819c7a3093a5eff87f213d5b67", "best_bid": "0.137", "best_ask": "0.392"}, {"asset_id": "92947222300298952436254594182328137313823749893206387135431446187162878213717", "price": "0.999", "size": "2058.01", "side": "SELL", "hash": "de0418f17b8018af11ece5a2fe1bba9637833ff7", "best_bid": "0.608", "best_ask": "0.863"}], "timestamp": "1769384264722", "event_type": "price_change"}}
{"_local_timestamp": "2026-01-25T23:37:45.049669+00:00", "data": {"market": "0x251b46a4b02dd818bcaf26d5f84d3020d677428a66da715237c7bb764291b8bd", "price_changes": [{"asset_id": "38202935615001386435763226841642069882440353941240309708546571086444674387617", "price": "0.001", "size": "2068.64", "side": "BUY", "hash": "e801d630f0cbae11e72321b8d10ceadb8dc23b4a", "best_bid": "0.137", "best_ask": "0.392"}, {"asset_id": "92947222300298952436254594182328137313823749893206387135431446187162878213717", "price": "0.999", "size": "2068.64", "side": "SELL", "hash": "1e4300d168ad72547734771d282edfebd621c779", "best_bid": "0.608", "best_ask": "0.863"}], "timestamp": "1769384264981", "event_type": "price_change"}}
{"_local_timestamp": "2026-01-25T23:38:34.065247+00:00", "data": {"market": "0x251b46a4b02dd818bcaf26d5f84d3020d677428a66da715237c7bb764291b8bd", "price_changes": [{"asset_id": "92947222300298952436254594182328137313823749893206387135431446187162878213717", "price": "0.608", "size": "129.16", "side": "BUY", "hash": "1e9839d2b5756e0d34049899854712444271d728", "best_bid": "0.608", "best_ask": "0.863"}, {"asset_id": "38202935615001386435763226841642069882440353941240309708546571086444674387617", "price": "0.392", "size": "129.16", "side": "SELL", "hash": "a9cdae2d43093976134243cbfb54dff4d4392e24", "best_bid": "0.137", "best_ask": "0.392"}], "timestamp": "1769384313994", "event_type": "price_change"}}
{"_local_timestamp": "2026-01-25T23:39:45.888422+00:00", "data": {"market": "0x251b46a4b02dd818bcaf26d5f84d3020d677428a66da715237c7bb764291b8bd", "price_changes": [{"asset_id": "92947222300298952436254594182328137313823749893206387135431446187162878213717", "price": "0.894", "size": "0", "side": "SELL", "hash": "56202ff002b6200d89cbcbb5183022c7776d52f3", "best_bid": "0.608", "best_ask": "0.863"}, {"asset_id": "38202935615001386435763226841642069882440353941240309708546571086444674387617", "price": "0.106", "size": "0", "side": "BUY", "hash": "9d5a66b7b55a91f3ae4026ca75c260f3cdbb308d", "best_bid": "0.137", "best_ask": "0.392"}], "timestamp": "1769384385728", "event_type": "price_change"}}
{"_local_timestamp": "2026-01-25T23:39:45.889348+00:00", "data": {"market": "0x251b46a4b02dd818bcaf26d5f84d3020d677428a66da715237c7bb764291b8bd", "price_changes": [{"asset_id": "92947222300298952436254594182328137313823749893206387135431446187162878213717", "price": "0.607", "size": "0", "side": "BUY", "hash": "56202ff002b6200d89cbcbb5183022c7776d52f3", "best_bid": "0.608", "best_ask": "0.863"}, {"asset_id": "38202935615001386435763226841642069882440353941240309708546571086444674387617", "price": "0.393", "size": "0", "side": "SELL", "hash": "9d5a66b7b55a91f3ae4026ca75c260f3cdbb308d", "best_bid": "0.137", "best_ask": "0.392"}], "timestamp": "1769384385728", "event_type": "price_change"}}
