{"_local_timestamp": "2026-01-25T23:33:18.917164+00:00", "data": [{"market": "0x087469b4129c64c688397028059dfd366796adbd426e0079ee4cfdd2e4a07b61", "asset_id": "45822599979868501396582860994506290061594012396386219725082308923565779306211", "timestamp": "1769383987043", "hash": "6692b33c81653b8d1a99070829983dbb2bf28e67", "bids": [{"price": "0.01", "size": "5114.71"}, {"price": "0.02", "size": "2200"}, {"price": "0.03", "size": "10.14"}, {"price": "0.05", "size": "40"}, {"price": "0.09", "size": "1100"}, {"price": "0.1", "size": "250"}, {"price": "0.11", "size": "5.43"}, {"price": "0.13", "size": "586.53"}, {"price": "0.17", "size": "3488.23"}, {"price": "0.18", "size": "888"}, {"price": "0.2", "size": "5"}, {"price": "0.21", "size": "133.33"}, {"price": "0.26", "size": "300"}, {"price": "0.27", "size": "1554"}, {"price": "0.3", "size": "880"}, {"price": "0.31", "size": "300"}, {"price": "0.34", "size": "108.82"}, {"price": "0.41", "size": "500"}, {"price": "0.5", "size": "1060"}, {"price": "0.51", "size": "5"}, {"price": "0.54", "size": "7.2"}, {"price": "0.75", "size": "110"}, {"price": "0.8", "size": "46.21"}, {"price": "0.82", "size": "262"}, {"price": "0.83", "size": "573.12"}, {"price": "0.84", "size": "732.25"}, {"price": "0.85", "size": "101"}], "asks": [{"price": "0.99", "size": "2855"}, {"price": "0.98", "size": "1461.25"}, {"price": "0.97", "size": "250"}, {"price": "0.96", "size": "7.44"}, {"price": "0.95", "size": "1741"}, {"price": "0.94", "size": "460"}, {"price": "0.93", "size": "106.81"}, {"price": "0.92", "size": "121.18"}, {"price": "0.91", "size": "205"}, {"price": "0.9", "size": "203.97"}, {"price": "0.89", "size": "20"}, {"price": "0.88", "size": "740.07"}, {"price": "0.87", "size": "117.21"}, {"price": "0.86", "size": "8.83"}], "event_type": "book", "last_trade_price": ""}, {"market": "0x087469b4129c64c688397028059dfd366796adbd426e0079ee4cfdd2e4a07b61", "asset_id": "29464249359795764732112771440808805030560641430581197204785405866716242261762", "timestamp": "1769383987043", "hash": "ba74d97feacc2a26d75cb0af8f7574f5df04d22c", "bids": [{"price": "0.01", "size": "2855"}, {"price": "0.02", "size": "1461.25"}, {"price": "0.03", "size": "250"}, {"price": "0.04", "size": "7.44"}, {"price": "0.05", "size": "1741"}, {"price": "0.06", "size": "460"}, {"price": "0.07", "size": "106.81"}, {"price": "0.08", "size": "121.18"}, {"price": "0.09", "size": "205"}, {"price": "0.1", "size": "203.97"}, {"price": "0.11", "size": "20"}, {"price": "0.12", "size": "740.07"}, {"price": "0.13", "size": "117.21"}, {"price": "0.14", "size": "8.83"}], "asks": [{"price": "0.99", "size": "5114.71"}, {"price": "0.98", "size": "2200"}, {"price": "0.97", "size": "10.14"}, {"price": "0.95", "size": "40"}, {"price": "0.91", "size": "1100"}, {"price": "0.9", "size": "250"}, {"price": "0.89", "size": "5.43"}, {"price": "0.87", "size": "586.53"}, {"price": "0.83", "size": "3488.23"}, {"price": "0.82", "size": "888"}, {"price": "0.8", "size": "5"}, {"price": "0.79", "size": "133.33"}, {"price": "0.74", "size": "300"}, {"price": "0.73", "size": "1554"}, {"price": "0.7", "size": "880"}, {"price": "0.69", "size": "300"}, {"price": "0.66", "size": "108.82"}, {"price": "0.59", "size": "500"}, {"price": "0.5", "size": "1060"}, {"price": "0.49", "size": "5"}, {"price": "0.46", "size": "7.2"}, {"price": "0.25", "size": "110"}, {"price": "0.2", "size": "46.21"}, {"price": "0.18", "size": "262"}, {"price": "0.17", "size": "573.12"}, {"price": "0.16", "size": "732.25"}, {"price": "0.15", "size": "101"}], "event_type": "book", "last_trade_price": ""}]}
{"_local_timestamp": "2026-01-25T23:33:40.200792+00:00", "data": {"market": "0x087469b4129c64c688397028059dfd366796adbd426e0079ee4cfdd2e4a07b61", "price_changes": [{"asset_id": "45822599979868501396582860994506290061594012396386219725082308923565779306211", "price": "0.26", "size": "250", "side": "BUY", "hash": "21b4ea8789f68642390a709ab2edc05ed626ed47", "best_bid": "0.85", "best_ask": "0.86"}, {"asset_id": "29464249359795764732112771440808805030560641430581197204785405866716242261762", "price": "0.74", "size": "250", "side": "SELL", "hash": "4938dd471e05a762401c317c3165108184899df0", "best_bid": "0.14", "best_ask": "0.15"}], "timestamp": "1769384020086", "event_type": "price_change"}}
{"_local_timestamp": "2026-01-25T23:33:40.592501+00:00", "data": {"market": "0x087469b4129c64c688397028059dfd366796adbd426e0079ee4cfdd2e4a07b61", "price_changes": [{"asset_id": "45822599979868501396582860994506290061594012396386219725082308923565779306211", "price": "0.3", "size": "930", "side": "BUY", "hash": "5d9d8f459ac419f369c38f9a300fee60f421ea38", "best_bid": "0.85", "best_ask": "0.86"}, {"asset_id": "29464249359795764732112771440808805030560641430581197204785405866716242261762", "price": "0.7", "size": "930", "side": "SELL", "hash": "e3c740e4e28f09559170ac3da72c32a7e01d8e60", "best_bid": "0.14", "best_ask": "0.15"}], "timestamp": "1769384020520", "event_type": "price_change"}}
{"_local_timestamp": "2026-01-25T23:33:53.025085+00:00", "data": {"market": "0x087469b4129c64c688397028059dfd366796adbd426e0079ee4cfdd2e4a07b61", "price_changes": [{"asset_id": "29464249359795764732112771440808805030560641430581197204785405866716242261762", "price": "0.17", "size": "540.57", "side": "SELL", "hash": "af8f346258db8b13ffddd3fea0bfd5c1fb93b3a0", "best_bid": "0.14", "best_ask": "0.15"}, {"asset_id": "45822599979868501396582860994506290061594012396386219725082308923565779306211", "price": "0.83", "size": "540.57", "side": "BUY", "hash": "9ab279e194c2549d7ab565d31ba39f4283fa2688", "best_bid": "0.85", "best_ask": "0.86"}], "timestamp": "1769384032954", "event_type": "price_change"}}
{"_local_timestamp": "2026-01-25T23:34:13.129126+00:00", "data": {"market": "0x087469b4129c64c688397028059dfd366796adbd426e0079ee4cfdd2e4a07b61", "price_changes": [{"asset_id": "29464249359795764732112771440808805030560641430581197204785405866716242261762", "price": "0.13", "size": "17.21", "side": "BUY", "hash": "7d8f15a68a3dc3d0c38eb0be5f4312997605173c", "best_bid": "0.14", "best_ask": "0.15"}, {"asset_id": "45822599979868501396582860994506290061594012396386219725082308923565779306211", "price": "0.87", "size": "17.21", "side": "SELL", "hash": "14368f953985dbe2dace2620e2e39828c4c20c09", "best_bid": "0.85", "best_ask": "0.86"}], "timestamp": "1769384053000", "event_type": "price_change"}}
{"_local_timestamp": "2026-01-25T23:34:13.204429+00:00", "data": {"market": "0x087469b4129c64c688397028059dfd366796adbd426e0079ee4cfdd2e4a07b61", "price_changes": [{"asset_id": "45822599979868501396582860994506290061594012396386219725082308923565779306211", "price": "0.84", "size": "632.25", "side": "BUY", "hash": "69a198482926fa5f76b5251e1131ffdec8c23bf0", "best_bid": "0.85", "best_ask": "0.86"}, {"asset_id": "29464249359795764732112771440808805030560641430581197204785405866716242261762", "price": "0.16", "size": "632.25", "side": "SELL", "hash": "130d8a23aeff85d6be7e5aec51d899e627e50dc4", "best_bid": "0.14", "best_ask": "0.15"}], "timestamp": "1769384053001", "event_type": "price_change"}}
{"_local_timestamp": "2026-01-25T23:34:27.867138+00:00", "data": {"market": "0x087469b4129c64c688397028059dfd366796adbd426e0079ee4cfdd2e4a07b61", "price_changes": [{"asset_id": "45822599979868501396582860994506290061594012396386219725082308923565779306211", "price": "0.26", "size": "150", "side": "BUY", "hash": "db300af5a666da80e13ac01d7feee4cfead9f366", "best_bid": "0.85", "best_ask": "0.86"}, {"asset_id": "29464249359795764732112771440808805030560641430581197204785405866716242261762", "price": "0.74", "size": "150", "side": "SELL", "hash": "616167bb1fc12dcec07dd8ab41c981eb8b599e0c", "best_bid": "0.14", "best_ask": "0.15"}], "timestamp": "1769384067617", "event_type": "price_change"}}
{"_local_timestamp": "2026-01-25T23:34:28.489516+00:00", "data": {"market": "0x087469b4129c64c688397028059dfd366796adbd426e0079ee4cfdd2e4a07b61", "price_changes": [{"asset_id": "45822599979868501396582860994506290061594012396386219725082308923565779306211", "price": "0.3", "size": "1030", "side": "BUY", "hash": "6d061d42cff11d25f70d6eb47b8ff1b0d45e007e", "best_bid": "0.85", "best_ask": "0.86"}, {"asset_id": "29464249359795764732112771440808805030560641430581197204785405866716242261762", "price": "0.7", "size": "1030", "side": "SELL", "hash": "c9ba7faf177d06df966aecd68ab3944b5bcab197", "best_bid": "0.14", "best_ask": "0.15"}], "timestamp": "1769384068138", "event_type": "price_change"}}
{"_local_timestamp": "2026-01-25T23:35:26.666272+00:00", "data": {"market": "0x087469b4129c64c688397028059dfd366796adbd426e0079ee4cfdd2e4a07b61", "price_changes": [{"asset_id": "45822599979868501396582860994506290061594012396386219725082308923565779306211", "price": "0.3", "size": "980", "side": "BUY", "hash": "ff8fa4a6f6f832e59ce5ada24b0eb658b3888bf2", "best_bid": "0.85", "best_ask": "0.86"}, {"asset_id": "29464249359795764732112771440808805030560641430581197204785405866716242261762", "price": "0.7", "size": "980", "side": "SELL", "hash": "0d4a1d7572c6b0f474273e965e38aeee1772b00c", "best_bid": "0.14", "best_ask": "0.15"}], "timestamp": "1769384126561", "event_type": "price_change"}}
{"_local_timestamp": "2026-01-25T23:35:27.072836+00:00", "data": {"market": "0x087469b4129c64c688397028059dfd366796adbd426e0079ee4cfdd2e4a07b61", "price_changes": [{"asset_id": "45822599979868501396582860994506290061594012396386219725082308923565779306211", "price": "0.27", "size": "1604", "side": "BUY", "hash": "b58840619991d8bb1c4a04536364c5764dcab362", "best_bid": "0.85", "best_ask": "0.86"}, {"asset_id": "29464249359795764732112771440808805030560641430581197204785405866716242261762", "price": "0.73", "size": "1604", "side": "SELL", "hash": "788c97170a96f10314022e9edd16634ce5726153", "best_bid": "0.14", "best_ask": "0.15"}], "timestamp": "1769384126897", "event_type": "price_change"}}
