{"_local_timestamp": "2026-01-25T23:33:27.542437+00:00", "data": [{"market": "0x8dc8ccb2a429b836ec2dba5df587d5202451d7e3efccf8b305767481b17e2f5d", "asset_id": "12567588961967495806475381012342176430794805086511402966556214912696494062481", "timestamp": "1769383952227", "hash": "d2aa790df4a51fb0147c02e7f9d51fd77eeb2496", "bids": [{"price": "0.001", "size": "3025.22"}, {"price": "0.002", "size": "1250"}, {"price": "0.003", "size": "1406.71"}, {"price": "0.006", "size": "200"}, {"price": "0.007", "size": "9.62"}, {"price": "0.01", "size": "9050"}, {"price": "0.02", "size": "4000"}, {"price": "0.021", "size": "14.7"}, {"price": "0.05", "size": "30"}, {"price": "0.051", "size": "39"}, {"price": "0.081", "size": "700"}, {"price": "0.1", "size": "360"}, {"price": "0.101", "size": "250"}, {"price": "0.102", "size": "5.81"}, {"price": "0.15", "size": "876.66"}, {"price": "0.2", "size": "610"}, {"price": "0.25", "size": "312"}, {"price": "0.3", "size": "136.66"}, {"price": "0.32", "size": "1100"}, {"price": "0.35", "size": "68.57"}, {"price": "0.4", "size": "175"}, {"price": "0.5", "size": "1800"}, {"price": "0.501", "size": "3788"}, {"price": "0.81", "size": "439.94"}, {"price": "0.812", "size": "50"}, {"price": "0.913", "size": "5.47"}, {"price": "0.915", "size": "1000"}, {"price": "0.916", "size": "1284"}, {"price": "0.967", "size": "500"}, {"price": "0.968", "size": "367.13"}, {"price": "0.969", "size": "300"}, {"price": "0.97", "size": "216.87"}, {"price": "0.971", "size": "298.6"}, {"price": "0.972", "size": "25"}, {"price": "0.98", "size": "28.84"}, {"price": "0.986", "size": "25"}, {"price": "0.987", "size": "46.76"}], "asks": [{"price": "0.999", "size": "46435.64"}, {"price": "0.998", "size": "2716.22"}, {"price": "0.997", "size": "1131.57"}, {"price": "0.996", "size": "528.1"}, {"price": "0.995", "size": "714.77"}, {"price": "0.994", "size": "512.25"}, {"price": "0.993", "size": "508.77"}, {"price": "0.992", "size": "1509.09"}, {"price": "0.991", "size": "508.04"}, {"price": "0.99", "size": "507.2"}, {"price": "0.989", "size": "498.94"}], "event_type": "book", "last_trade_price": "0.011"}, {"market": "0x8dc8ccb2a429b836ec2dba5df587d5202451d7e3efccf8b305767481b17e2f5d", "asset_id": "98732303521845783375413768889146980903900437119626875108810413424993608891972", "timestamp": "1769383952227", "hash": "4866a88d971635852357b59d5c57f0ff395f1bc7", "bids": [{"price": "0.001", "size": "46435.64"}, {"price": "0.002", "size": "2716.22"}, {"price": "0.003", "size": "1131.57"}, {"price": "0.004", "size": "528.1"}, {"price": "0.005", "size": "714.77"}, {"price": "0.006", "size": "512.25"}, {"price": "0.007", "size": "508.77"}, {"price": "0.008", "size": "1509.09"}, {"price": "0.009", "size": "508.04"}, {"price": "0.01", "size": "507.2"}, {"price": "0.011", "size": "498.94"}], "asks": [{"price": "0.999", "size": "3025.22"}, {"price": "0.998", "size": "1250"}, {"price": "0.997", "size": "1406.71"}, {"price": "0.994", "size": "200"}, {"price": "0.993", "size": "9.62"}, {"price": "0.99", "size": "9050"}, {"price": "0.98", "size": "4000"}, {"price": "0.979", "size": "14.7"}, {"price": "0.95", "size": "30"}, {"price": "0.949", "size": "39"}, {"price": "0.919", "size": "700"}, {"price": "0.9", "size": "360"}, {"price": "0.899", "size": "250"}, {"price": "0.898", "size": "5.81"}, {"price": "0.85", "size": "876.66"}, {"price": "0.8", "size": "610"}, {"price": "0.75", "size": "312"}, {"price": "0.7", "size": "136.66"}, {"price": "0.68", "size": "1100"}, {"price": "0.65", "size": "68.57"}, {"price": "0.6", "size": "175"}, {"price": "0.5", "size": "1800"}, {"price": "0.499", "size": "3788"}, {"price": "0.19", "size": "439.94"}, {"price": "0.188", "size": "50"}, {"price": "0.087", "size": "5.47"}, {"price": "0.085", "size": "1000"}, {"price": "0.084", "size": "1284"}, {"price": "0.033", "size": "500"}, {"price": "0.032", "size": "367.13"}, {"price": "0.031", "size": "300"}, {"price": "0.03", "size": "216.87"}, {"price": "0.029", "size": "298.6"}, {"price": "0.028", "size": "25"}, {"price": "0.02", "size": "28.84"}, {"price": "0.014", "size": "25"}, {"price": "0.013", "size": "46.76"}], "event_type": "book", "last_trade_price": "0.011"}]}
{"_local_timestamp": "2026-01-25T23:34:06.491515+00:00", "data": {"market": "0x8dc8ccb2a429b836ec2dba5df587d5202451d7e3efccf8b305767481b17e2f5d", "price_changes": [{"asset_id": "98732303521845783375413768889146980903900437119626875108810413424993608891972", "price": "0.002", "size": "2687.16", "side": "BUY", "hash": "00aa38965a581f0327182c1a2758f4f40971d0fc", "best_bid": "0.011", "best_ask": "0.013"}, {"asset_id": "12567588961967495806475381012342176430794805086511402966556214912696494062481", "price": "0.998", "size": "2687.16", "side": "SELL", "hash": "8c02d7b401429c2ecf4a596fc1019dddaadb7da9", "best_bid": "0.987", "best_ask": "0.989"}], "timestamp": "1769384046242", "event_type": "price_change"}}
{"_local_timestamp": "2026-01-25T23:34:06.493750+00:00", "data": {"market": "0x8dc8ccb2a429b836ec2dba5df587d5202451d7e3efccf8b305767481b17e2f5d", "price_changes": [{"asset_id": "98732303521845783375413768889146980903900437119626875108810413424993608891972", "price": "0.003", "size": "1116.21", "side": "BUY", "hash": "00aa38965a581f0327182c1a2758f4f40971d0fc", "best_bid": "0.011", "best_ask": "0.013"}, {"asset_id": "12567588961967495806475381012342176430794805086511402966556214912696494062481", "price": "0.997", "size": "1116.21", "side": "SELL", "hash": "8c02d7b401429c2ecf4a596fc1019dddaadb7da9", "best_bid": "0.987", "best_ask": "0.989"}], "timestamp": "1769384046242", "event_type": "price_change"}}
{"_local_timestamp": "2026-01-25T23:34:06.494610+00:00", "data": {"market": "0x8dc8ccb2a429b836ec2dba5df587d5202451d7e3efccf8b305767481b17e2f5d", "price_changes": [{"asset_id": "98732303521845783375413768889146980903900437119626875108810413424993608891972", "price": "0.004", "size": "506.41", "side": "BUY", "hash": "00aa38965a581f0327182c1a2758f4f40971d0fc", "best_bid": "0.011", "best_ask": "0.013"}, {"asset_id": "12567588961967495806475381012342176430794805086511402966556214912696494062481", "price": "0.996", "size": "506.41", "side": "SELL", "hash": "8c02d7b401429c2ecf4a596fc1019dddaadb7da9", "best_bid": "0.987", "best_ask": "0.989"}], "timestamp": "1769384046242", "event_type": "price_change"}}
{"_local_timestamp": "2026-01-25T23:34:08.758886+00:00", "data": {"market": "0x8dc8ccb2a429b836ec2dba5df587d5202451d7e3efccf8b305767481b17e2f5d", "price_changes": [{"asset_id": "98732303521845783375413768889146980903900437119626875108810413424993608891972", "price": "0.002", "size": "2716.22", "side": "BUY", "hash": "a7d614fd04a570f302a1ecb4595930a95436efd4", "best_bid": "0.011", "best_ask": "0.013"}, {"asset_id": "12567588961967495806475381012342176430794805086511402966556214912696494062481", "price": "0.998", "size": "2716.22", "side": "SELL", "hash": "37dfb7b94299635250a5a1ed9f0e7a30bc4fffaa", "best_bid": "0.987", "best_ask": "0.989"}], "timestamp": "1769384048521", "event_type": "price_change"}}
{"_local_timestamp": "2026-01-25T23:34:08.759998+00:00", "data": {"market": "0x8dc8ccb2a429b836ec2dba5df587d5202451d7e3efccf8b305767481b17e2f5d", "price_changes": [{"asset_id": "98732303521845783375413768889146980903900437119626875108810413424993608891972", "price": "0.003", "size": "1131.57", "side": "BUY", "hash": "6f7e1bd20444ed4ecdf8d1a8d3e09c1127b90eba", "best_bid": "0.011", "best_ask": "0.013"}, {"asset_id": "12567588961967495806475381012342176430794805086511402966556214912696494062481", "price": "0.997", "size": "1131.57", "side": "SELL", "hash": "0fea98d9bed977b6ac5f2fc8dc2cd775a4487e1a", "best_bid": "0.987", "best_ask": "0.989"}], "timestamp": "1769384048522", "event_type": "price_change"}}
{"_local_timestamp": "2026-01-25T23:34:08.760559+00:00", "data": {"market": "0x8dc8ccb2a429b836ec2dba5df587d5202451d7e3efccf8b305767481b17e2f5d", "price_changes": [{"asset_id": "98732303521845783375413768889146980903900437119626875108810413424993608891972", "price": "0.004", "size": "528.1", "side": "BUY", "hash": "b315ee396d38013dcace5f342ae44c9829a889ab", "best_bid": "0.011", "best_ask": "0.013"}, {"asset_id": "12567588961967495806475381012342176430794805086511402966556214912696494062481", "price": "0.996", "size": "528.1", "side": "SELL", "hash": "3758395f51978238a2e865d622897a036281546a", "best_bid": "0.987", "best_ask": "0.989"}], "timestamp": "1769384048523", "event_type": "price_change"}}
{"_local_timestamp": "2026-01-25T23:35:17.764699+00:00", "data": {"market": "0x8dc8ccb2a429b836ec2dba5df587d5202451d7e3efccf8b305767481b17e2f5d", "price_changes": [{"asset_id": "98732303521845783375413768889146980903900437119626875108810413424993608891972", "price": "0.002", "size": "2687.16", "side": "BUY", "hash": "3848d3cf1819d3f5ef09bb40ebfbf4d08da82ddb", "best_bid": "0.011", "best_ask": "0.013"}, {"asset_id": "12567588961967495806475381012342176430794805086511402966556214912696494062481", "price": "0.998", "size": "2687.16", "side": "SELL", "hash": "d068449403359d103eda55899dd8963e8897cdcd", "best_bid": "0.987", "best_ask": "0.989"}], "timestamp": "1769384117689", "event_type": "price_change"}}
{"_local_timestamp": "2026-01-25T23:35:17.765661+00:00", "data": {"market": "0x8dc8ccb2a429b836ec2dba5df587d5202451d7e3efccf8b305767481b17e2f5d", "price_changes": [{"asset_id": "98732303521845783375413768889146980903900437119626875108810413424993608891972", "price": "0.003", "size": "1116.21", "side": "BUY", "hash": "3848d3cf1819d3f5ef09bb40ebfbf4d08da82ddb", "best_bid": "0.011", "best_ask": "0.013"}, {"asset_id": "12567588961967495806475381012342176430794805086511402966556214912696494062481", "price": "0.997", "size": "1116.21", "side": "SELL", "hash": "d068449403359d103eda55899dd8963e8897cdcd", "best_bid": "0.987", "best_ask": "0.989"}], "timestamp": "1769384117689", "event_type": "price_change"}}
{"_local_timestamp": "2026-01-25T23:35:17.765951+00:00", "data": {"market": "0x8dc8ccb2a429b836ec2dba5df587d5202451d7e3efccf8b305767481b17e2f5d", "price_changes": [{"asset_id": "98732303521845783375413768889146980903900437119626875108810413424993608891972", "price": "0.004", "size": "506.41", "side": "BUY", "hash": "3848d3cf1819d3f5ef09bb40ebfbf4d08da82ddb", "best_bid": "0.011", "best_ask": "0.013"}, {"asset_id": "12567588961967495806475381012342176430794805086511402966556214912696494062481", "price": "0.996", "size": "506.41", "side": "SELL", "hash": "d068449403359d103eda55899dd8963e8897cdcd", "best_bid": "0.987", "best_ask": "0.989"}], "timestamp": "1769384117689", "event_type": "price_change"}}
{"_local_timestamp": "2026-01-25T23:35:18.146936+00:00", "data": {"market": "0x8dc8ccb2a429b836ec2dba5df587d5202451d7e3efccf8b305767481b17e2f5d", "price_changes": [{"asset_id": "98732303521845783375413768889146980903900437119626875108810413424993608891972", "price": "0.004", "size": "528.1", "side": "BUY", "hash": "b3affd98ae87871b5bf0d0b2acf6bb71ae19616a", "best_bid": "0.011", "best_ask": "0.013"}, {"asset_id": "12567588961967495806475381012342176430794805086511402966556214912696494062481", "price": "0.996", "size": "528.1", "side": "SELL", "hash": "312f522a6547854773f7e61b6ad2bdf8f4d26bd2", "best_bid": "0.987", "best_ask": "0.989"}], "timestamp": "1769384118083", "event_type": "price_change"}}
{"_local_timestamp": "2026-01-25T23:35:18.155132+00:00", "data": {"market": "0x8dc8ccb2a429b836ec2dba5df587d5202451d7e3efccf8b305767481b17e2f5d", "price_changes": [{"asset_id": "98732303521845783375413768889146980903900437119626875108810413424993608891972", "price": "0.002", "size": "2716.22", "side": "BUY", "hash": "edd110daa04cdc4b472ea4f618519068e866a4f4", "best_bid": "0.011", "best_ask": "0.013"}, {"asset_id": "12567588961967495806475381012342176430794805086511402966556214912696494062481", "price": "0.998", "size": "2716.22", "side": "SELL", "hash": "8eeaf654ffc965a59dcfadde6d4680f177db1860", "best_bid": "0.987", "best_ask": "0.989"}], "timestamp": "1769384118084", "event_type": "price_change"}}
{"_local_timestamp": "2026-01-25T23:35:18.155579+00:00", "data": {"market": "0x8dc8ccb2a429b836ec2dba5df587d5202451d7e3efccf8b305767481b17e2f5d", "price_changes": [{"asset_id": "98732303521845783375413768889146980903900437119626875108810413424993608891972", "price": "0.003", "size": "1131.57", "side": "BUY", "hash": "8c44d1fb67ade3878844c9c2eddecd818c648911", "best_bid": "0.011", "best_ask": "0.013"}, {"asset_id": "12567588961967495806475381012342176430794805086511402966556214912696494062481", "price": "0.997", "size": "1131.57", "side": "SELL", "hash": "4b761b60ae1cd9ea04ab64823657067659ee61b1", "best_bid": "0.987", "best_ask": "0.989"}], "timestamp": "1769384118085", "event_type": "price_change"}}
