{"_local_timestamp": "2026-01-25T23:40:53.295442+00:00", "data": [{"market": "0x4373eadfa50de6a61977e05eb4b05ddfbb644722a5b5f21d522b4d00cb8f419c", "asset_id": "42479081445791119611571249310309656672517338558233480123302444789598401007788", "timestamp": "1769384385724", "hash": "0dbb5b9791801176ba441f989fb089eda952f5bd", "bids": [{"price": "0.001", "size": "6784.03"}, {"price": "0.002", "size": "827.33"}, {"price": "0.003", "size": "218.12"}, {"price": "0.004", "size": "113.52"}, {"price": "0.005", "size": "21.48"}, {"price": "0.006", "size": "60"}, {"price": "0.007", "size": "80.34"}, {"price": "0.008", "size": "25.79"}, {"price": "0.01", "size": "15"}, {"price": "0.011", "size": "14.7"}, {"price": "0.019", "size": "40"}], "asks": [{"price": "0.999", "size": "4762.08"}, {"price": "0.998", "size": "1255.05"}, {"price": "0.997", "size": "1000"}, {"price": "0.996", "size": "21.66"}, {"price": "0.99", "size": "46168"}, {"price": "0.98", "size": "9592"}, {"price": "0.979", "size": "14.99"}, {"price": "0.978", "size": "10.67"}, {"price": "0.96", "size": "4096"}, {"price": "0.95", "size": "30"}, {"price": "0.949", "size": "39"}, {"price": "0.92", "size": "1224"}, {"price": "0.919", "size": "8.19"}, {"price": "0.85", "size": "800"}, {"price": "0.84", "size": "912"}, {"price": "0.79", "size": "100"}, {"price": "0.74", "size": "1250"}, {"price": "0.739", "size": "250"}, {"price": "0.68", "size": "306"}, {"price": "0.66", "size": "125"}, {"price": "0.52", "size": "1065.81"}, {"price": "0.519", "size": "5"}, {"price": "0.36", "size": "128"}, {"price": "0.28", "size": "96"}, {"price": "0.2", "size": "314"}, {"price": "0.199", "size": "66.66"}, {"price": "0.16", "size": "48"}, {"price": "0.137", "size": "66.66"}, {"price": "0.136", "size": "30"}, {"price": "0.09", "size": "4.74"}, {"price": "0.085", "size": "5"}, {"price": "0.08", "size": "15"}, {"price": "0.069", "size": "66.66"}, {"price": "0.068", "size": "44.43"}], "event_type": "book", "last_trade_price": "0.020"}, {"market": "0x4373eadfa50de6a61977e05eb4b05ddfbb644722a5b5f21d522b4d00cb8f419c", "asset_id": "95259527103856912045804525437718309745934937768465583929329345047712329516347", "timestamp": "1769384385724", "hash": "9c467a989a0e432433083c27dd1bf750980c506b", "bids": [{"price": "0.001", "size": "4762.08"}, {"price": "0.002", "size": "1255.05"}, {"price": "0.003", "size": "1000"}, {"price": "0.004", "size": "21.66"}, {"price": "0.01", "size": "46168"}, {"price": "0.02", "size": "9592"}, {"price": "0.021", "size": "14.99"}, {"price": "0.022", "size": "10.67"}, {"price": "0.04", "size": "4096"}, {"price": "0.05", "size": "30"}, {"price": "0.051", "size": "39"}, {"price": "0.08", "size": "1224"}, {"price": "0.081", "size": "8.19"}, {"price": "0.15", "size": "800"}, {"price": "0.16", "size": "912"}, {"price": "0.21", "size": "100"}, {"price": "0.26", "size": "1250"}, {"price": "0.261", "size": "250"}, {"price": "0.32", "size": "306"}, {"price": "0.34", "size": "125"}, {"price": "0.48", "size": "1065.81"}, {"price": "0.481", "size": "5"}, {"price": "0.64", "size": "128"}, {"price": "0.72", "size": "96"}, {"price": "0.8", "size": "314"}, {"price": "0.801", "size": "66.66"}, {"price": "0.84", "size": "48"}, {"price": "0.863", "size": "66.66"}, {"price": "0.864", "size": "30"}, {"price": "0.91", "size": "4.74"}, {"price": "0.915", "size": "5"}, {"price": "0.92", "size": "15"}, {"price": "0.931", "size": "66.66"}, {"price": "0.932", "size": "44.43"}], "asks": [{"price": "0.999", "size": "6784.03"}, {"price": "0.998", "size": "827.33"}, {"price": "0.997", "size": "218.12"}, {"price": "0.996", "size": "113.52"}, {"price": "0.995", "size": "21.48"}, {"price": "0.994", "size": "60"}, {"price": "0.993", "size": "80.34"}, {"price": "0.992", "size": "25.79"}, {"price": "0.99", "size": "15"}, {"price": "0.989", "size": "14.7"}, {"price": "0.981", "size": "40"}], "event_type": "book", "last_trade_price": "0.020"}]}
{"_local_timestamp": "2026-01-25T23:41:08.477862+00:00", "data": {"market": "0x4373eadfa50de6a61977e05eb4b05ddfbb644722a5b5f21d522b4d00cb8f419c", "price_changes": [{"asset_id": "95259527103856912045804525437718309745934937768465583929329345047712329516347", "price": "0.931", "size": "0", "side": "BUY", "hash": "5e20f6b4870a33dfd6edcf5a312587e4f6861d7d", "best_bid": "0.932", "best_ask": "0.981"}, {"asset_id": "42479081445791119611571249310309656672517338558233480123302444789598401007788", "price": "0.069", "size": "0", "side": "SELL", "hash": "879df5bdb547419cf2eb9660bea65f4675e9c5ca", "best_bid": "0.019", "best_ask": "0.068"}], "timestamp": "1769384468403", "event_type": "price_change"}}
{"_local_timestamp": "2026-01-25T23:41:08.478896+00:00", "data": {"market": "0x4373eadfa50de6a61977e05eb4b05ddfbb644722a5b5f21d522b4d00cb8f419c", "price_changes": [{"asset_id": "95259527103856912045804525437718309745934937768465583929329345047712329516347", "price": "0.863", "size": "0", "side": "BUY", "hash": "5e20f6b4870a33dfd6edcf5a312587e4f6861d7d", "best_bid": "0.932", "best_ask": "0.981"}, {"asset_id": "42479081445791119611571249310309656672517338558233480123302444789598401007788", "price": "0.137", "size": "0", "side": "SELL", "hash": "879df5bdb547419cf2eb9660bea65f4675e9c5ca", "best_bid": "0.019", "best_ask": "0.068"}], "timestamp": "1769384468403", "event_type": "price_change"}}
{"_local_timestamp": "2026-01-25T23:41:08.479759+00:00", "data": {"market": "0x4373eadfa50de6a61977e05eb4b05ddfbb644722a5b5f21d522b4d00cb8f419c", "price_changes": [{"asset_id": "95259527103856912045804525437718309745934937768465583929329345047712329516347", "price": "0.801", "size": "0", "side": "BUY", "hash": "5e20f6b4870a33dfd6edcf5a312587e4f6861d7d", "best_bid": "0.932", "best_ask": "0.981"}, {"asset_id": "42479081445791119611571249310309656672517338558233480123302444789598401007788", "price": "0.199", "size": "0", "side": "SELL", "hash": "879df5bdb547419cf2eb9660bea65f4675e9c5ca", "best_bid": "0.019", "best_ask": "0.068"}], "timestamp": "1769384468403", "event_type": "price_change"}}
{"_local_timestamp": "2026-01-25T23:41:09.161613+00:00", "data": {"market": "0x4373eadfa50de6a61977e05eb4b05ddfbb644722a5b5f21d522b4d00cb8f419c", "price_changes": [{"asset_id": "95259527103856912045804525437718309745934937768465583929329345047712329516347", "price": "0.826", "size": "66.66", "side": "BUY", "hash": "5c0d44c55e9b5b0b7164aeb513cd1e7f5aca34b2", "best_bid": "0.932", "best_ask": "0.981"}, {"asset_id": "42479081445791119611571249310309656672517338558233480123302444789598401007788", "price": "0.174", "size": "66.66", "side": "SELL", "hash": "2e87a8668f3e3e17baaa3227a441012bb631306b", "best_bid": "0.019", "best_ask": "0.068"}], "timestamp": "1769384469090", "event_type": "price_change"}}
{"_local_timestamp": "2026-01-25T23:41:09.224954+00:00", "data": {"market": "0x4373eadfa50de6a61977e05eb4b05ddfbb644722a5b5f21d522b4d00cb8f419c", "price_changes": [{"asset_id": "95259527103856912045804525437718309745934937768465583929329345047712329516347", "price": "0.933", "size": "66.66", "side": "BUY", "hash": "aea359fc382c64e27c7f9072436211dcc9bb3e3b", "best_bid": "0.933", "best_ask": "0.981"}, {"asset_id": "42479081445791119611571249310309656672517338558233480123302444789598401007788", "price": "0.067", "size": "66.66", "side": "SELL", "hash": "a85b84cb58d62e8f37e4a95a272ad842447483d6", "best_bid": "0.019", "best_ask": "0.067"}], "timestamp": "1769384469155", "event_type": "price_change"}}
{"_local_timestamp": "2026-01-25T23:41:09.370461+00:00", "data": {"market": "0x4373eadfa50de6a61977e05eb4b05ddfbb644722a5b5f21d522b4d00cb8f419c", "price_changes": [{"asset_id": "95259527103856912045804525437718309745934937768465583929329345047712329516347", "price": "0.721", "size": "66.66", "side": "BUY", "hash": "f7c4f4c989b6e514aabb2cb8165104e63727838e", "best_bid": "0.933", "best_ask": "0.981"}, {"asset_id": "42479081445791119611571249310309656672517338558233480123302444789598401007788", "price": "0.279", "size": "66.66", "side": "SELL", "hash": "69d7a8954f9af054c959f1fd1db86b8fc02809ec", "best_bid": "0.019", "best_ask": "0.067"}], "timestamp": "1769384469298", "event_type": "price_change"}}
{"_local_timestamp": "2026-01-25T23:41:09.469994+00:00", "data": {"market": "0x4373eadfa50de6a61977e05eb4b05ddfbb644722a5b5f21d522b4d00cb8f419c", "price_changes": [{"asset_id": "42479081445791119611571249310309656672517338558233480123302444789598401007788", "price": "0.136", "size": "0", "side": "SELL", "hash": "6a74cf58fbdb624ac1e8f17be84a7f7b730a4a2c", "best_bid": "0.019", "best_ask": "0.067"}, {"asset_id": "95259527103856912045804525437718309745934937768465583929329345047712329516347", "price": "0.864", "size": "0", "side": "BUY", "hash": "363feee41c5f813589a6222f8af072e0cd417eec", "best_bid": "0.933", "best_ask": "0.981"}], "timestamp": "1769384469392", "event_type": "price_change"}}
{"_local_timestamp": "2026-01-25T23:41:09.516189+00:00", "data": {"market": "0x4373eadfa50de6a61977e05eb4b05ddfbb644722a5b5f21d522b4d00cb8f419c", "price_changes": [{"asset_id": "42479081445791119611571249310309656672517338558233480123302444789598401007788", "price": "0.199", "size": "30", "side": "SELL", "hash": "fa1ed31c6dc212ab2f419eba6e60d73ac47b978b", "best_bid": "0.019", "best_ask": "0.067"}, {"asset_id": "95259527103856912045804525437718309745934937768465583929329345047712329516347", "price": "0.801", "size": "30", "side": "BUY", "hash": "788e7ea45be92655d8d77dfaeab567ff69589f9d", "best_bid": "0.933", "best_ask": "0.981"}], "timestamp": "1769384469452", "event_type": "price_change"}}
{"_local_timestamp": "2026-01-25T23:42:07.192700+00:00", "data": {"market": "0x4373eadfa50de6a61977e05eb4b05ddfbb644722a5b5f21d522b4d00cb8f419c", "price_changes": [{"asset_id": "42479081445791119611571249310309656672517338558233480123302444789598401007788", "price": "0.007", "size": "35.36", "side": "BUY", "hash": "ec57cc1e2bd7e6a56e58a02e94cec99bf3fb1076", "best_bid": "0.019", "best_ask": "0.067"}, {"asset_id": "95259527103856912045804525437718309745934937768465583929329345047712329516347", "price": "0.993", "size": "35.36", "side": "SELL", "hash": "5da3c0909a338e5c62244bc30bbe3a515fa8ec7b", "best_bid": "0.933", "best_ask": "0.981"}], "timestamp": "1769384527126", "event_type": "price_change"}}
{"_local_timestamp": "2026-01-25T23:42:07.652463+00:00", "data": {"market": "0x4373eadfa50de6a61977e05eb4b05ddfbb644722a5b5f21d522b4d00cb8f419c", "price_changes": [{"asset_id": "42479081445791119611571249310309656672517338558233480123302444789598401007788", "price": "0.007", "size": "80.34", "side": "BUY", "hash": "d561dc590e35e7276255293210d4b4c6d94d3e71", "best_bid": "0.019", "best_ask": "0.067"}, {"asset_id": "95259527103856912045804525437718309745934937768465583929329345047712329516347", "price": "0.993", "size": "80.34", "side": "SELL", "hash": "3ea4e3584d8f2cda6c37cd8e7c54c4d1d3d251c6", "best_bid": "0.933", "best_ask": "0.981"}], "timestamp": "1769384527573", "event_type": "price_change"}}
{"_local_timestamp": "2026-01-25T23:42:13.994689+00:00", "data": {"market": "0x4373eadfa50de6a61977e05eb4b05ddfbb644722a5b5f21d522b4d00cb8f419c", "price_changes": [{"asset_id": "42479081445791119611571249310309656672517338558233480123302444789598401007788", "price": "0.068", "size": "0", "side": "SELL", "hash": "179d1fcec5d9d198cdfbb84bfbe52b3352f6b36f", "best_bid": "0.019", "best_ask": "0.067"}, {"asset_id": "95259527103856912045804525437718309745934937768465583929329345047712329516347", "price": "0.932", "size": "0", "side": "BUY", "hash": "6a55d0b36a0fea3cec1afa4eddeaf31678da3ada", "best_bid": "0.933", "best_ask": "0.981"}], "timestamp": "1769384533930", "event_type": "price_change"}}
{"_local_timestamp": "2026-01-25T23:42:14.944240+00:00", "data": {"market": "0x4373eadfa50de6a61977e05eb4b05ddfbb644722a5b5f21d522b4d00cb8f419c", "price_changes": [{"asset_id": "42479081445791119611571249310309656672517338558233480123302444789598401007788", "price": "0.066", "size": "44.43", "side": "SELL", "hash": "2b84daaef7fb183a5df6f9ee80e865b976ca59c4", "best_bid": "0.019", "best_ask": "0.066"}, {"asset_id": "95259527103856912045804525437718309745934937768465583929329345047712329516347", "price": "0.934", "size": "44.43", "side": "BUY", "hash": "1a4f75ca34edb08d992511cfddacb269d640d6af", "best_bid": "0.934", "best_ask": "0.981"}], "timestamp": "1769384534849", "event_type": "price_change"}}
{"_local_timestamp": "2026-01-25T23:43:47.781972+00:00", "data": {"market": "0x4373eadfa50de6a61977e05eb4b05ddfbb644722a5b5f21d522b4d00cb8f419c", "price_changes": [{"asset_id": "95259527103856912045804525437718309745934937768465583929329345047712329516347", "price": "0.933", "size": "0", "side": "BUY", "hash": "9439abc55f1d6c95623c86e4d375c21737161526", "best_bid": "0.934", "best_ask": "0.981"}, {"asset_id": "42479081445791119611571249310309656672517338558233480123302444789598401007788", "price": "0.067", "size": "0", "side": "SELL", "hash": "33b8e08f77c5b104206f6c77d6dc06f1c271bc38", "best_bid": "0.019", "best_ask": "0.066"}], "timestamp": "1769384627629", "event_type": "price_change"}}
{"_local_timestamp": "2026-01-25T23:43:47.782730+00:00", "data": {"market": "0x4373eadfa50de6a61977e05eb4b05ddfbb644722a5b5f21d522b4d00cb8f419c", "price_changes": [{"asset_id": "95259527103856912045804525437718309745934937768465583929329345047712329516347", "price": "0.826", "size": "0", "side": "BUY", "hash": "9439abc55f1d6c95623c86e4d375c21737161526", "best_bid": "0.934", "best_ask": "0.981"}, {"asset_id": "42479081445791119611571249310309656672517338558233480123302444789598401007788", "price": "0.174", "size": "0", "side": "SELL", "hash": "33b8e08f77c5b104206f6c77d6dc06f1c271bc38", "best_bid": "0.019", "best_ask": "0.066"}], "timestamp": "1769384627629", "event_type": "price_change"}}
{"_local_timestamp": "2026-01-25T23:43:47.783067+00:00", "data": {"market": "0x4373eadfa50de6a61977e05eb4b05ddfbb644722a5b5f21d522b4d00cb8f419c", "price_changes": [{"asset_id": "95259527103856912045804525437718309745934937768465583929329345047712329516347", "price": "0.721", "size": "0", "side": "BUY", "hash": "9439abc55f1d6c95623c86e4d375c21737161526", "best_bid": "0.934", "best_ask": "0.981"}, {"asset_id": "42479081445791119611571249310309656672517338558233480123302444789598401007788", "price": "0.279", "size": "0", "side": "SELL", "hash": "33b8e08f77c5b104206f6c77d6dc06f1c271bc38", "best_bid": "0.019", "best_ask": "0.066"}], "timestamp": "1769384627629", "event_type": "price_change"}}
{"_local_timestamp": "2026-01-25T23:43:48.431607+00:00", "data": {"market": "0x4373eadfa50de6a61977e05eb4b05ddfbb644722a5b5f21d522b4d00cb8f419c", "price_changes": [{"asset_id": "95259527103856912045804525437718309745934937768465583929329345047712329516347", "price": "0.721", "size": "100", "side": "BUY", "hash": "b82e2cc457df7ec974812ee93aa7042b4475a605", "best_bid": "0.934", "best_ask": "0.981"}, {"asset_id": "42479081445791119611571249310309656672517338558233480123302444789598401007788", "price": "0.279", "size": "100", "side": "SELL", "hash": "aff4b28123d6e9271e0c35128154b452b927b527", "best_bid": "0.019", "best_ask": "0.066"}], "timestamp": "1769384628302", "event_type": "price_change"}}
{"_local_timestamp": "2026-01-25T23:43:48.825431+00:00", "data": {"market": "0x4373eadfa50de6a61977e05eb4b05ddfbb644722a5b5f21d522b4d00cb8f419c", "price_changes": [{"asset_id": "95259527103856912045804525437718309745934937768465583929329345047712329516347", "price": "0.828", "size": "100", "side": "BUY", "hash": "8a94a0cd3f067f9e9194c8b44e41b427e31a79a1", "best_bid": "0.934", "best_ask": "0.981"}, {"asset_id": "42479081445791119611571249310309656672517338558233480123302444789598401007788", "price": "0.172", "size": "100", "side": "SELL", "hash": "4e6ced5bf15e84df54f12734c659f1f0ba6d9dc0", "best_bid": "0.019", "best_ask": "0.066"}], "timestamp": "1769384628707", "event_type": "price_change"}}
{"_local_timestamp": "2026-01-25T23:43:49.907724+00:00", "data": {"market": "0x4373eadfa50de6a61977e05eb4b05ddfbb644722a5b5f21d522b4d00cb8f419c", "price_changes": [{"asset_id": "42479081445791119611571249310309656672517338558233480123302444789598401007788", "price": "0.199", "size": "0", "side": "SELL", "hash": "ca485246918b4f8e162bef909bb0cff2b7a52baf", "best_bid": "0.019", "best_ask": "0.066"}, {"asset_id": "95259527103856912045804525437718309745934937768465583929329345047712329516347", "price": "0.801", "size": "0", "side": "BUY", "hash": "f1aa465fc6570954ebf48962e5320724e9547ef2", "best_bid": "0.934", "best_ask": "0.981"}], "timestamp": "1769384629736", "event_type": "price_change"}}
{"_local_timestamp": "2026-01-25T23:43:49.992802+00:00", "data": {"market": "0x4373eadfa50de6a61977e05eb4b05ddfbb644722a5b5f21d522b4d00cb8f419c", "price_changes": [{"asset_id": "42479081445791119611571249310309656672517338558233480123302444789598401007788", "price": "0.171", "size": "30", "side": "SELL", "hash": "b51a96edba5d39704712ffabcf8027307a60867f", "best_bid": "0.019", "best_ask": "0.066"}, {"asset_id": "95259527103856912045804525437718309745934937768465583929329345047712329516347", "price": "0.829", "size": "30", "side": "BUY", "hash": "12c40b2713c923fafee141d2e626be758b6773fb", "best_bid": "0.934", "best_ask": "0.981"}], "timestamp": "1769384629819", "event_type": "price_change"}}
{"_local_timestamp": "2026-01-25T23:45:18.514584+00:00", "data": {"market": "0x4373eadfa50de6a61977e05eb4b05ddfbb644722a5b5f21d522b4d00cb8f419c", "price_changes": [{"asset_id": "42479081445791119611571249310309656672517338558233480123302444789598401007788", "price": "0.066", "size": "0", "side": "SELL", "hash": "80c0cd6e98ec43a1ff83f2c194435a7f379e74c7", "best_bid": "0.019", "best_ask": "0.08"}, {"asset_id": "95259527103856912045804525437718309745934937768465583929329345047712329516347", "price": "0.934", "size": "0", "side": "BUY", "hash": "6679588a149aba89865488ff5bfc5ea5a2cd92cc", "best_bid": "0.92", "best_ask": "0.981"}], "timestamp": "1769384718445", "event_type": "price_change"}}
{"_local_timestamp": "2026-01-25T23:45:18.546824+00:00", "data": {"market": "0x4373eadfa50de6a61977e05eb4b05ddfbb644722a5b5f21d522b4d00cb8f419c", "price_changes": [{"asset_id": "42479081445791119611571249310309656672517338558233480123302444789598401007788", "price": "0.159", "size": "151", "side": "SELL", "hash": "309e20397d6139bc24d21e7253a635bef53c1a08", "best_bid": "0.019", "best_ask": "0.08"}, {"asset_id": "95259527103856912045804525437718309745934937768465583929329345047712329516347", "price": "0.841", "size": "151", "side": "BUY", "hash": "f5d8c870a7be8e80f44863591c1fa3a5578a3d8c", "best_bid": "0.92", "best_ask": "0.981"}], "timestamp": "1769384718478", "event_type": "price_change"}}
{"_local_timestamp": "2026-01-25T23:45:19.506695+00:00", "data": {"market": "0x4373eadfa50de6a61977e05eb4b05ddfbb644722a5b5f21d522b4d00cb8f419c", "price_changes": [{"asset_id": "42479081445791119611571249310309656672517338558233480123302444789598401007788", "price": "0.079", "size": "44.43", "side": "SELL", "hash": "5acb49af71283a00866cd456978b64783a8948c8", "best_bid": "0.019", "best_ask": "0.079"}, {"asset_id": "95259527103856912045804525437718309745934937768465583929329345047712329516347", "price": "0.921", "size": "44.43", "side": "BUY", "hash": "7f39caa26af7e69ab356e40760c6a7214abd57f4", "best_bid": "0.921", "best_ask": "0.981"}], "timestamp": "1769384719438", "event_type": "price_change"}}
{"_local_timestamp": "2026-01-25T23:45:19.614798+00:00", "data": {"market": "0x4373eadfa50de6a61977e05eb4b05ddfbb644722a5b5f21d522b4d00cb8f419c", "price_changes": [{"asset_id": "42479081445791119611571249310309656672517338558233480123302444789598401007788", "price": "0.159", "size": "0", "side": "SELL", "hash": "06f015be1c3f8fd0a2f5aa55c6ed3f911f5ee7a8", "best_bid": "0.019", "best_ask": "0.079"}, {"asset_id": "95259527103856912045804525437718309745934937768465583929329345047712329516347", "price": "0.841", "size": "0", "side": "BUY", "hash": "6224f161f17c579d74abe82db40747dd27a1ec29", "best_bid": "0.921", "best_ask": "0.981"}], "timestamp": "1769384719545", "event_type": "price_change"}}
{"_local_timestamp": "2026-01-25T23:45:19.623473+00:00", "data": {"market": "0x4373eadfa50de6a61977e05eb4b05ddfbb644722a5b5f21d522b4d00cb8f419c", "price_changes": [{"asset_id": "42479081445791119611571249310309656672517338558233480123302444789598401007788", "price": "0.171", "size": "0", "side": "SELL", "hash": "5ea136f4af98709a1fe0654d7f2cf63fa958db0a", "best_bid": "0.019", "best_ask": "0.079"}, {"asset_id": "95259527103856912045804525437718309745934937768465583929329345047712329516347", "price": "0.829", "size": "0", "side": "BUY", "hash": "88b7a6669b3f48ea9dd67a2dceab9ad58f61fe18", "best_bid": "0.921", "best_ask": "0.981"}], "timestamp": "1769384719552", "event_type": "price_change"}}
{"_local_timestamp": "2026-01-25T23:45:19.677429+00:00", "data": {"market": "0x4373eadfa50de6a61977e05eb4b05ddfbb644722a5b5f21d522b4d00cb8f419c", "price_changes": [{"asset_id": "42479081445791119611571249310309656672517338558233480123302444789598401007788", "price": "0.158", "size": "30", "side": "SELL", "hash": "6bb54ea51fce00d102e74311ce7643f94e89995f", "best_bid": "0.019", "best_ask": "0.079"}, {"asset_id": "95259527103856912045804525437718309745934937768465583929329345047712329516347", "price": "0.842", "size": "30", "side": "BUY", "hash": "b9a305bfdc19388c2fa932f617bd25379776b0fc", "best_bid": "0.921", "best_ask": "0.981"}], "timestamp": "1769384719607", "event_type": "price_change"}}
{"_local_timestamp": "2026-01-25T23:45:21.024623+00:00", "data": {"market": "0x4373eadfa50de6a61977e05eb4b05ddfbb644722a5b5f21d522b4d00cb8f419c", "price_changes": [{"asset_id": "42479081445791119611571249310309656672517338558233480123302444789598401007788", "price": "0.158", "size": "0", "side": "SELL", "hash": "df682983d88a2a5a9fb0617f093d56d7c2bb131e", "best_bid": "0.019", "best_ask": "0.079"}, {"asset_id": "95259527103856912045804525437718309745934937768465583929329345047712329516347", "price": "0.842", "size": "0", "side": "BUY", "hash": "a84e6a3eaacacefff77d36387907c3ba4d96a284", "best_bid": "0.921", "best_ask": "0.981"}], "timestamp": "1769384720953", "event_type": "price_change"}}
{"_local_timestamp": "2026-01-25T23:45:21.102596+00:00", "data": {"market": "0x4373eadfa50de6a61977e05eb4b05ddfbb644722a5b5f21d522b4d00cb8f419c", "price_changes": [{"asset_id": "42479081445791119611571249310309656672517338558233480123302444789598401007788", "price": "0.171", "size": "30", "side": "SELL", "hash": "aebd1b4944c6ee96bbb8c9bef983afe992daabab", "best_bid": "0.019", "best_ask": "0.079"}, {"asset_id": "95259527103856912045804525437718309745934937768465583929329345047712329516347", "price": "0.829", "size": "30", "side": "BUY", "hash": "ae591b4f85945b7dffae283c24e61967ea1b7484", "best_bid": "0.921", "best_ask": "0.981"}], "timestamp": "1769384721015", "event_type": "price_change"}}
{"_local_timestamp": "2026-01-25T23:46:32.732930+00:00", "data": {"market": "0x4373eadfa50de6a61977e05eb4b05ddfbb644722a5b5f21d522b4d00cb8f419c", "price_changes": [{"asset_id": "95259527103856912045804525437718309745934937768465583929329345047712329516347", "price": "0.828", "size": "0", "side": "BUY", "hash": "c5f06cd43f162216f21decfedcbce6ed420eba7b", "best_bid": "0.921", "best_ask": "0.981"}, {"asset_id": "42479081445791119611571249310309656672517338558233480123302444789598401007788", "price": "0.172", "size": "0", "side": "SELL", "hash": "b44c2c33f3d3612166b75ee3b946e49997369ffd", "best_bid": "0.019", "best_ask": "0.079"}], "timestamp": "1769384792651", "event_type": "price_change"}}
{"_local_timestamp": "2026-01-25T23:46:32.733544+00:00", "data": {"market": "0x4373eadfa50de6a61977e05eb4b05ddfbb644722a5b5f21d522b4d00cb8f419c", "price_changes": [{"asset_id": "95259527103856912045804525437718309745934937768465583929329345047712329516347", "price": "0.721", "size": "0", "side": "BUY", "hash": "c5f06cd43f162216f21decfedcbce6ed420eba7b", "best_bid": "0.921", "best_ask": "0.981"}, {"asset_id": "42479081445791119611571249310309656672517338558233480123302444789598401007788", "price": "0.279", "size": "0", "side": "SELL", "hash": "b44c2c33f3d3612166b75ee3b946e49997369ffd", "best_bid": "0.019", "best_ask": "0.079"}], "timestamp": "1769384792651", "event_type": "price_change"}}
{"_local_timestamp": "2026-01-25T23:46:32.912175+00:00", "data": {"market": "0x4373eadfa50de6a61977e05eb4b05ddfbb644722a5b5f21d522b4d00cb8f419c", "price_changes": [{"asset_id": "42479081445791119611571249310309656672517338558233480123302444789598401007788", "price": "0.171", "size": "0", "side": "SELL", "hash": "092d54d9a6a77eb58ad0506d91e3a2b58e836ade", "best_bid": "0.019", "best_ask": "0.079"}, {"asset_id": "95259527103856912045804525437718309745934937768465583929329345047712329516347", "price": "0.829", "size": "0", "side": "BUY", "hash": "cef4a6133a1cafc88ffba412010a523f916205a7", "best_bid": "0.921", "best_ask": "0.981"}], "timestamp": "1769384792832", "event_type": "price_change"}}
{"_local_timestamp": "2026-01-25T23:46:32.992253+00:00", "data": {"market": "0x4373eadfa50de6a61977e05eb4b05ddfbb644722a5b5f21d522b4d00cb8f419c", "price_changes": [{"asset_id": "42479081445791119611571249310309656672517338558233480123302444789598401007788", "price": "0.199", "size": "30", "side": "SELL", "hash": "03df6672c3666e4f104d834258ed26add5cff11c", "best_bid": "0.019", "best_ask": "0.079"}, {"asset_id": "95259527103856912045804525437718309745934937768465583929329345047712329516347", "price": "0.801", "size": "30", "side": "BUY", "hash": "125bda746a2187ec68303ea0fe875463ee5df598", "best_bid": "0.921", "best_ask": "0.981"}], "timestamp": "1769384792906", "event_type": "price_change"}}
{"_local_timestamp": "2026-01-25T23:46:33.691367+00:00", "data": {"market": "0x4373eadfa50de6a61977e05eb4b05ddfbb644722a5b5f21d522b4d00cb8f419c", "price_changes": [{"asset_id": "95259527103856912045804525437718309745934937768465583929329345047712329516347", "price": "0.922", "size": "66.66", "side": "BUY", "hash": "ec68e4707ee017673d849304ffd4ef753142214e", "best_bid": "0.922", "best_ask": "0.981"}, {"asset_id": "42479081445791119611571249310309656672517338558233480123302444789598401007788", "price": "0.078", "size": "66.66", "side": "SELL", "hash": "fd28547443d27ff9074ae3b5e8e161d27e954565", "best_bid": "0.019", "best_ask": "0.078"}], "timestamp": "1769384793612", "event_type": "price_change"}}
{"_local_timestamp": "2026-01-25T23:46:33.700922+00:00", "data": {"market": "0x4373eadfa50de6a61977e05eb4b05ddfbb644722a5b5f21d522b4d00cb8f419c", "price_changes": [{"asset_id": "95259527103856912045804525437718309745934937768465583929329345047712329516347", "price": "0.721", "size": "66.66", "side": "BUY", "hash": "0fda1096912bb043fd6a86a271ac6569cdd533ac", "best_bid": "0.922", "best_ask": "0.981"}, {"asset_id": "42479081445791119611571249310309656672517338558233480123302444789598401007788", "price": "0.279", "size": "66.66", "side": "SELL", "hash": "7cf7584762983475a26e71d741adfb3a4b8fb1f4", "best_bid": "0.019", "best_ask": "0.078"}], "timestamp": "1769384793623", "event_type": "price_change"}}
{"_local_timestamp": "2026-01-25T23:46:33.903425+00:00", "data": {"market": "0x4373eadfa50de6a61977e05eb4b05ddfbb644722a5b5f21d522b4d00cb8f419c", "price_changes": [{"asset_id": "95259527103856912045804525437718309745934937768465583929329345047712329516347", "price": "0.821", "size": "66.66", "side": "BUY", "hash": "c384ec4e60b48a4dfe0edc7e5831db13ae281c01", "best_bid": "0.922", "best_ask": "0.981"}, {"asset_id": "42479081445791119611571249310309656672517338558233480123302444789598401007788", "price": "0.179", "size": "66.66", "side": "SELL", "hash": "e88f2676e78f7ece128bd45f4a4d1976345fabea", "best_bid": "0.019", "best_ask": "0.078"}], "timestamp": "1769384793826", "event_type": "price_change"}}
{"_local_timestamp": "2026-01-25T23:46:33.931370+00:00", "data": {"market": "0x4373eadfa50de6a61977e05eb4b05ddfbb644722a5b5f21d522b4d00cb8f419c", "price_changes": [{"asset_id": "95259527103856912045804525437718309745934937768465583929329345047712329516347", "price": "0.922", "size": "96.66", "side": "BUY", "hash": "f5c296e797f23a0d05be0936b8432758d34f298f", "best_bid": "0.922", "best_ask": "0.981"}, {"asset_id": "42479081445791119611571249310309656672517338558233480123302444789598401007788", "price": "0.078", "size": "96.66", "side": "SELL", "hash": "359db92ca4fac8369afc27f07f3f4ea623d23473", "best_bid": "0.019", "best_ask": "0.078"}], "timestamp": "1769384793856", "event_type": "price_change"}}
{"_local_timestamp": "2026-01-25T23:48:24.833867+00:00", "data": {"market": "0x4373eadfa50de6a61977e05eb4b05ddfbb644722a5b5f21d522b4d00cb8f419c", "price_changes": [{"asset_id": "42479081445791119611571249310309656672517338558233480123302444789598401007788", "price": "0.079", "size": "0", "side": "SELL", "hash": "f7f4ca5e3b1b86c710ae540995f92c8189e0a1b7", "best_bid": "0.019", "best_ask": "0.078"}, {"asset_id": "95259527103856912045804525437718309745934937768465583929329345047712329516347", "price": "0.921", "size": "0", "side": "BUY", "hash": "5bf0c012ce59bb738dc77ce946a85178495a6b97", "best_bid": "0.922", "best_ask": "0.981"}], "timestamp": "1769384904588", "event_type": "price_change"}}
{"_local_timestamp": "2026-01-25T23:48:25.501240+00:00", "data": {"market": "0x4373eadfa50de6a61977e05eb4b05ddfbb644722a5b5f21d522b4d00cb8f419c", "price_changes": [{"asset_id": "42479081445791119611571249310309656672517338558233480123302444789598401007788", "price": "0.077", "size": "44.43", "side": "SELL", "hash": "d957be4737ab8e215ef8dad6e9b87df2f527cc05", "best_bid": "0.019", "best_ask": "0.077"}, {"asset_id": "95259527103856912045804525437718309745934937768465583929329345047712329516347", "price": "0.923", "size": "44.43", "side": "BUY", "hash": "4e18a0e63394cf5d66aee84d378e56cb411e42ed", "best_bid": "0.923", "best_ask": "0.981"}], "timestamp": "1769384905259", "event_type": "price_change"}}
{"_local_timestamp": "2026-01-25T23:48:26.748897+00:00", "data": {"market": "0x4373eadfa50de6a61977e05eb4b05ddfbb644722a5b5f21d522b4d00cb8f419c", "price_changes": [{"asset_id": "95259527103856912045804525437718309745934937768465583929329345047712329516347", "price": "0.922", "size": "66.66", "side": "BUY", "hash": "b9a9163e14d85828bfc2dd84e458083627fee457", "best_bid": "0.923", "best_ask": "0.981"}, {"asset_id": "42479081445791119611571249310309656672517338558233480123302444789598401007788", "price": "0.078", "size": "66.66", "side": "SELL", "hash": "bd7748f427f76862dd96c967fd81222f7b95bf37", "best_bid": "0.019", "best_ask": "0.077"}], "timestamp": "1769384906494", "event_type": "price_change"}}
{"_local_timestamp": "2026-01-25T23:48:27.465393+00:00", "data": {"market": "0x4373eadfa50de6a61977e05eb4b05ddfbb644722a5b5f21d522b4d00cb8f419c", "price_changes": [{"asset_id": "95259527103856912045804525437718309745934937768465583929329345047712329516347", "price": "0.922", "size": "96.66", "side": "BUY", "hash": "ea9789c83694a92d4b71ca677a34320ed1b9e655", "best_bid": "0.923", "best_ask": "0.981"}, {"asset_id": "42479081445791119611571249310309656672517338558233480123302444789598401007788", "price": "0.078", "size": "96.66", "side": "SELL", "hash": "0e61af07baafb9623f1cde7906e3826a8ea17f92", "best_bid": "0.019", "best_ask": "0.077"}], "timestamp": "1769384907229", "event_type": "price_change"}}
{"_local_timestamp": "2026-01-25T23:49:08.737623+00:00", "data": {"market": "0x4373eadfa50de6a61977e05eb4b05ddfbb644722a5b5f21d522b4d00cb8f419c", "price_changes": [{"asset_id": "95259527103856912045804525437718309745934937768465583929329345047712329516347", "price": "0.922", "size": "30", "side": "BUY", "hash": "4d1cfa3ca2de7026464bc8131df660645860789a", "best_bid": "0.923", "best_ask": "0.981"}, {"asset_id": "42479081445791119611571249310309656672517338558233480123302444789598401007788", "price": "0.078", "size": "30", "side": "SELL", "hash": "094c8e289723d526df5bbced66dd1c743214c22e", "best_bid": "0.019", "best_ask": "0.077"}], "timestamp": "1769384948665", "event_type": "price_change"}}
{"_local_timestamp": "2026-01-25T23:49:09.123809+00:00", "data": {"market": "0x4373eadfa50de6a61977e05eb4b05ddfbb644722a5b5f21d522b4d00cb8f419c", "price_changes": [{"asset_id": "42479081445791119611571249310309656672517338558233480123302444789598401007788", "price": "0.199", "size": "0", "side": "SELL", "hash": "6b5bec02e71ca208d3ccb711538c6d90a8076a19", "best_bid": "0.019", "best_ask": "0.077"}, {"asset_id": "95259527103856912045804525437718309745934937768465583929329345047712329516347", "price": "0.801", "size": "0", "side": "BUY", "hash": "1916237b569b86d567f196bed3688f4648fc5005", "best_bid": "0.923", "best_ask": "0.981"}], "timestamp": "1769384949041", "event_type": "price_change"}}
{"_local_timestamp": "2026-01-25T23:49:09.216881+00:00", "data": {"market": "0x4373eadfa50de6a61977e05eb4b05ddfbb644722a5b5f21d522b4d00cb8f419c", "price_changes": [{"asset_id": "42479081445791119611571249310309656672517338558233480123302444789598401007788", "price": "0.178", "size": "30", "side": "SELL", "hash": "440fac5e0e1ad46d532c2ef38c61a57884594230", "best_bid": "0.019", "best_ask": "0.077"}, {"asset_id": "95259527103856912045804525437718309745934937768465583929329345047712329516347", "price": "0.822", "size": "30", "side": "BUY", "hash": "12a8449b2ab170b148d37373ce7b001671976cab", "best_bid": "0.923", "best_ask": "0.981"}], "timestamp": "1769384949127", "event_type": "price_change"}}
{"_local_timestamp": "2026-01-25T23:49:09.567991+00:00", "data": {"market": "0x4373eadfa50de6a61977e05eb4b05ddfbb644722a5b5f21d522b4d00cb8f419c", "price_changes": [{"asset_id": "95259527103856912045804525437718309745934937768465583929329345047712329516347", "price": "0.924", "size": "66.66", "side": "BUY", "hash": "259dba83a5371fd24be196c56e9f50b65a668a58", "best_bid": "0.924", "best_ask": "0.981"}, {"asset_id": "42479081445791119611571249310309656672517338558233480123302444789598401007788", "price": "0.076", "size": "66.66", "side": "SELL", "hash": "600f57b6d378067de6750b26295663fd73b658fb", "best_bid": "0.019", "best_ask": "0.076"}], "timestamp": "1769384949486", "event_type": "price_change"}}
{"_local_timestamp": "2026-01-25T23:49:10.197208+00:00", "data": {"market": "0x4373eadfa50de6a61977e05eb4b05ddfbb644722a5b5f21d522b4d00cb8f419c", "price_changes": [{"asset_id": "95259527103856912045804525437718309745934937768465583929329345047712329516347", "price": "0.922", "size": "0", "side": "BUY", "hash": "5f221a84c9a9cfe524ab73e02d9b5e7f215ab459", "best_bid": "0.924", "best_ask": "0.981"}, {"asset_id": "42479081445791119611571249310309656672517338558233480123302444789598401007788", "price": "0.078", "size": "0", "side": "SELL", "hash": "7bbe2e24dc586a5de59d342b1045f7a0facf664c", "best_bid": "0.019", "best_ask": "0.076"}], "timestamp": "1769384950130", "event_type": "price_change"}}
{"_local_timestamp": "2026-01-25T23:49:10.384058+00:00", "data": {"market": "0x4373eadfa50de6a61977e05eb4b05ddfbb644722a5b5f21d522b4d00cb8f419c", "price_changes": [{"asset_id": "95259527103856912045804525437718309745934937768465583929329345047712329516347", "price": "0.821", "size": "96.66", "side": "BUY", "hash": "35eeb9bd7b8fee45fe3a0ffc0d9c4154d527ce72", "best_bid": "0.924", "best_ask": "0.981"}, {"asset_id": "42479081445791119611571249310309656672517338558233480123302444789598401007788", "price": "0.179", "size": "96.66", "side": "SELL", "hash": "47df912df62f181be9b6c9981f86376332123446", "best_bid": "0.019", "best_ask": "0.076"}], "timestamp": "1769384950317", "event_type": "price_change"}}
{"_local_timestamp": "2026-01-25T23:49:11.397402+00:00", "data": {"market": "0x4373eadfa50de6a61977e05eb4b05ddfbb644722a5b5f21d522b4d00cb8f419c", "price_changes": [{"asset_id": "95259527103856912045804525437718309745934937768465583929329345047712329516347", "price": "0.821", "size": "66.66", "side": "BUY", "hash": "4a4c0cc71daa4ccef3b8c5548cf447175ddb9554", "best_bid": "0.924", "best_ask": "0.981"}, {"asset_id": "42479081445791119611571249310309656672517338558233480123302444789598401007788", "price": "0.179", "size": "66.66", "side": "SELL", "hash": "8f0a063beb85ebab754179ad4efb9c3b697e8037", "best_bid": "0.019", "best_ask": "0.076"}], "timestamp": "1769384951331", "event_type": "price_change"}}
{"_local_timestamp": "2026-01-25T23:49:11.935392+00:00", "data": {"market": "0x4373eadfa50de6a61977e05eb4b05ddfbb644722a5b5f21d522b4d00cb8f419c", "price_changes": [{"asset_id": "95259527103856912045804525437718309745934937768465583929329345047712329516347", "price": "0.924", "size": "96.66", "side": "BUY", "hash": "1f6c0e2182c5ac6cee282b3397eae65d25902931", "best_bid": "0.924", "best_ask": "0.981"}, {"asset_id": "42479081445791119611571249310309656672517338558233480123302444789598401007788", "price": "0.076", "size": "96.66", "side": "SELL", "hash": "186ac90a42d702c0dfc749de371094db8eeabb42", "best_bid": "0.019", "best_ask": "0.076"}], "timestamp": "1769384951870", "event_type": "price_change"}}
{"_local_timestamp": "2026-01-25T23:49:49.033999+00:00", "data": {"market": "0x4373eadfa50de6a61977e05eb4b05ddfbb644722a5b5f21d522b4d00cb8f419c", "price_changes": [{"asset_id": "42479081445791119611571249310309656672517338558233480123302444789598401007788", "price": "0.007", "size": "35.36", "side": "BUY", "hash": "d8c8410400cbfae30e5226bb7db74b0963ecef02", "best_bid": "0.019", "best_ask": "0.076"}, {"asset_id": "95259527103856912045804525437718309745934937768465583929329345047712329516347", "price": "0.993", "size": "35.36", "side": "SELL", "hash": "b7109224aa1c85136958eeffc3116b8a178b969b", "best_bid": "0.924", "best_ask": "0.981"}], "timestamp": "1769384988965", "event_type": "price_change"}}
{"_local_timestamp": "2026-01-25T23:49:49.496138+00:00", "data": {"market": "0x4373eadfa50de6a61977e05eb4b05ddfbb644722a5b5f21d522b4d00cb8f419c", "price_changes": [{"asset_id": "42479081445791119611571249310309656672517338558233480123302444789598401007788", "price": "0.007", "size": "80.34", "side": "BUY", "hash": "f7f1f83cbf6bf6bf41c6ed208204ed88f0fc82a4", "best_bid": "0.019", "best_ask": "0.076"}, {"asset_id": "95259527103856912045804525437718309745934937768465583929329345047712329516347", "price": "0.993", "size": "80.34", "side": "SELL", "hash": "aa979fb3c4586f81fc0e517922f6cc07061ec330", "best_bid": "0.924", "best_ask": "0.981"}], "timestamp": "1769384989427", "event_type": "price_change"}}
{"_local_timestamp": "2026-01-25T23:49:50.496275+00:00", "data": {"market": "0x4373eadfa50de6a61977e05eb4b05ddfbb644722a5b5f21d522b4d00cb8f419c", "price_changes": [{"asset_id": "42479081445791119611571249310309656672517338558233480123302444789598401007788", "price": "0.077", "size": "0", "side": "SELL", "hash": "06d394ebe5be3d34fc150492266ecd6a72407b00", "best_bid": "0.019", "best_ask": "0.076"}, {"asset_id": "95259527103856912045804525437718309745934937768465583929329345047712329516347", "price": "0.923", "size": "0", "side": "BUY", "hash": "fb38e68a59f1377eb84837954eef525e5828d672", "best_bid": "0.924", "best_ask": "0.981"}], "timestamp": "1769384990424", "event_type": "price_change"}}
{"_local_timestamp": "2026-01-25T23:49:51.401754+00:00", "data": {"market": "0x4373eadfa50de6a61977e05eb4b05ddfbb644722a5b5f21d522b4d00cb8f419c", "price_changes": [{"asset_id": "95259527103856912045804525437718309745934937768465583929329345047712329516347", "price": "0.924", "size": "66.66", "side": "BUY", "hash": "aaf592f25d779d4cecee99ae7f75d3e74b4e1925", "best_bid": "0.924", "best_ask": "0.981"}, {"asset_id": "42479081445791119611571249310309656672517338558233480123302444789598401007788", "price": "0.076", "size": "66.66", "side": "SELL", "hash": "8110df391bb497a866b190178e8bd56279b7b9ea", "best_bid": "0.019", "best_ask": "0.076"}], "timestamp": "1769384991241", "event_type": "price_change"}}
{"_local_timestamp": "2026-01-25T23:49:51.477612+00:00", "data": {"market": "0x4373eadfa50de6a61977e05eb4b05ddfbb644722a5b5f21d522b4d00cb8f419c", "price_changes": [{"asset_id": "42479081445791119611571249310309656672517338558233480123302444789598401007788", "price": "0.075", "size": "44.43", "side": "SELL", "hash": "ce3c9e14a498a0c922e5b132468db2a90b12f563", "best_bid": "0.019", "best_ask": "0.075"}, {"asset_id": "95259527103856912045804525437718309745934937768465583929329345047712329516347", "price": "0.925", "size": "44.43", "side": "BUY", "hash": "2567f98f56b99b34178e4666d9aadf905ee1f354", "best_bid": "0.925", "best_ask": "0.981"}], "timestamp": "1769384991361", "event_type": "price_change"}}
{"_local_timestamp": "2026-01-25T23:49:51.841952+00:00", "data": {"market": "0x4373eadfa50de6a61977e05eb4b05ddfbb644722a5b5f21d522b4d00cb8f419c", "price_changes": [{"asset_id": "95259527103856912045804525437718309745934937768465583929329345047712329516347", "price": "0.924", "size": "96.66", "side": "BUY", "hash": "91025ede67d3ab087452db680d578c6efd4db879", "best_bid": "0.925", "best_ask": "0.981"}, {"asset_id": "42479081445791119611571249310309656672517338558233480123302444789598401007788", "price": "0.076", "size": "96.66", "side": "SELL", "hash": "b01486ad8979e71a6189f58e900d5b76517afca1", "best_bid": "0.019", "best_ask": "0.075"}], "timestamp": "1769384991774", "event_type": "price_change"}}
