{"_local_timestamp": "2026-01-25T23:40:30.214099+00:00", "data": [{"market": "0x4c8ceef9b9c0a27b6b4efa7c398ece4a5eeda76502f722de398c232abefe2ede", "asset_id": "78473141615408645278260621827323903204731180016962666262959632385172645644801", "timestamp": "1769384424001", "hash": "088605fed8e7065840986b5b3586db1124febd02", "bids": [{"price": "0.01", "size": "13227.23"}, {"price": "0.02", "size": "1400"}, {"price": "0.03", "size": "561"}, {"price": "0.04", "size": "6.48"}, {"price": "0.05", "size": "10"}, {"price": "0.09", "size": "400"}, {"price": "0.1", "size": "3000"}, {"price": "0.11", "size": "5.43"}, {"price": "0.13", "size": "261.53"}, {"price": "0.14", "size": "4550"}, {"price": "0.17", "size": "188.23"}, {"price": "0.2", "size": "2950"}, {"price": "0.21", "size": "893.33"}, {"price": "0.22", "size": "2008"}, {"price": "0.26", "size": "100"}, {"price": "0.27", "size": "250"}, {"price": "0.3", "size": "80"}, {"price": "0.34", "size": "183.82"}, {"price": "0.35", "size": "3970"}, {"price": "0.51", "size": "1999.97"}, {"price": "0.52", "size": "248.66"}, {"price": "0.6", "size": "512.5"}, {"price": "0.63", "size": "100"}, {"price": "0.67", "size": "72.52"}, {"price": "0.68", "size": "5"}, {"price": "0.7", "size": "36.18"}, {"price": "0.71", "size": "100"}, {"price": "0.74", "size": "9"}, {"price": "0.75", "size": "17.33"}, {"price": "0.77", "size": "2677"}, {"price": "0.78", "size": "2614.1"}, {"price": "0.79", "size": "2100"}, {"price": "0.8", "size": "2334.5"}, {"price": "0.81", "size": "2221"}, {"price": "0.82", "size": "2125"}, {"price": "0.83", "size": "6033.82"}, {"price": "0.84", "size": "2125.57"}, {"price": "0.85", "size": "3997.53"}], "asks": [{"price": "0.99", "size": "510000"}, {"price": "0.98", "size": "30011.25"}, {"price": "0.97", "size": "13200"}, {"price": "0.96", "size": "3632.45"}, {"price": "0.95", "size": "2033.45"}, {"price": "0.94", "size": "2200"}, {"price": "0.93", "size": "1184.09"}, {"price": "0.92", "size": "1049.99"}, {"price": "0.91", "size": "619.73"}, {"price": "0.9", "size": "8092.36"}, {"price": "0.89", "size": "4065"}, {"price": "0.88", "size": "1984.6"}, {"price": "0.87", "size": "1982.62"}, {"price": "0.86", "size": "2216.8"}], "event_type": "book", "last_trade_price": "0.860"}, {"market": "0x4c8ceef9b9c0a27b6b4efa7c398ece4a5eeda76502f722de398c232abefe2ede", "asset_id": "22094182676612877581056034720566110371610082057092726094559729674155018648896", "timestamp": "1769384424001", "hash": "570651b1ec7f7425150465b36d3b38d090455e96", "bids": [{"price": "0.01", "size": "510000"}, {"price": "0.02", "size": "30011.25"}, {"price": "0.03", "size": "13200"}, {"price": "0.04", "size": "3632.45"}, {"price": "0.05", "size": "2033.45"}, {"price": "0.06", "size": "2200"}, {"price": "0.07", "size": "1184.09"}, {"price": "0.08", "size": "1049.99"}, {"price": "0.09", "size": "619.73"}, {"price": "0.1", "size": "8092.36"}, {"price": "0.11", "size": "4065"}, {"price": "0.12", "size": "1984.6"}, {"price": "0.13", "size": "1982.62"}, {"price": "0.14", "size": "2216.8"}], "asks": [{"price": "0.99", "size": "13227.23"}, {"price": "0.98", "size": "1400"}, {"price": "0.97", "size": "561"}, {"price": "0.96", "size": "6.48"}, {"price": "0.95", "size": "10"}, {"price": "0.91", "size": "400"}, {"price": "0.9", "size": "3000"}, {"price": "0.89", "size": "5.43"}, {"price": "0.87", "size": "261.53"}, {"price": "0.86", "size": "4550"}, {"price": "0.83", "size": "188.23"}, {"price": "0.8", "size": "2950"}, {"price": "0.79", "size": "893.33"}, {"price": "0.78", "size": "2008"}, {"price": "0.74", "size": "100"}, {"price": "0.73", "size": "250"}, {"price": "0.7", "size": "80"}, {"price": "0.66", "size": "183.82"}, {"price": "0.65", "size": "3970"}, {"price": "0.49", "size": "1999.97"}, {"price": "0.48", "size": "248.66"}, {"price": "0.4", "size": "512.5"}, {"price": "0.37", "size": "100"}, {"price": "0.33", "size": "72.52"}, {"price": "0.32", "size": "5"}, {"price": "0.3", "size": "36.18"}, {"price": "0.29", "size": "100"}, {"price": "0.26", "size": "9"}, {"price": "0.25", "size": "17.33"}, {"price": "0.23", "size": "2677"}, {"price": "0.22", "size": "2614.1"}, {"price": "0.21", "size": "2100"}, {"price": "0.2", "size": "2334.5"}, {"price": "0.19", "size": "2221"}, {"price": "0.18", "size": "2125"}, {"price": "0.17", "size": "6033.82"}, {"price": "0.16", "size": "2125.57"}, {"price": "0.15", "size": "3997.53"}], "event_type": "book", "last_trade_price": "0.860"}]}
{"_local_timestamp": "2026-01-25T23:40:57.096835+00:00", "data": {"market": "0x4c8ceef9b9c0a27b6b4efa7c398ece4a5eeda76502f722de398c232abefe2ede", "price_changes": [{"asset_id": "22094182676612877581056034720566110371610082057092726094559729674155018648896", "price": "0.1", "size": "7972.36", "side": "BUY", "hash": "c0717592d1efeae2e9abad243500813a00d21988", "best_bid": "0.14", "best_ask": "0.15"}, {"asset_id": "78473141615408645278260621827323903204731180016962666262959632385172645644801", "price": "0.9", "size": "7972.36", "side": "SELL", "hash": "0690cfd6d12b7522415a9107f8ea7d5040ad146e", "best_bid": "0.85", "best_ask": "0.86"}], "timestamp": "1769384457001", "event_type": "price_change"}}
{"_local_timestamp": "2026-01-25T23:40:57.120027+00:00", "data": {"market": "0x4c8ceef9b9c0a27b6b4efa7c398ece4a5eeda76502f722de398c232abefe2ede", "price_changes": [{"asset_id": "22094182676612877581056034720566110371610082057092726094559729674155018648896", "price": "0.07", "size": "1127.09", "side": "BUY", "hash": "c8783f7c91735e004b014c7e4bfa3a024d1c69c4", "best_bid": "0.14", "best_ask": "0.15"}, {"asset_id": "78473141615408645278260621827323903204731180016962666262959632385172645644801", "price": "0.93", "size": "1127.09", "side": "SELL", "hash": "3bc587b154ed667a30dc2b0787d081936c73a8ee", "best_bid": "0.85", "best_ask": "0.86"}], "timestamp": "1769384457004", "event_type": "price_change"}}
{"_local_timestamp": "2026-01-25T23:42:24.683078+00:00", "data": {"market": "0x4c8ceef9b9c0a27b6b4efa7c398ece4a5eeda76502f722de398c232abefe2ede", "price_changes": [{"asset_id": "78473141615408645278260621827323903204731180016962666262959632385172645644801", "price": "0.27", "size": "200", "side": "BUY", "hash": "ecf2fc1383ce0538fbeeac3e5ebbf80769c2b8fd", "best_bid": "0.85", "best_ask": "0.86"}, {"asset_id": "22094182676612877581056034720566110371610082057092726094559729674155018648896", "price": "0.73", "size": "200", "side": "SELL", "hash": "18052f78e32493df8dec9a2c80cb8b152c2d667a", "best_bid": "0.14", "best_ask": "0.15"}], "timestamp": "1769384544481", "event_type": "price_change"}}
{"_local_timestamp": "2026-01-25T23:42:25.222327+00:00", "data": {"market": "0x4c8ceef9b9c0a27b6b4efa7c398ece4a5eeda76502f722de398c232abefe2ede", "price_changes": [{"asset_id": "78473141615408645278260621827323903204731180016962666262959632385172645644801", "price": "0.35", "size": "4020", "side": "BUY", "hash": "03f0f9cf1d48562328c55e7452ab3967589850f1", "best_bid": "0.85", "best_ask": "0.86"}, {"asset_id": "22094182676612877581056034720566110371610082057092726094559729674155018648896", "price": "0.65", "size": "4020", "side": "SELL", "hash": "c37f135442ef3b9ace7f169a038fbacb46b6ad6e", "best_bid": "0.14", "best_ask": "0.15"}], "timestamp": "1769384545078", "event_type": "price_change"}}
{"_local_timestamp": "2026-01-25T23:42:27.766031+00:00", "data": {"market": "0x4c8ceef9b9c0a27b6b4efa7c398ece4a5eeda76502f722de398c232abefe2ede", "price_changes": [{"asset_id": "22094182676612877581056034720566110371610082057092726094559729674155018648896", "price": "0.05", "size": "12033.45", "side": "BUY", "hash": "46c5d4087778c82e064ac8045d53a3e4a90c620e", "best_bid": "0.14", "best_ask": "0.15"}, {"asset_id": "78473141615408645278260621827323903204731180016962666262959632385172645644801", "price": "0.95", "size": "12033.45", "side": "SELL", "hash": "08c6ca2ed6fdf21caf27207a1beb5cad1e172e95", "best_bid": "0.85", "best_ask": "0.86"}], "timestamp": "1769384547625", "event_type": "price_change"}}
{"_local_timestamp": "2026-01-25T23:42:27.768427+00:00", "data": {"market": "0x4c8ceef9b9c0a27b6b4efa7c398ece4a5eeda76502f722de398c232abefe2ede", "price_changes": [{"asset_id": "22094182676612877581056034720566110371610082057092726094559729674155018648896", "price": "0.1", "size": "8102.36", "side": "BUY", "hash": "83be3c4721a7b578de3400a465a7ba9b9943e94c", "best_bid": "0.14", "best_ask": "0.15"}, {"asset_id": "78473141615408645278260621827323903204731180016962666262959632385172645644801", "price": "0.9", "size": "8102.36", "side": "SELL", "hash": "08cac13371c3191d9f58f6920a77b7a6cf566b35", "best_bid": "0.85", "best_ask": "0.86"}], "timestamp": "1769384547627", "event_type": "price_change"}}
{"_local_timestamp": "2026-01-25T23:42:27.770240+00:00", "data": {"market": "0x4c8ceef9b9c0a27b6b4efa7c398ece4a5eeda76502f722de398c232abefe2ede", "price_changes": [{"asset_id": "22094182676612877581056034720566110371610082057092726094559729674155018648896", "price": "0.07", "size": "7729.09", "side": "BUY", "hash": "40753137f25f5a12e2a93148175ee0370bf2adec", "best_bid": "0.14", "best_ask": "0.15"}, {"asset_id": "78473141615408645278260621827323903204731180016962666262959632385172645644801", "price": "0.93", "size": "7729.09", "side": "SELL", "hash": "905da2c0d05bba86838513d6904b84526711d7f3", "best_bid": "0.85", "best_ask": "0.86"}], "timestamp": "1769384547629", "event_type": "price_change"}}
{"_local_timestamp": "2026-01-25T23:42:27.773730+00:00", "data": {"market": "0x4c8ceef9b9c0a27b6b4efa7c398ece4a5eeda76502f722de398c232abefe2ede", "price_changes": [{"asset_id": "22094182676612877581056034720566110371610082057092726094559729674155018648896", "price": "0.11", "size": "4119", "side": "BUY", "hash": "c3e76c4a713870f87dd54c3ba8575778ca9dd150", "best_bid": "0.14", "best_ask": "0.15"}, {"asset_id": "78473141615408645278260621827323903204731180016962666262959632385172645644801", "price": "0.89", "size": "4119", "side": "SELL", "hash": "11949d10c1008a04429c3b5f02774ba54aeeeaef", "best_bid": "0.85", "best_ask": "0.86"}], "timestamp": "1769384547633", "event_type": "price_change"}}
