{"_local_timestamp": "2026-01-25T23:40:44.702988+00:00", "data": [{"market": "0x5bc23ef1d55fb8d4a1b21b7c8780aa1b6b019262dda806da8a79dc8ada217f33", "asset_id": "56888387443153290473779399645893214898197325618962871997813882665583407269175", "timestamp": "1769384440604", "hash": "a1641f1cb21a2767c278d80592913f4ee185c446", "bids": [{"price": "0.01", "size": "5534.95"}, {"price": "0.02", "size": "1500"}, {"price": "0.03", "size": "10.4"}, {"price": "0.05", "size": "1610"}, {"price": "0.06", "size": "250"}, {"price": "0.07", "size": "1514.28"}, {"price": "0.09", "size": "150"}, {"price": "0.1", "size": "340"}, {"price": "0.11", "size": "5.34"}, {"price": "0.13", "size": "246.15"}, {"price": "0.15", "size": "550"}, {"price": "0.16", "size": "1320"}, {"price": "0.17", "size": "164.7"}, {"price": "0.19", "size": "100"}, {"price": "0.2", "size": "280"}, {"price": "0.21", "size": "2098"}, {"price": "0.23", "size": "154.34"}, {"price": "0.27", "size": "324.07"}, {"price": "0.36", "size": "59.52"}, {"price": "0.37", "size": "5"}, {"price": "0.4", "size": "588"}, {"price": "0.41", "size": "900"}, {"price": "0.42", "size": "600"}, {"price": "0.43", "size": "500"}, {"price": "0.44", "size": "688"}, {"price": "0.45", "size": "588"}, {"price": "0.5", "size": "506.67"}, {"price": "0.51", "size": "444"}, {"price": "0.52", "size": "174.99"}, {"price": "0.53", "size": "24.52"}, {"price": "0.54", "size": "20.37"}, {"price": "0.6", "size": "730"}, {"price": "0.61", "size": "555"}, {"price": "0.62", "size": "106.5"}, {"price": "0.63", "size": "508.79"}, {"price": "0.64", "size": "1002.33"}, {"price": "0.65", "size": "278"}], "asks": [{"price": "0.99", "size": "7190.99"}, {"price": "0.98", "size": "2806.22"}, {"price": "0.97", "size": "1200"}, {"price": "0.96", "size": "7.66"}, {"price": "0.95", "size": "730.58"}, {"price": "0.93", "size": "457.14"}, {"price": "0.91", "size": "4772.51"}, {"price": "0.9", "size": "755.69"}, {"price": "0.89", "size": "661.36"}, {"price": "0.88", "size": "350"}, {"price": "0.86", "size": "142.85"}, {"price": "0.85", "size": "100"}, {"price": "0.84", "size": "500"}, {"price": "0.81", "size": "2965"}, {"price": "0.8", "size": "347"}, {"price": "0.79", "size": "126"}, {"price": "0.77", "size": "1248.6"}, {"price": "0.76", "size": "600"}, {"price": "0.75", "size": "622.75"}, {"price": "0.74", "size": "110"}, {"price": "0.73", "size": "473.74"}, {"price": "0.72", "size": "4353.9"}, {"price": "0.71", "size": "594"}, {"price": "0.69", "size": "341"}, {"price": "0.68", "size": "1584.1"}, {"price": "0.67", "size": "143"}], "event_type": "book", "last_trade_price": "0.330"}, {"market": "0x5bc23ef1d55fb8d4a1b21b7c8780aa1b6b019262dda806da8a79dc8ada217f33", "asset_id": "44152243636867873932593431458048174258413868830357636196802887961839805767798", "timestamp": "1769384440604", "hash": "ebbb1ca8156dfdebae4b5da0902afdb2dd422cd0", "bids": [{"price": "0.01", "size": "7190.99"}, {"price": "0.02", "size": "2806.22"}, {"price": "0.03", "size": "1200"}, {"price": "0.04", "size": "7.66"}, {"price": "0.05", "size": "730.58"}, {"price": "0.07", "size": "457.14"}, {"price": "0.09", "size": "4772.51"}, {"price": "0.1", "size": "755.69"}, {"price": "0.11", "size": "661.36"}, {"price": "0.12", "size": "350"}, {"price": "0.14", "size": "142.85"}, {"price": "0.15", "size": "100"}, {"price": "0.16", "size": "500"}, {"price": "0.19", "size": "2965"}, {"price": "0.2", "size": "347"}, {"price": "0.21", "size": "126"}, {"price": "0.23", "size": "1248.6"}, {"price": "0.24", "size": "600"}, {"price": "0.25", "size": "622.75"}, {"price": "0.26", "size": "110"}, {"price": "0.27", "size": "473.74"}, {"price": "0.28", "size": "4353.9"}, {"price": "0.29", "size": "594"}, {"price": "0.31", "size": "341"}, {"price": "0.32", "size": "1584.1"}, {"price": "0.33", "size": "143"}], "asks": [{"price": "0.99", "size": "5534.95"}, {"price": "0.98", "size": "1500"}, {"price": "0.97", "size": "10.4"}, {"price": "0.95", "size": "1610"}, {"price": "0.94", "size": "250"}, {"price": "0.93", "size": "1514.28"}, {"price": "0.91", "size": "150"}, {"price": "0.9", "size": "340"}, {"price": "0.89", "size": "5.34"}, {"price": "0.87", "size": "246.15"}, {"price": "0.85", "size": "550"}, {"price": "0.84", "size": "1320"}, {"price": "0.83", "size": "164.7"}, {"price": "0.81", "size": "100"}, {"price": "0.8", "size": "280"}, {"price": "0.79", "size": "2098"}, {"price": "0.77", "size": "154.34"}, {"price": "0.73", "size": "324.07"}, {"price": "0.64", "size": "59.52"}, {"price": "0.63", "size": "5"}, {"price": "0.6", "size": "588"}, {"price": "0.59", "size": "900"}, {"price": "0.58", "size": "600"}, {"price": "0.57", "size": "500"}, {"price": "0.56", "size": "688"}, {"price": "0.55", "size": "588"}, {"price": "0.5", "size": "506.67"}, {"price": "0.49", "size": "444"}, {"price": "0.48", "size": "174.99"}, {"price": "0.47", "size": "24.52"}, {"price": "0.46", "size": "20.37"}, {"price": "0.4", "size": "730"}, {"price": "0.39", "size": "555"}, {"price": "0.38", "size": "106.5"}, {"price": "0.37", "size": "508.79"}, {"price": "0.36", "size": "1002.33"}, {"price": "0.35", "size": "278"}], "event_type": "book", "last_trade_price": "0.330"}]}
{"_local_timestamp": "2026-01-25T23:40:59.193585+00:00", "data": {"market": "0x5bc23ef1d55fb8d4a1b21b7c8780aa1b6b019262dda806da8a79dc8ada217f33", "price_changes": [{"asset_id": "44152243636867873932593431458048174258413868830357636196802887961839805767798", "price": "0.02", "size": "2406.22", "side": "BUY", "hash": "483442e5f85a4be6ebd25c6b456a26eb521fa68c", "best_bid": "0.33", "best_ask": "0.35"}, {"asset_id": "56888387443153290473779399645893214898197325618962871997813882665583407269175", "price": "0.98", "size": "2406.22", "side": "SELL", "hash": "6c6215063a7866f0b8112af514dc1f2223a7ee39", "best_bid": "0.65", "best_ask": "0.67"}], "timestamp": "1769384459097", "event_type": "price_change"}}
{"_local_timestamp": "2026-01-25T23:40:59.568114+00:00", "data": {"market": "0x5bc23ef1d55fb8d4a1b21b7c8780aa1b6b019262dda806da8a79dc8ada217f33", "price_changes": [{"asset_id": "44152243636867873932593431458048174258413868830357636196802887961839805767798", "price": "0.05", "size": "1130.58", "side": "BUY", "hash": "364e8b2109ee862c4b9480a7ec671227829d8bc8", "best_bid": "0.33", "best_ask": "0.35"}, {"asset_id": "56888387443153290473779399645893214898197325618962871997813882665583407269175", "price": "0.95", "size": "1130.58", "side": "SELL", "hash": "2590859da4a1314d2f78d7871eede3d395dd9b88", "best_bid": "0.65", "best_ask": "0.67"}], "timestamp": "1769384459457", "event_type": "price_change"}}
{"_local_timestamp": "2026-01-25T23:41:00.076319+00:00", "data": {"market": "0x5bc23ef1d55fb8d4a1b21b7c8780aa1b6b019262dda806da8a79dc8ada217f33", "price_changes": [{"asset_id": "44152243636867873932593431458048174258413868830357636196802887961839805767798", "price": "0.19", "size": "970", "side": "BUY", "hash": "257234ab09f18905b15e76d3f4342579eccaa396", "best_bid": "0.33", "best_ask": "0.35"}, {"asset_id": "56888387443153290473779399645893214898197325618962871997813882665583407269175", "price": "0.81", "size": "970", "side": "SELL", "hash": "38cc22059bc66e52cedc9d4383da9fdea11c476f", "best_bid": "0.65", "best_ask": "0.67"}], "timestamp": "1769384460001", "event_type": "price_change"}}
{"_local_timestamp": "2026-01-25T23:41:00.079975+00:00", "data": {"market": "0x5bc23ef1d55fb8d4a1b21b7c8780aa1b6b019262dda806da8a79dc8ada217f33", "price_changes": [{"asset_id": "44152243636867873932593431458048174258413868830357636196802887961839805767798", "price": "0.23", "size": "466.6", "side": "BUY", "hash": "e349b78cb0da9ae5d8268109819f491afa7a3eb0", "best_bid": "0.33", "best_ask": "0.35"}, {"asset_id": "56888387443153290473779399645893214898197325618962871997813882665583407269175", "price": "0.77", "size": "466.6", "side": "SELL", "hash": "73322f6fb423253aa417a9c6824c4f0fa874d9db", "best_bid": "0.65", "best_ask": "0.67"}], "timestamp": "1769384460002", "event_type": "price_change"}}
{"_local_timestamp": "2026-01-25T23:41:40.222324+00:00", "data": {"market": "0x5bc23ef1d55fb8d4a1b21b7c8780aa1b6b019262dda806da8a79dc8ada217f33", "price_changes": [{"asset_id": "44152243636867873932593431458048174258413868830357636196802887961839805767798", "price": "0.02", "size": "1606.22", "side": "BUY", "hash": "98bacdd126e0cbec991845c11c0de52c4f32c370", "best_bid": "0.33", "best_ask": "0.35"}, {"asset_id": "56888387443153290473779399645893214898197325618962871997813882665583407269175", "price": "0.98", "size": "1606.22", "side": "SELL", "hash": "beb0cd5808749e4a397b2f52b0b17a73c7f59613", "best_bid": "0.65", "best_ask": "0.67"}], "timestamp": "1769384500142", "event_type": "price_change"}}
{"_local_timestamp": "2026-01-25T23:41:40.562321+00:00", "data": {"market": "0x5bc23ef1d55fb8d4a1b21b7c8780aa1b6b019262dda806da8a79dc8ada217f33", "price_changes": [{"asset_id": "44152243636867873932593431458048174258413868830357636196802887961839805767798", "price": "0.05", "size": "1630.58", "side": "BUY", "hash": "5b5ea3b8c4efe10e12e13b7d9e9e7786e7df852f", "best_bid": "0.33", "best_ask": "0.35"}, {"asset_id": "56888387443153290473779399645893214898197325618962871997813882665583407269175", "price": "0.95", "size": "1630.58", "side": "SELL", "hash": "529281953f14e4c3c81c9cacc1b368a3a193aaee", "best_bid": "0.65", "best_ask": "0.67"}], "timestamp": "1769384500482", "event_type": "price_change"}}
{"_local_timestamp": "2026-01-25T23:41:50.895346+00:00", "data": {"market": "0x5bc23ef1d55fb8d4a1b21b7c8780aa1b6b019262dda806da8a79dc8ada217f33", "price_changes": [{"asset_id": "56888387443153290473779399645893214898197325618962871997813882665583407269175", "price": "0.2", "size": "130", "side": "BUY", "hash": "1e7d69bae28d034852c75778370319aa02fac98f", "best_bid": "0.65", "best_ask": "0.67"}, {"asset_id": "44152243636867873932593431458048174258413868830357636196802887961839805767798", "price": "0.8", "size": "130", "side": "SELL", "hash": "ead0074c17f5274b8f5db5ddbf6a932efc0d5475", "best_bid": "0.33", "best_ask": "0.35"}], "timestamp": "1769384510745", "event_type": "price_change"}}
{"_local_timestamp": "2026-01-25T23:41:52.716784+00:00", "data": {"market": "0x5bc23ef1d55fb8d4a1b21b7c8780aa1b6b019262dda806da8a79dc8ada217f33", "price_changes": [{"asset_id": "56888387443153290473779399645893214898197325618962871997813882665583407269175", "price": "0.16", "size": "1470", "side": "BUY", "hash": "387a341749255fe2b1a07446568a7b73fef176a2", "best_bid": "0.65", "best_ask": "0.67"}, {"asset_id": "44152243636867873932593431458048174258413868830357636196802887961839805767798", "price": "0.84", "size": "1470", "side": "SELL", "hash": "3c1e12749a0bfb4a800173a75f5661fa8f37a3a7", "best_bid": "0.33", "best_ask": "0.35"}], "timestamp": "1769384511765", "event_type": "price_change"}}
{"_local_timestamp": "2026-01-25T23:42:24.779726+00:00", "data": {"market": "0x5bc23ef1d55fb8d4a1b21b7c8780aa1b6b019262dda806da8a79dc8ada217f33", "price_changes": [{"asset_id": "56888387443153290473779399645893214898197325618962871997813882665583407269175", "price": "0.27", "size": "274.07", "side": "BUY", "hash": "74096b9acc2dc4bc8603534840ee0dcc4e8cc16b", "best_bid": "0.65", "best_ask": "0.67"}, {"asset_id": "44152243636867873932593431458048174258413868830357636196802887961839805767798", "price": "0.73", "size": "274.07", "side": "SELL", "hash": "f8afbac83bbd7cfb90205bb8367424a425ccb631", "best_bid": "0.33", "best_ask": "0.35"}], "timestamp": "1769384544485", "event_type": "price_change"}}
{"_local_timestamp": "2026-01-25T23:42:24.780593+00:00", "data": {"market": "0x5bc23ef1d55fb8d4a1b21b7c8780aa1b6b019262dda806da8a79dc8ada217f33", "price_changes": [{"asset_id": "56888387443153290473779399645893214898197325618962871997813882665583407269175", "price": "0.19", "size": "0", "side": "BUY", "hash": "74096b9acc2dc4bc8603534840ee0dcc4e8cc16b", "best_bid": "0.65", "best_ask": "0.67"}, {"asset_id": "44152243636867873932593431458048174258413868830357636196802887961839805767798", "price": "0.81", "size": "0", "side": "SELL", "hash": "f8afbac83bbd7cfb90205bb8367424a425ccb631", "best_bid": "0.33", "best_ask": "0.35"}], "timestamp": "1769384544485", "event_type": "price_change"}}
{"_local_timestamp": "2026-01-25T23:42:25.148748+00:00", "data": {"market": "0x5bc23ef1d55fb8d4a1b21b7c8780aa1b6b019262dda806da8a79dc8ada217f33", "price_changes": [{"asset_id": "56888387443153290473779399645893214898197325618962871997813882665583407269175", "price": "0.16", "size": "1570", "side": "BUY", "hash": "3b5e5953dd7581e1ada7ee6e3489ca15f7a24d51", "best_bid": "0.65", "best_ask": "0.67"}, {"asset_id": "44152243636867873932593431458048174258413868830357636196802887961839805767798", "price": "0.84", "size": "1570", "side": "SELL", "hash": "bdf195d8d96e19256e78169f5399102f1a943bbe", "best_bid": "0.33", "best_ask": "0.35"}], "timestamp": "1769384544903", "event_type": "price_change"}}
{"_local_timestamp": "2026-01-25T23:42:25.188581+00:00", "data": {"market": "0x5bc23ef1d55fb8d4a1b21b7c8780aa1b6b019262dda806da8a79dc8ada217f33", "price_changes": [{"asset_id": "56888387443153290473779399645893214898197325618962871997813882665583407269175", "price": "0.21", "size": "2148", "side": "BUY", "hash": "8a8da7abb6bdf4bf35f7882bbe524da11df11d95", "best_bid": "0.65", "best_ask": "0.67"}, {"asset_id": "44152243636867873932593431458048174258413868830357636196802887961839805767798", "price": "0.79", "size": "2148", "side": "SELL", "hash": "db712c2d9b061e54c44257d61eda263b947a429f", "best_bid": "0.33", "best_ask": "0.35"}], "timestamp": "1769384544913", "event_type": "price_change"}}
