{"_local_timestamp": "2026-01-25T23:40:33.357158+00:00", "data": [{"market": "0xe0acd0255dbd9274d22d8c1b226c9a2b60bad9098507ce8e7d72dede580cd57a", "asset_id": "22106921341196818050439524942994162234430181387513131058873085228908007365669", "timestamp": "1769384427468", "hash": "b0b732630622e920fbc523bb2779cc681822c27e", "bids": [{"price": "0.01", "size": "5010.1"}, {"price": "0.02", "size": "3750"}, {"price": "0.03", "size": "9.45"}, {"price": "0.04", "size": "750"}, {"price": "0.05", "size": "530"}, {"price": "0.06", "size": "600"}, {"price": "0.09", "size": "80"}, {"price": "0.1", "size": "6.15"}, {"price": "0.12", "size": "550"}, {"price": "0.17", "size": "400"}, {"price": "0.22", "size": "300"}, {"price": "0.23", "size": "8"}, {"price": "0.26", "size": "50"}, {"price": "0.36", "size": "5"}, {"price": "0.4", "size": "500"}, {"price": "0.41", "size": "65.04"}, {"price": "0.42", "size": "8.5"}, {"price": "0.49", "size": "65.04"}, {"price": "0.5", "size": "48"}, {"price": "0.56", "size": "65.04"}, {"price": "0.57", "size": "35"}], "asks": [{"price": "0.99", "size": "10006.01"}, {"price": "0.98", "size": "8756.48"}, {"price": "0.97", "size": "3400"}, {"price": "0.96", "size": "505.58"}, {"price": "0.95", "size": "500"}, {"price": "0.94", "size": "300"}, {"price": "0.93", "size": "309.02"}, {"price": "0.92", "size": "206.01"}, {"price": "0.91", "size": "168.28"}, {"price": "0.9", "size": "130"}, {"price": "0.89", "size": "9.19"}, {"price": "0.88", "size": "181.66"}, {"price": "0.86", "size": "66.66"}, {"price": "0.81", "size": "71.92"}], "event_type": "book", "last_trade_price": ""}, {"market": "0xe0acd0255dbd9274d22d8c1b226c9a2b60bad9098507ce8e7d72dede580cd57a", "asset_id": "2867209803492313176891970118649987905930881752970311413869425427415611673771", "timestamp": "1769384427468", "hash": "f04fdeab504fff0cf33e66a33a5406aa45244fb1", "bids": [{"price": "0.01", "size": "10006.01"}, {"price": "0.02", "size": "8756.48"}, {"price": "0.03", "size": "3400"}, {"price": "0.04", "size": "505.58"}, {"price": "0.05", "size": "500"}, {"price": "0.06", "size": "300"}, {"price": "0.07", "size": "309.02"}, {"price": "0.08", "size": "206.01"}, {"price": "0.09", "size": "168.28"}, {"price": "0.1", "size": "130"}, {"price": "0.11", "size": "9.19"}, {"price": "0.12", "size": "181.66"}, {"price": "0.14", "size": "66.66"}, {"price": "0.19", "size": "71.92"}], "asks": [{"price": "0.99", "size": "5010.1"}, {"price": "0.98", "size": "3750"}, {"price": "0.97", "size": "9.45"}, {"price": "0.96", "size": "750"}, {"price": "0.95", "size": "530"}, {"price": "0.94", "size": "600"}, {"price": "0.91", "size": "80"}, {"price": "0.9", "size": "6.15"}, {"price": "0.88", "size": "550"}, {"price": "0.83", "size": "400"}, {"price": "0.78", "size": "300"}, {"price": "0.77", "size": "8"}, {"price": "0.74", "size": "50"}, {"price": "0.64", "size": "5"}, {"price": "0.6", "size": "500"}, {"price": "0.59", "size": "65.04"}, {"price": "0.58", "size": "8.5"}, {"price": "0.51", "size": "65.04"}, {"price": "0.5", "size": "48"}, {"price": "0.44", "size": "65.04"}, {"price": "0.43", "size": "35"}], "event_type": "book", "last_trade_price": ""}]}
{"_local_timestamp": "2026-01-25T23:40:34.724681+00:00", "data": {"market": "0xe0acd0255dbd9274d22d8c1b226c9a2b60bad9098507ce8e7d72dede580cd57a", "price_changes": [{"asset_id": "22106921341196818050439524942994162234430181387513131058873085228908007365669", "price": "0.36", "size": "0", "side": "BUY", "hash": "ec177dc689cd79ca23e990e5c70ab9aa6be8f976", "best_bid": "0.57", "best_ask": "0.81"}, {"asset_id": "2867209803492313176891970118649987905930881752970311413869425427415611673771", "price": "0.64", "size": "0", "side": "SELL", "hash": "d3d7c316dd52edc7a5284f83b22d6ba8fd2ac2f8", "best_bid": "0.19", "best_ask": "0.43"}], "timestamp": "1769384434653", "event_type": "price_change"}}
{"_local_timestamp": "2026-01-25T23:40:34.995436+00:00", "data": {"market": "0xe0acd0255dbd9274d22d8c1b226c9a2b60bad9098507ce8e7d72dede580cd57a", "price_changes": [{"asset_id": "22106921341196818050439524942994162234430181387513131058873085228908007365669", "price": "0.36", "size": "5", "side": "BUY", "hash": "6885143847729d10d5a93eed6238906651ef345f", "best_bid": "0.57", "best_ask": "0.81"}, {"asset_id": "2867209803492313176891970118649987905930881752970311413869425427415611673771", "price": "0.64", "size": "5", "side": "SELL", "hash": "82e9d6a674cfcffc05018e3fa53e44012db6844a", "best_bid": "0.19", "best_ask": "0.43"}], "timestamp": "1769384434920", "event_type": "price_change"}}
{"_local_timestamp": "2026-01-25T23:40:43.051719+00:00", "data": {"market": "0xe0acd0255dbd9274d22d8c1b226c9a2b60bad9098507ce8e7d72dede580cd57a", "price_changes": [{"asset_id": "22106921341196818050439524942994162234430181387513131058873085228908007365669", "price": "0.36", "size": "0", "side": "BUY", "hash": "97daa3c9c0f5ad1723b464375256489dcb151cae", "best_bid": "0.57", "best_ask": "0.81"}, {"asset_id": "2867209803492313176891970118649987905930881752970311413869425427415611673771", "price": "0.64", "size": "0", "side": "SELL", "hash": "082fa8a5d1ec2f36c3546c4eba06b60003cf17ba", "best_bid": "0.19", "best_ask": "0.43"}], "timestamp": "1769384442976", "event_type": "price_change"}}
{"_local_timestamp": "2026-01-25T23:40:43.293545+00:00", "data": {"market": "0xe0acd0255dbd9274d22d8c1b226c9a2b60bad9098507ce8e7d72dede580cd57a", "price_changes": [{"asset_id": "22106921341196818050439524942994162234430181387513131058873085228908007365669", "price": "0.36", "size": "5", "side": "BUY", "hash": "a573eb51bba852638693fa30d3f81740dfae7d13", "best_bid": "0.57", "best_ask": "0.81"}, {"asset_id": "2867209803492313176891970118649987905930881752970311413869425427415611673771", "price": "0.64", "size": "5", "side": "SELL", "hash": "287ca21cf6c87175a77a2f86a5ea8147dcdda102", "best_bid": "0.19", "best_ask": "0.43"}], "timestamp": "1769384443225", "event_type": "price_change"}}
{"_local_timestamp": "2026-01-25T23:40:52.064555+00:00", "data": {"market": "0xe0acd0255dbd9274d22d8c1b226c9a2b60bad9098507ce8e7d72dede580cd57a", "price_changes": [{"asset_id": "22106921341196818050439524942994162234430181387513131058873085228908007365669", "price": "0.36", "size": "0", "side": "BUY", "hash": "4ee15b8f1f15b32b6567e9edcc15de3c017d2853", "best_bid": "0.57", "best_ask": "0.81"}, {"asset_id": "2867209803492313176891970118649987905930881752970311413869425427415611673771", "price": "0.64", "size": "0", "side": "SELL", "hash": "dd699bb5342ee9b7b18b954cb5e05c6d7533cc68", "best_bid": "0.19", "best_ask": "0.43"}], "timestamp": "1769384451987", "event_type": "price_change"}}
{"_local_timestamp": "2026-01-25T23:40:52.513671+00:00", "data": {"market": "0xe0acd0255dbd9274d22d8c1b226c9a2b60bad9098507ce8e7d72dede580cd57a", "price_changes": [{"asset_id": "22106921341196818050439524942994162234430181387513131058873085228908007365669", "price": "0.36", "size": "5", "side": "BUY", "hash": "c5868a6ffd0772d4097904622f06af11e9f2e308", "best_bid": "0.57", "best_ask": "0.81"}, {"asset_id": "2867209803492313176891970118649987905930881752970311413869425427415611673771", "price": "0.64", "size": "5", "side": "SELL", "hash": "c1ae8c73c1c687dff776cab01cb9df17be5e3376", "best_bid": "0.19", "best_ask": "0.43"}], "timestamp": "1769384452445", "event_type": "price_change"}}
{"_local_timestamp": "2026-01-25T23:41:00.112828+00:00", "data": {"market": "0xe0acd0255dbd9274d22d8c1b226c9a2b60bad9098507ce8e7d72dede580cd57a", "price_changes": [{"asset_id": "22106921341196818050439524942994162234430181387513131058873085228908007365669", "price": "0.36", "size": "0", "side": "BUY", "hash": "5153534b47ef6485bbb5efaf0022e9e29c2c20e3", "best_bid": "0.57", "best_ask": "0.81"}, {"asset_id": "2867209803492313176891970118649987905930881752970311413869425427415611673771", "price": "0.64", "size": "0", "side": "SELL", "hash": "691335a1a3d94c72d6526b73db8e56497c87ddd8", "best_bid": "0.19", "best_ask": "0.43"}], "timestamp": "1769384460045", "event_type": "price_change"}}
{"_local_timestamp": "2026-01-25T23:41:00.360056+00:00", "data": {"market": "0xe0acd0255dbd9274d22d8c1b226c9a2b60bad9098507ce8e7d72dede580cd57a", "price_changes": [{"asset_id": "22106921341196818050439524942994162234430181387513131058873085228908007365669", "price": "0.36", "size": "5", "side": "BUY", "hash": "9cab016672f7bf298e544434e28580ab5ed4d043", "best_bid": "0.57", "best_ask": "0.81"}, {"asset_id": "2867209803492313176891970118649987905930881752970311413869425427415611673771", "price": "0.64", "size": "5", "side": "SELL", "hash": "8bebba13c7894e1f8fdad14308b54335ab2bb3b8", "best_bid": "0.19", "best_ask": "0.43"}], "timestamp": "1769384460281", "event_type": "price_change"}}
{"_local_timestamp": "2026-01-25T23:41:09.556686+00:00", "data": {"market": "0xe0acd0255dbd9274d22d8c1b226c9a2b60bad9098507ce8e7d72dede580cd57a", "price_changes": [{"asset_id": "22106921341196818050439524942994162234430181387513131058873085228908007365669", "price": "0.36", "size": "0", "side": "BUY", "hash": "dc5c63c2dce6624517d449aeac7f67195510cf53", "best_bid": "0.57", "best_ask": "0.81"}, {"asset_id": "2867209803492313176891970118649987905930881752970311413869425427415611673771", "price": "0.64", "size": "0", "side": "SELL", "hash": "5c223d46cd73358871c5f6a86e16770e46f889d6", "best_bid": "0.19", "best_ask": "0.43"}], "timestamp": "1769384469487", "event_type": "price_change"}}
{"_local_timestamp": "2026-01-25T23:41:09.942028+00:00", "data": {"market": "0xe0acd0255dbd9274d22d8c1b226c9a2b60bad9098507ce8e7d72dede580cd57a", "price_changes": [{"asset_id": "22106921341196818050439524942994162234430181387513131058873085228908007365669", "price": "0.36", "size": "5", "side": "BUY", "hash": "75e58e8ebe0d545b0eb30eecabf9c82d59baec65", "best_bid": "0.57", "best_ask": "0.81"}, {"asset_id": "2867209803492313176891970118649987905930881752970311413869425427415611673771", "price": "0.64", "size": "5", "side": "SELL", "hash": "06cbb6d73cea957191b1768a54f6c7627a1fe438", "best_bid": "0.19", "best_ask": "0.43"}], "timestamp": "1769384469866", "event_type": "price_change"}}
{"_local_timestamp": "2026-01-25T23:41:18.395559+00:00", "data": {"market": "0xe0acd0255dbd9274d22d8c1b226c9a2b60bad9098507ce8e7d72dede580cd57a", "price_changes": [{"asset_id": "22106921341196818050439524942994162234430181387513131058873085228908007365669", "price": "0.36", "size": "0", "side": "BUY", "hash": "d7624c4bf77b7a96b754f1746d1ee742d878b56b", "best_bid": "0.57", "best_ask": "0.81"}, {"asset_id": "2867209803492313176891970118649987905930881752970311413869425427415611673771", "price": "0.64", "size": "0", "side": "SELL", "hash": "7bf93587c0a92588d62522981d477b57bfe0798e", "best_bid": "0.19", "best_ask": "0.43"}], "timestamp": "1769384478266", "event_type": "price_change"}}
{"_local_timestamp": "2026-01-25T23:41:18.680729+00:00", "data": {"market": "0xe0acd0255dbd9274d22d8c1b226c9a2b60bad9098507ce8e7d72dede580cd57a", "price_changes": [{"asset_id": "22106921341196818050439524942994162234430181387513131058873085228908007365669", "price": "0.36", "size": "5", "side": "BUY", "hash": "57a3dfe68cd49463c004f60d2e7d8315e4963bd2", "best_bid": "0.57", "best_ask": "0.81"}, {"asset_id": "2867209803492313176891970118649987905930881752970311413869425427415611673771", "price": "0.64", "size": "5", "side": "SELL", "hash": "1fa511f363f2c906647f7a1c83702f303d732305", "best_bid": "0.19", "best_ask": "0.43"}], "timestamp": "1769384478602", "event_type": "price_change"}}
{"_local_timestamp": "2026-01-25T23:41:27.985887+00:00", "data": {"market": "0xe0acd0255dbd9274d22d8c1b226c9a2b60bad9098507ce8e7d72dede580cd57a", "price_changes": [{"asset_id": "22106921341196818050439524942994162234430181387513131058873085228908007365669", "price": "0.36", "size": "0", "side": "BUY", "hash": "92a139b0b297668831350cd8e4ef77b2975794ba", "best_bid": "0.57", "best_ask": "0.81"}, {"asset_id": "2867209803492313176891970118649987905930881752970311413869425427415611673771", "price": "0.64", "size": "0", "side": "SELL", "hash": "825277240eae2c0e9fc0d53541ebcf43b3cfe1b4", "best_bid": "0.19", "best_ask": "0.43"}], "timestamp": "1769384487897", "event_type": "price_change"}}
{"_local_timestamp": "2026-01-25T23:41:28.390103+00:00", "data": {"market": "0xe0acd0255dbd9274d22d8c1b226c9a2b60bad9098507ce8e7d72dede580cd57a", "price_changes": [{"asset_id": "22106921341196818050439524942994162234430181387513131058873085228908007365669", "price": "0.36", "size": "5", "side": "BUY", "hash": "53d8c3a4eca671e628a695d6e4e8f891b7fd0f14", "best_bid": "0.57", "best_ask": "0.81"}, {"asset_id": "2867209803492313176891970118649987905930881752970311413869425427415611673771", "price": "0.64", "size": "5", "side": "SELL", "hash": "1eb6b8ad1432ec0fde89cd600e9c783e356d0336", "best_bid": "0.19", "best_ask": "0.43"}], "timestamp": "1769384488318", "event_type": "price_change"}}
{"_local_timestamp": "2026-01-25T23:41:41.841749+00:00", "data": {"market": "0xe0acd0255dbd9274d22d8c1b226c9a2b60bad9098507ce8e7d72dede580cd57a", "price_changes": [{"asset_id": "22106921341196818050439524942994162234430181387513131058873085228908007365669", "price": "0.36", "size": "0", "side": "BUY", "hash": "2bc6b1191d8d8ce675fd221d0abe6023d2bf292c", "best_bid": "0.57", "best_ask": "0.81"}, {"asset_id": "2867209803492313176891970118649987905930881752970311413869425427415611673771", "price": "0.64", "size": "0", "side": "SELL", "hash": "71f71f534bc7afceb2b64f3d50c9b86c1384ba2e", "best_bid": "0.19", "best_ask": "0.43"}], "timestamp": "1769384501769", "event_type": "price_change"}}
{"_local_timestamp": "2026-01-25T23:41:42.162727+00:00", "data": {"market": "0xe0acd0255dbd9274d22d8c1b226c9a2b60bad9098507ce8e7d72dede580cd57a", "price_changes": [{"asset_id": "22106921341196818050439524942994162234430181387513131058873085228908007365669", "price": "0.36", "size": "5", "side": "BUY", "hash": "c11c75a5efcc7fb648dcd16c8afc1bef146a160e", "best_bid": "0.57", "best_ask": "0.81"}, {"asset_id": "2867209803492313176891970118649987905930881752970311413869425427415611673771", "price": "0.64", "size": "5", "side": "SELL", "hash": "caeec07eccd14229a86f2329386373c4838400a9", "best_bid": "0.19", "best_ask": "0.43"}], "timestamp": "1769384502092", "event_type": "price_change"}}
{"_local_timestamp": "2026-01-25T23:41:56.886358+00:00", "data": {"market": "0xe0acd0255dbd9274d22d8c1b226c9a2b60bad9098507ce8e7d72dede580cd57a", "price_changes": [{"asset_id": "22106921341196818050439524942994162234430181387513131058873085228908007365669", "price": "0.36", "size": "0", "side": "BUY", "hash": "0b19653dfcbc2346aaac445c251f81b6ec5849d5", "best_bid": "0.57", "best_ask": "0.81"}, {"asset_id": "2867209803492313176891970118649987905930881752970311413869425427415611673771", "price": "0.64", "size": "0", "side": "SELL", "hash": "248f2f4863bb82755a708398bf32f4ab60f5443b", "best_bid": "0.19", "best_ask": "0.43"}], "timestamp": "1769384516809", "event_type": "price_change"}}
{"_local_timestamp": "2026-01-25T23:41:57.116243+00:00", "data": {"market": "0xe0acd0255dbd9274d22d8c1b226c9a2b60bad9098507ce8e7d72dede580cd57a", "price_changes": [{"asset_id": "22106921341196818050439524942994162234430181387513131058873085228908007365669", "price": "0.36", "size": "5", "side": "BUY", "hash": "39e669fe49e356b05f7fef5cb35229067c1d4c85", "best_bid": "0.57", "best_ask": "0.81"}, {"asset_id": "2867209803492313176891970118649987905930881752970311413869425427415611673771", "price": "0.64", "size": "5", "side": "SELL", "hash": "b5ca2058ca034e8a5b966fa90c999606516488d1", "best_bid": "0.19", "best_ask": "0.43"}], "timestamp": "1769384517006", "event_type": "price_change"}}
{"_local_timestamp": "2026-01-25T23:42:16.203255+00:00", "data": {"market": "0xe0acd0255dbd9274d22d8c1b226c9a2b60bad9098507ce8e7d72dede580cd57a", "price_changes": [{"asset_id": "22106921341196818050439524942994162234430181387513131058873085228908007365669", "price": "0.36", "size": "0", "side": "BUY", "hash": "69a3fbc6677bc599202cb05657ada8ea8ef6507b", "best_bid": "0.57", "best_ask": "0.81"}, {"asset_id": "2867209803492313176891970118649987905930881752970311413869425427415611673771", "price": "0.64", "size": "0", "side": "SELL", "hash": "e8348f21b579b7051529e96886af8fec101a09b4", "best_bid": "0.19", "best_ask": "0.43"}], "timestamp": "1769384536102", "event_type": "price_change"}}
{"_local_timestamp": "2026-01-25T23:42:16.447014+00:00", "data": {"market": "0xe0acd0255dbd9274d22d8c1b226c9a2b60bad9098507ce8e7d72dede580cd57a", "price_changes": [{"asset_id": "22106921341196818050439524942994162234430181387513131058873085228908007365669", "price": "0.36", "size": "5", "side": "BUY", "hash": "978e27b6b05c20bcc8a17419943072f8f598a3e3", "best_bid": "0.57", "best_ask": "0.81"}, {"asset_id": "2867209803492313176891970118649987905930881752970311413869425427415611673771", "price": "0.64", "size": "5", "side": "SELL", "hash": "06da12c1b842eeb5bd679a81262ae0471fec07bc", "best_bid": "0.19", "best_ask": "0.43"}], "timestamp": "1769384536343", "event_type": "price_change"}}
