{"_local_timestamp": "2026-01-25T23:40:36.167875+00:00", "data": [{"market": "0xad74ec4c2b537ba1d1c914dee6a9a551136da2bc6706908aa406b028a5ce4849", "asset_id": "13807890118856274250052051142746850832347855077322656523151046362399113308927", "timestamp": "1769384431007", "hash": "72c9be3cb1882defd562fdc8a8358a2a859c54f6", "bids": [{"price": "0.01", "size": "5000"}, {"price": "0.02", "size": "1000"}, {"price": "0.03", "size": "2550"}, {"price": "0.05", "size": "510"}, {"price": "0.08", "size": "750"}, {"price": "0.12", "size": "700"}, {"price": "0.13", "size": "261.53"}, {"price": "0.17", "size": "188.23"}, {"price": "0.19", "size": "1092"}, {"price": "0.2", "size": "50"}, {"price": "0.21", "size": "133.33"}, {"price": "0.22", "size": "100"}, {"price": "0.23", "size": "1826"}, {"price": "0.25", "size": "104"}, {"price": "0.27", "size": "50"}, {"price": "0.29", "size": "82.75"}, {"price": "0.34", "size": "58.82"}, {"price": "0.35", "size": "3360"}, {"price": "0.36", "size": "300"}, {"price": "0.67", "size": "19.4"}, {"price": "0.68", "size": "16.17"}, {"price": "0.79", "size": "2008.19"}, {"price": "0.8", "size": "220.38"}, {"price": "0.81", "size": "200"}], "asks": [{"price": "0.99", "size": "21.24"}, {"price": "0.98", "size": "450"}, {"price": "0.96", "size": "802.9"}, {"price": "0.95", "size": "51"}, {"price": "0.94", "size": "900"}, {"price": "0.93", "size": "185.71"}, {"price": "0.91", "size": "61.11"}, {"price": "0.89", "size": "39.9"}, {"price": "0.87", "size": "500"}, {"price": "0.86", "size": "1631"}, {"price": "0.85", "size": "669.56"}, {"price": "0.84", "size": "135.9"}], "event_type": "book", "last_trade_price": ""}, {"market": "0xad74ec4c2b537ba1d1c914dee6a9a551136da2bc6706908aa406b028a5ce4849", "asset_id": "11919136486006873230016314493356477536899860152738426478109016899949404708107", "timestamp": "1769384431007", "hash": "e2aee8b9d52f883d613b35c35ec49709d977e1c5", "bids": [{"price": "0.01", "size": "21.24"}, {"price": "0.02", "size": "450"}, {"price": "0.04", "size": "802.9"}, {"price": "0.05", "size": "51"}, {"price": "0.06", "size": "900"}, {"price": "0.07", "size": "185.71"}, {"price": "0.09", "size": "61.11"}, {"price": "0.11", "size": "39.9"}, {"price": "0.13", "size": "500"}, {"price": "0.14", "size": "1631"}, {"price": "0.15", "size": "669.56"}, {"price": "0.16", "size": "135.9"}], "asks": [{"price": "0.99", "size": "5000"}, {"price": "0.98", "size": "1000"}, {"price": "0.97", "size": "2550"}, {"price": "0.95", "size": "510"}, {"price": "0.92", "size": "750"}, {"price": "0.88", "size": "700"}, {"price": "0.87", "size": "261.53"}, {"price": "0.83", "size": "188.23"}, {"price": "0.81", "size": "1092"}, {"price": "0.8", "size": "50"}, {"price": "0.79", "size": "133.33"}, {"price": "0.78", "size": "100"}, {"price": "0.77", "size": "1826"}, {"price": "0.75", "size": "104"}, {"price": "0.73", "size": "50"}, {"price": "0.71", "size": "82.75"}, {"price": "0.66", "size": "58.82"}, {"price": "0.65", "size": "3360"}, {"price": "0.64", "size": "300"}, {"price": "0.33", "size": "19.4"}, {"price": "0.32", "size": "16.17"}, {"price": "0.21", "size": "2008.19"}, {"price": "0.2", "size": "220.38"}, {"price": "0.19", "size": "200"}], "event_type": "book", "last_trade_price": ""}]}
{"_local_timestamp": "2026-01-25T23:40:40.495216+00:00", "data": {"market": "0xad74ec4c2b537ba1d1c914dee6a9a551136da2bc6706908aa406b028a5ce4849", "price_changes": [{"asset_id": "13807890118856274250052051142746850832347855077322656523151046362399113308927", "price": "0.19", "size": "992", "side": "BUY", "hash": "1e4f27d959ca68de0e84a5ef084c80cad844fa5b", "best_bid": "0.81", "best_ask": "0.84"}, {"asset_id": "11919136486006873230016314493356477536899860152738426478109016899949404708107", "price": "0.81", "size": "992", "side": "SELL", "hash": "aaea50945b3138cd834e231998a4513136e66339", "best_bid": "0.16", "best_ask": "0.19"}], "timestamp": "1769384440280", "event_type": "price_change"}}
{"_local_timestamp": "2026-01-25T23:40:40.811667+00:00", "data": {"market": "0xad74ec4c2b537ba1d1c914dee6a9a551136da2bc6706908aa406b028a5ce4849", "price_changes": [{"asset_id": "13807890118856274250052051142746850832347855077322656523151046362399113308927", "price": "0.2", "size": "150", "side": "BUY", "hash": "5ee789da47f9ce3eb0178cf9bc038fe1b4fc3754", "best_bid": "0.81", "best_ask": "0.84"}, {"asset_id": "11919136486006873230016314493356477536899860152738426478109016899949404708107", "price": "0.8", "size": "150", "side": "SELL", "hash": "68c4e7e4fb31541f72ddd1048f085dfe3e0a4c09", "best_bid": "0.16", "best_ask": "0.19"}], "timestamp": "1769384440614", "event_type": "price_change"}}
{"_local_timestamp": "2026-01-25T23:41:08.352485+00:00", "data": {"market": "0xad74ec4c2b537ba1d1c914dee6a9a551136da2bc6706908aa406b028a5ce4849", "price_changes": [{"asset_id": "11919136486006873230016314493356477536899860152738426478109016899949404708107", "price": "0.01", "size": "8021.24", "side": "BUY", "hash": "f678face8873359cd0d17ff1ab24d4ad744fbd14", "best_bid": "0.16", "best_ask": "0.19"}, {"asset_id": "13807890118856274250052051142746850832347855077322656523151046362399113308927", "price": "0.99", "size": "8021.24", "side": "SELL", "hash": "fad0d349b572d093f5673595dadde03afef18805", "best_bid": "0.81", "best_ask": "0.84"}], "timestamp": "1769384468284", "event_type": "price_change"}}
{"_local_timestamp": "2026-01-25T23:41:08.353362+00:00", "data": {"market": "0xad74ec4c2b537ba1d1c914dee6a9a551136da2bc6706908aa406b028a5ce4849", "price_changes": [{"asset_id": "11919136486006873230016314493356477536899860152738426478109016899949404708107", "price": "0.07", "size": "471.71", "side": "BUY", "hash": "47771daa4e06760c1cc94bd232d6bbaaa55a67f9", "best_bid": "0.16", "best_ask": "0.19"}, {"asset_id": "13807890118856274250052051142746850832347855077322656523151046362399113308927", "price": "0.93", "size": "471.71", "side": "SELL", "hash": "65cd2d8025388ad3c535122840253c2f79bd7b39", "best_bid": "0.81", "best_ask": "0.84"}], "timestamp": "1769384468285", "event_type": "price_change"}}
{"_local_timestamp": "2026-01-25T23:41:08.353749+00:00", "data": {"market": "0xad74ec4c2b537ba1d1c914dee6a9a551136da2bc6706908aa406b028a5ce4849", "price_changes": [{"asset_id": "11919136486006873230016314493356477536899860152738426478109016899949404708107", "price": "0.05", "size": "851", "side": "BUY", "hash": "b3200d4dc2d5b65ac465a5a615605321c4104c29", "best_bid": "0.16", "best_ask": "0.19"}, {"asset_id": "13807890118856274250052051142746850832347855077322656523151046362399113308927", "price": "0.95", "size": "851", "side": "SELL", "hash": "6bc4d3ff23adb560c33a09b6c813f240fc9659e1", "best_bid": "0.81", "best_ask": "0.84"}], "timestamp": "1769384468286", "event_type": "price_change"}}
{"_local_timestamp": "2026-01-25T23:41:08.356609+00:00", "data": {"market": "0xad74ec4c2b537ba1d1c914dee6a9a551136da2bc6706908aa406b028a5ce4849", "price_changes": [{"asset_id": "11919136486006873230016314493356477536899860152738426478109016899949404708107", "price": "0.08", "size": "125", "side": "BUY", "hash": "db1825805771639df71ee2c4ffb560b4639e68d4", "best_bid": "0.16", "best_ask": "0.19"}, {"asset_id": "13807890118856274250052051142746850832347855077322656523151046362399113308927", "price": "0.92", "size": "125", "side": "SELL", "hash": "cd0b68394e89e07d929c69a87bfb9c57ed33fb14", "best_bid": "0.81", "best_ask": "0.84"}], "timestamp": "1769384468286", "event_type": "price_change"}}
{"_local_timestamp": "2026-01-25T23:41:50.957420+00:00", "data": {"market": "0xad74ec4c2b537ba1d1c914dee6a9a551136da2bc6706908aa406b028a5ce4849", "price_changes": [{"asset_id": "13807890118856274250052051142746850832347855077322656523151046362399113308927", "price": "0.35", "size": "3285", "side": "BUY", "hash": "2666f5c74dbb260bdf426c2b8590ccc7e9381ad4", "best_bid": "0.81", "best_ask": "0.84"}, {"asset_id": "11919136486006873230016314493356477536899860152738426478109016899949404708107", "price": "0.65", "size": "3285", "side": "SELL", "hash": "98b030284c3a5843ac1286f3b592e7b23f0b2570", "best_bid": "0.16", "best_ask": "0.19"}], "timestamp": "1769384510772", "event_type": "price_change"}}
{"_local_timestamp": "2026-01-25T23:41:50.960709+00:00", "data": {"market": "0xad74ec4c2b537ba1d1c914dee6a9a551136da2bc6706908aa406b028a5ce4849", "price_changes": [{"asset_id": "13807890118856274250052051142746850832347855077322656523151046362399113308927", "price": "0.22", "size": "0", "side": "BUY", "hash": "2666f5c74dbb260bdf426c2b8590ccc7e9381ad4", "best_bid": "0.81", "best_ask": "0.84"}, {"asset_id": "11919136486006873230016314493356477536899860152738426478109016899949404708107", "price": "0.78", "size": "0", "side": "SELL", "hash": "98b030284c3a5843ac1286f3b592e7b23f0b2570", "best_bid": "0.16", "best_ask": "0.19"}], "timestamp": "1769384510772", "event_type": "price_change"}}
{"_local_timestamp": "2026-01-25T23:41:52.831852+00:00", "data": {"market": "0xad74ec4c2b537ba1d1c914dee6a9a551136da2bc6706908aa406b028a5ce4849", "price_changes": [{"asset_id": "13807890118856274250052051142746850832347855077322656523151046362399113308927", "price": "0.21", "size": "233.33", "side": "BUY", "hash": "7da96ceb5c303c843e74f97b9a6aa5b920d2aff4", "best_bid": "0.81", "best_ask": "0.84"}, {"asset_id": "11919136486006873230016314493356477536899860152738426478109016899949404708107", "price": "0.79", "size": "233.33", "side": "SELL", "hash": "d23216426604a7d19a75734d7460e868485da36f", "best_bid": "0.16", "best_ask": "0.19"}], "timestamp": "1769384511809", "event_type": "price_change"}}
{"_local_timestamp": "2026-01-25T23:41:53.006472+00:00", "data": {"market": "0xad74ec4c2b537ba1d1c914dee6a9a551136da2bc6706908aa406b028a5ce4849", "price_changes": [{"asset_id": "13807890118856274250052051142746850832347855077322656523151046362399113308927", "price": "0.36", "size": "375", "side": "BUY", "hash": "86ac5c49521e2e4df86d064a7bae0e4c5379c9c2", "best_bid": "0.81", "best_ask": "0.84"}, {"asset_id": "11919136486006873230016314493356477536899860152738426478109016899949404708107", "price": "0.64", "size": "375", "side": "SELL", "hash": "2673845fb2ba39eda7b720d5016e731a01dcd279", "best_bid": "0.16", "best_ask": "0.19"}], "timestamp": "1769384512663", "event_type": "price_change"}}
{"_local_timestamp": "2026-01-25T23:42:24.682885+00:00", "data": {"market": "0xad74ec4c2b537ba1d1c914dee6a9a551136da2bc6706908aa406b028a5ce4849", "price_changes": [{"asset_id": "13807890118856274250052051142746850832347855077322656523151046362399113308927", "price": "0.2", "size": "50", "side": "BUY", "hash": "26b46277b4302dbe0974a7e57d82ddc340eb1376", "best_bid": "0.81", "best_ask": "0.84"}, {"asset_id": "11919136486006873230016314493356477536899860152738426478109016899949404708107", "price": "0.8", "size": "50", "side": "SELL", "hash": "389b8b3a429bf4fe5e39f5200f6b902d86dad05e", "best_bid": "0.16", "best_ask": "0.19"}], "timestamp": "1769384544492", "event_type": "price_change"}}
{"_local_timestamp": "2026-01-25T23:42:25.052957+00:00", "data": {"market": "0xad74ec4c2b537ba1d1c914dee6a9a551136da2bc6706908aa406b028a5ce4849", "price_changes": [{"asset_id": "13807890118856274250052051142746850832347855077322656523151046362399113308927", "price": "0.19", "size": "1092", "side": "BUY", "hash": "cd354f1d2e2cd9d7c58bccb24107a9fea9de7c75", "best_bid": "0.81", "best_ask": "0.84"}, {"asset_id": "11919136486006873230016314493356477536899860152738426478109016899949404708107", "price": "0.81", "size": "1092", "side": "SELL", "hash": "d4a819798fd475768e90010c8f51d4cbf098345b", "best_bid": "0.16", "best_ask": "0.19"}], "timestamp": "1769384544906", "event_type": "price_change"}}
{"_local_timestamp": "2026-01-25T23:42:45.492473+00:00", "data": {"market": "0xad74ec4c2b537ba1d1c914dee6a9a551136da2bc6706908aa406b028a5ce4849", "price_changes": [{"asset_id": "13807890118856274250052051142746850832347855077322656523151046362399113308927", "price": "0.2", "size": "0", "side": "BUY", "hash": "c5c67fa7d0c581c04e674e970a529cf05ecbffe1", "best_bid": "0.81", "best_ask": "0.84"}, {"asset_id": "11919136486006873230016314493356477536899860152738426478109016899949404708107", "price": "0.8", "size": "0", "side": "SELL", "hash": "ade926c91908864c7f255ccc5a26123edf512d73", "best_bid": "0.16", "best_ask": "0.19"}], "timestamp": "1769384565232", "event_type": "price_change"}}
{"_local_timestamp": "2026-01-25T23:42:45.811400+00:00", "data": {"market": "0xad74ec4c2b537ba1d1c914dee6a9a551136da2bc6706908aa406b028a5ce4849", "price_changes": [{"asset_id": "13807890118856274250052051142746850832347855077322656523151046362399113308927", "price": "0.23", "size": "1876", "side": "BUY", "hash": "eeb1fcbfa491ecbb83e30db55c3626cb6f72200c", "best_bid": "0.81", "best_ask": "0.84"}, {"asset_id": "11919136486006873230016314493356477536899860152738426478109016899949404708107", "price": "0.77", "size": "1876", "side": "SELL", "hash": "88e421e02ebd0b6c1b6985ba3f92536544245ceb", "best_bid": "0.16", "best_ask": "0.19"}], "timestamp": "1769384565613", "event_type": "price_change"}}
{"_local_timestamp": "2026-01-25T23:42:47.223587+00:00", "data": {"market": "0xad74ec4c2b537ba1d1c914dee6a9a551136da2bc6706908aa406b028a5ce4849", "price_changes": [{"asset_id": "13807890118856274250052051142746850832347855077322656523151046362399113308927", "price": "0.23", "size": "50", "side": "BUY", "hash": "3257cdc05b003d1aeaa4fc8b8f250fd5fec0a190", "best_bid": "0.81", "best_ask": "0.84"}, {"asset_id": "11919136486006873230016314493356477536899860152738426478109016899949404708107", "price": "0.77", "size": "50", "side": "SELL", "hash": "d9bda13df0fe9df562df9160f621e70f29047ceb", "best_bid": "0.16", "best_ask": "0.19"}], "timestamp": "1769384566993", "event_type": "price_change"}}
{"_local_timestamp": "2026-01-25T23:43:12.712542+00:00", "data": {"market": "0xad74ec4c2b537ba1d1c914dee6a9a551136da2bc6706908aa406b028a5ce4849", "price_changes": [{"asset_id": "13807890118856274250052051142746850832347855077322656523151046362399113308927", "price": "0.22", "size": "1908", "side": "BUY", "hash": "184dd0dbcdacf3d5ed17d6c7b020094426a6cc2e", "best_bid": "0.81", "best_ask": "0.84"}, {"asset_id": "11919136486006873230016314493356477536899860152738426478109016899949404708107", "price": "0.78", "size": "1908", "side": "SELL", "hash": "f6587a18ef80eb3a3b18db112e971045d86b74f2", "best_bid": "0.16", "best_ask": "0.19"}], "timestamp": "1769384592645", "event_type": "price_change"}}
{"_local_timestamp": "2026-01-25T23:44:20.772293+00:00", "data": {"market": "0xad74ec4c2b537ba1d1c914dee6a9a551136da2bc6706908aa406b028a5ce4849", "price_changes": [{"asset_id": "13807890118856274250052051142746850832347855077322656523151046362399113308927", "price": "0.21", "size": "133.33", "side": "BUY", "hash": "65e905d267edb47e2ed77b2774acb048f5f09ff8", "best_bid": "0.81", "best_ask": "0.84"}, {"asset_id": "11919136486006873230016314493356477536899860152738426478109016899949404708107", "price": "0.79", "size": "133.33", "side": "SELL", "hash": "dd26dd68637a2e1e667a66f4635b0edd1aee6ab9", "best_bid": "0.16", "best_ask": "0.19"}], "timestamp": "1769384660492", "event_type": "price_change"}}
{"_local_timestamp": "2026-01-25T23:44:21.254350+00:00", "data": {"market": "0xad74ec4c2b537ba1d1c914dee6a9a551136da2bc6706908aa406b028a5ce4849", "price_changes": [{"asset_id": "13807890118856274250052051142746850832347855077322656523151046362399113308927", "price": "0.23", "size": "150", "side": "BUY", "hash": "9f70c0c7036afef842edf3ae51304175d8a5d03b", "best_bid": "0.81", "best_ask": "0.84"}, {"asset_id": "11919136486006873230016314493356477536899860152738426478109016899949404708107", "price": "0.77", "size": "150", "side": "SELL", "hash": "625a395205db8e676e49ab3a38a8968a4efc47cb", "best_bid": "0.16", "best_ask": "0.19"}], "timestamp": "1769384660875", "event_type": "price_change"}}
{"_local_timestamp": "2026-01-25T23:44:57.033419+00:00", "data": {"market": "0xad74ec4c2b537ba1d1c914dee6a9a551136da2bc6706908aa406b028a5ce4849", "price_changes": [{"asset_id": "13807890118856274250052051142746850832347855077322656523151046362399113308927", "price": "0.79", "size": "1958.19", "side": "BUY", "hash": "7f85da1c5d2b40edc516b172db93e24bcba20596", "best_bid": "0.81", "best_ask": "0.84"}, {"asset_id": "11919136486006873230016314493356477536899860152738426478109016899949404708107", "price": "0.21", "size": "1958.19", "side": "SELL", "hash": "7e15d09f83aa48494e34729741ab1d7ea865e1ae", "best_bid": "0.16", "best_ask": "0.19"}], "timestamp": "1769384696917", "event_type": "price_change"}}
{"_local_timestamp": "2026-01-25T23:44:57.048827+00:00", "data": {"market": "0xad74ec4c2b537ba1d1c914dee6a9a551136da2bc6706908aa406b028a5ce4849", "price_changes": [{"asset_id": "11919136486006873230016314493356477536899860152738426478109016899949404708107", "price": "0.14", "size": "1581", "side": "BUY", "hash": "c1bebbe776734c3d1ef4aa25a3092747d9a6ea49", "best_bid": "0.16", "best_ask": "0.19"}, {"asset_id": "13807890118856274250052051142746850832347855077322656523151046362399113308927", "price": "0.86", "size": "1581", "side": "SELL", "hash": "a8f79b14399dcbe7193be53a833a965f67531491", "best_bid": "0.81", "best_ask": "0.84"}], "timestamp": "1769384696921", "event_type": "price_change"}}
{"_local_timestamp": "2026-01-25T23:44:57.833533+00:00", "data": {"market": "0xad74ec4c2b537ba1d1c914dee6a9a551136da2bc6706908aa406b028a5ce4849", "price_changes": [{"asset_id": "13807890118856274250052051142746850832347855077322656523151046362399113308927", "price": "0.23", "size": "100", "side": "BUY", "hash": "21179992ece6a688baa20d277deb8ede494bd683", "best_bid": "0.81", "best_ask": "0.84"}, {"asset_id": "11919136486006873230016314493356477536899860152738426478109016899949404708107", "price": "0.77", "size": "100", "side": "SELL", "hash": "c94cd239dbcfdbbf6e08bfd64615a4bd728e220f", "best_bid": "0.16", "best_ask": "0.19"}], "timestamp": "1769384697738", "event_type": "price_change"}}
{"_local_timestamp": "2026-01-25T23:44:58.343567+00:00", "data": {"market": "0xad74ec4c2b537ba1d1c914dee6a9a551136da2bc6706908aa406b028a5ce4849", "price_changes": [{"asset_id": "13807890118856274250052051142746850832347855077322656523151046362399113308927", "price": "0.21", "size": "183.33", "side": "BUY", "hash": "9ae12f7886fca5157dcf86e676749464c71a6cca", "best_bid": "0.81", "best_ask": "0.84"}, {"asset_id": "11919136486006873230016314493356477536899860152738426478109016899949404708107", "price": "0.79", "size": "183.33", "side": "SELL", "hash": "73851d2095a7beb9975d2e13ed57534cf534db6c", "best_bid": "0.16", "best_ask": "0.19"}], "timestamp": "1769384698224", "event_type": "price_change"}}
{"_local_timestamp": "2026-01-25T23:45:02.329112+00:00", "data": {"market": "0xad74ec4c2b537ba1d1c914dee6a9a551136da2bc6706908aa406b028a5ce4849", "price_changes": [{"asset_id": "11919136486006873230016314493356477536899860152738426478109016899949404708107", "price": "0.14", "size": "1631", "side": "BUY", "hash": "7e0361d4597c0c936f568418a109d9dac775e6bf", "best_bid": "0.16", "best_ask": "0.19"}, {"asset_id": "13807890118856274250052051142746850832347855077322656523151046362399113308927", "price": "0.86", "size": "1631", "side": "SELL", "hash": "bccc23566237f01611135b17d229461b85cb3e47", "best_bid": "0.81", "best_ask": "0.84"}], "timestamp": "1769384702257", "event_type": "price_change"}}
{"_local_timestamp": "2026-01-25T23:45:02.330839+00:00", "data": {"market": "0xad74ec4c2b537ba1d1c914dee6a9a551136da2bc6706908aa406b028a5ce4849", "price_changes": [{"asset_id": "13807890118856274250052051142746850832347855077322656523151046362399113308927", "price": "0.79", "size": "2008.19", "side": "BUY", "hash": "a0f332cb7dd21cf89c5ac8f5c0984147eff1bb18", "best_bid": "0.81", "best_ask": "0.84"}, {"asset_id": "11919136486006873230016314493356477536899860152738426478109016899949404708107", "price": "0.21", "size": "2008.19", "side": "SELL", "hash": "d190c81e9a13fd064de413a05af6b41d1d4195c1", "best_bid": "0.16", "best_ask": "0.19"}], "timestamp": "1769384702257", "event_type": "price_change"}}
{"_local_timestamp": "2026-01-25T23:45:35.735007+00:00", "data": {"market": "0xad74ec4c2b537ba1d1c914dee6a9a551136da2bc6706908aa406b028a5ce4849", "price_changes": [{"asset_id": "13807890118856274250052051142746850832347855077322656523151046362399113308927", "price": "0.35", "size": "105", "side": "BUY", "hash": "72988127c9512d3a72710c9611f5859f828cf49b", "best_bid": "0.81", "best_ask": "0.84"}, {"asset_id": "11919136486006873230016314493356477536899860152738426478109016899949404708107", "price": "0.65", "size": "105", "side": "SELL", "hash": "5ac538946411312bb7d08546a3bdb537efa6a801", "best_bid": "0.16", "best_ask": "0.19"}], "timestamp": "1769384735671", "event_type": "price_change"}}
{"_local_timestamp": "2026-01-25T23:45:35.893050+00:00", "data": {"market": "0xad74ec4c2b537ba1d1c914dee6a9a551136da2bc6706908aa406b028a5ce4849", "price_changes": [{"asset_id": "13807890118856274250052051142746850832347855077322656523151046362399113308927", "price": "0.37", "size": "3017", "side": "BUY", "hash": "c6ecc7c52bdfadbe41212335c237404c949f92c3", "best_bid": "0.81", "best_ask": "0.84"}, {"asset_id": "11919136486006873230016314493356477536899860152738426478109016899949404708107", "price": "0.63", "size": "3017", "side": "SELL", "hash": "f8c31a24dc4acda687ea51963fc40390c991753c", "best_bid": "0.16", "best_ask": "0.19"}], "timestamp": "1769384735830", "event_type": "price_change"}}
{"_local_timestamp": "2026-01-25T23:46:50.955678+00:00", "data": {"market": "0xad74ec4c2b537ba1d1c914dee6a9a551136da2bc6706908aa406b028a5ce4849", "price_changes": [{"asset_id": "13807890118856274250052051142746850832347855077322656523151046362399113308927", "price": "0.23", "size": "0", "side": "BUY", "hash": "0d8fd96b69a0705e8a2177b369a3ff7fe8d681eb", "best_bid": "0.81", "best_ask": "0.84"}, {"asset_id": "11919136486006873230016314493356477536899860152738426478109016899949404708107", "price": "0.77", "size": "0", "side": "SELL", "hash": "0eff5cf1f61d75b72e7491f680abe45595c7fc6a", "best_bid": "0.16", "best_ask": "0.19"}], "timestamp": "1769384810662", "event_type": "price_change"}}
{"_local_timestamp": "2026-01-25T23:46:51.612465+00:00", "data": {"market": "0xad74ec4c2b537ba1d1c914dee6a9a551136da2bc6706908aa406b028a5ce4849", "price_changes": [{"asset_id": "13807890118856274250052051142746850832347855077322656523151046362399113308927", "price": "0.22", "size": "2008", "side": "BUY", "hash": "9a43ba925c81df30f6c828442978e523ab11b2f3", "best_bid": "0.81", "best_ask": "0.84"}, {"asset_id": "11919136486006873230016314493356477536899860152738426478109016899949404708107", "price": "0.78", "size": "2008", "side": "SELL", "hash": "f7a599b5e7880129bd2a5b5dd52e17b15715111e", "best_bid": "0.16", "best_ask": "0.19"}], "timestamp": "1769384811221", "event_type": "price_change"}}
