{"_local_timestamp": "2026-01-25T23:33:25.836343+00:00", "data": [{"market": "0x2eb9eba222dffc23e257940cd98810d1d0a446405adc0c4b62615f05fe957c2e", "asset_id": "77077729313378260537344887901933386456520626799917497755297209673663850176500", "timestamp": "1769384004280", "hash": "9ac188aea65401efd4d27f7d6b62ae8bf7155976", "bids": [{"price": "0.01", "size": "508.81"}, {"price": "0.02", "size": "600"}, {"price": "0.03", "size": "45.02"}, {"price": "0.04", "size": "35"}, {"price": "0.05", "size": "20"}, {"price": "0.06", "size": "11.84"}, {"price": "0.08", "size": "5"}, {"price": "0.1", "size": "60"}, {"price": "0.12", "size": "44.26"}, {"price": "0.13", "size": "100"}, {"price": "0.14", "size": "37.52"}, {"price": "0.19", "size": "50"}, {"price": "0.2", "size": "70"}, {"price": "0.21", "size": "38.32"}], "asks": [{"price": "0.99", "size": "3009.81"}, {"price": "0.98", "size": "4700"}, {"price": "0.97", "size": "8.05"}, {"price": "0.92", "size": "450"}, {"price": "0.91", "size": "7.33"}, {"price": "0.88", "size": "708.33"}, {"price": "0.84", "size": "500"}, {"price": "0.8", "size": "240"}, {"price": "0.76", "size": "208.33"}, {"price": "0.75", "size": "47.63"}, {"price": "0.72", "size": "135.71"}, {"price": "0.71", "size": "42"}, {"price": "0.68", "size": "62.5"}, {"price": "0.67", "size": "6"}, {"price": "0.54", "size": "100"}, {"price": "0.53", "size": "27.65"}, {"price": "0.5", "size": "22"}, {"price": "0.47", "size": "41.04"}, {"price": "0.42", "size": "105.72"}, {"price": "0.29", "size": "11.88"}], "event_type": "book", "last_trade_price": "0.240"}, {"market": "0x2eb9eba222dffc23e257940cd98810d1d0a446405adc0c4b62615f05fe957c2e", "asset_id": "14218506389548216643310388946600421669497121031661380156278277253129465636974", "timestamp": "1769384004280", "hash": "15c74e472edf5c637f296ad21a4d24a4fa120a2b", "bids": [{"price": "0.01", "size": "3009.81"}, {"price": "0.02", "size": "4700"}, {"price": "0.03", "size": "8.05"}, {"price": "0.08", "size": "450"}, {"price": "0.09", "size": "7.33"}, {"price": "0.12", "size": "708.33"}, {"price": "0.16", "size": "500"}, {"price": "0.2", "size": "240"}, {"price": "0.24", "size": "208.33"}, {"price": "0.25", "size": "47.63"}, {"price": "0.28", "size": "135.71"}, {"price": "0.29", "size": "42"}, {"price": "0.32", "size": "62.5"}, {"price": "0.33", "size": "6"}, {"price": "0.46", "size": "100"}, {"price": "0.47", "size": "27.65"}, {"price": "0.5", "size": "22"}, {"price": "0.53", "size": "41.04"}, {"price": "0.58", "size": "105.72"}, {"price": "0.71", "size": "11.88"}], "asks": [{"price": "0.99", "size": "508.81"}, {"price": "0.98", "size": "600"}, {"price": "0.97", "size": "45.02"}, {"price": "0.96", "size": "35"}, {"price": "0.95", "size": "20"}, {"price": "0.94", "size": "11.84"}, {"price": "0.92", "size": "5"}, {"price": "0.9", "size": "60"}, {"price": "0.88", "size": "44.26"}, {"price": "0.87", "size": "100"}, {"price": "0.86", "size": "37.52"}, {"price": "0.81", "size": "50"}, {"price": "0.8", "size": "70"}, {"price": "0.79", "size": "38.32"}], "event_type": "book", "last_trade_price": "0.240"}]}
{"_local_timestamp": "2026-01-25T23:33:38.199988+00:00", "data": {"market": "0x2eb9eba222dffc23e257940cd98810d1d0a446405adc0c4b62615f05fe957c2e", "price_changes": [{"asset_id": "77077729313378260537344887901933386456520626799917497755297209673663850176500", "price": "0.47", "size": "0", "side": "SELL", "hash": "20686f5a565c73374d0cbe8e173a803264d3412f", "best_bid": "0.21", "best_ask": "0.29"}, {"asset_id": "14218506389548216643310388946600421669497121031661380156278277253129465636974", "price": "0.53", "size": "0", "side": "BUY", "hash": "415f3d2c498c9ca85a26064d58b67c050bd29641", "best_bid": "0.71", "best_ask": "0.79"}], "timestamp": "1769384018107", "event_type": "price_change"}}
{"_local_timestamp": "2026-01-25T23:33:40.747703+00:00", "data": {"market": "0x2eb9eba222dffc23e257940cd98810d1d0a446405adc0c4b62615f05fe957c2e", "price_changes": [{"asset_id": "14218506389548216643310388946600421669497121031661380156278277253129465636974", "price": "0.12", "size": "833.33", "side": "BUY", "hash": "8b57d59316b643f236d8513966d9c4e6d974c745", "best_bid": "0.71", "best_ask": "0.79"}, {"asset_id": "77077729313378260537344887901933386456520626799917497755297209673663850176500", "price": "0.88", "size": "833.33", "side": "SELL", "hash": "95989c88fbf1aa74a99d569c75a60d161505ed21", "best_bid": "0.21", "best_ask": "0.29"}], "timestamp": "1769384020551", "event_type": "price_change"}}
{"_local_timestamp": "2026-01-25T23:33:40.753995+00:00", "data": {"market": "0x2eb9eba222dffc23e257940cd98810d1d0a446405adc0c4b62615f05fe957c2e", "price_changes": [{"asset_id": "14218506389548216643310388946600421669497121031661380156278277253129465636974", "price": "0.16", "size": "600", "side": "BUY", "hash": "06e61ee5374ccbacd5cd5a2265787d23ca8b9f84", "best_bid": "0.71", "best_ask": "0.79"}, {"asset_id": "77077729313378260537344887901933386456520626799917497755297209673663850176500", "price": "0.84", "size": "600", "side": "SELL", "hash": "5ce641c5902cfd65bbe6eab3e46300f6e11a0c0e", "best_bid": "0.21", "best_ask": "0.29"}], "timestamp": "1769384020587", "event_type": "price_change"}}
{"_local_timestamp": "2026-01-25T23:33:47.265590+00:00", "data": {"market": "0x2eb9eba222dffc23e257940cd98810d1d0a446405adc0c4b62615f05fe957c2e", "price_changes": [{"asset_id": "77077729313378260537344887901933386456520626799917497755297209673663850176500", "price": "0.41", "size": "41.04", "side": "SELL", "hash": "ead016c3470822466b848107f73adb9874c369ae", "best_bid": "0.21", "best_ask": "0.29"}, {"asset_id": "14218506389548216643310388946600421669497121031661380156278277253129465636974", "price": "0.59", "size": "41.04", "side": "BUY", "hash": "76ffac511e3b5ebae5c4079265839a1f9ba41c8e", "best_bid": "0.71", "best_ask": "0.79"}], "timestamp": "1769384027187", "event_type": "price_change"}}
{"_local_timestamp": "2026-01-25T23:33:50.025181+00:00", "data": {"market": "0x2eb9eba222dffc23e257940cd98810d1d0a446405adc0c4b62615f05fe957c2e", "price_changes": [{"asset_id": "14218506389548216643310388946600421669497121031661380156278277253129465636974", "price": "0.58", "size": "40.21", "side": "BUY", "hash": "5256fe21e1eabe1e8e6510cc811a9e121c63c43d", "best_bid": "0.71", "best_ask": "0.79"}, {"asset_id": "77077729313378260537344887901933386456520626799917497755297209673663850176500", "price": "0.42", "size": "40.21", "side": "SELL", "hash": "12df407f6679822072874f1a91138000313bd0d1", "best_bid": "0.21", "best_ask": "0.29"}], "timestamp": "1769384029913", "event_type": "price_change"}}
