{"_local_timestamp": "2026-01-25T23:33:35.502310+00:00", "data": [{"market": "0x33f45f4b59627c5f42dc23fe5d8e854351c7eb67c5c4cdb2efe4a34c3b36d3da", "asset_id": "53953529266052962819540796862708839786676105543105722896775369895407141478379", "timestamp": "1769383981183", "hash": "80f2fd820a7e3593e41d8f3f28510b4f754cf83f", "bids": [{"price": "0.001", "size": "3884.08"}, {"price": "0.002", "size": "1255.04"}, {"price": "0.003", "size": "1166"}, {"price": "0.004", "size": "8.63"}, {"price": "0.006", "size": "83"}, {"price": "0.01", "size": "3000"}, {"price": "0.011", "size": "5.13"}, {"price": "0.02", "size": "1000"}, {"price": "0.022", "size": "1763.25"}, {"price": "0.023", "size": "12.82"}, {"price": "0.05", "size": "30"}, {"price": "0.051", "size": "39"}, {"price": "0.06", "size": "500"}, {"price": "0.1", "size": "860"}, {"price": "0.101", "size": "5.92"}, {"price": "0.15", "size": "776.66"}, {"price": "0.2", "size": "859.84"}, {"price": "0.25", "size": "212"}, {"price": "0.29", "size": "89.65"}, {"price": "0.292", "size": "300"}, {"price": "0.293", "size": "200"}, {"price": "0.294", "size": "216.83"}, {"price": "0.295", "size": "625.45"}, {"price": "0.296", "size": "100"}, {"price": "0.306", "size": "140"}, {"price": "0.34", "size": "70.58"}, {"price": "0.39", "size": "176.28"}, {"price": "0.393", "size": "5"}, {"price": "0.394", "size": "5"}, {"price": "0.816", "size": "9.89"}, {"price": "0.928", "size": "107.13"}, {"price": "0.936", "size": "200"}, {"price": "0.937", "size": "226.32"}, {"price": "0.95", "size": "55"}, {"price": "0.96", "size": "24.76"}, {"price": "0.961", "size": "14.65"}, {"price": "0.963", "size": "123"}, {"price": "0.969", "size": "123"}, {"price": "0.975", "size": "226"}, {"price": "0.976", "size": "34.07"}], "asks": [{"price": "0.999", "size": "5183"}, {"price": "0.998", "size": "5027.5"}, {"price": "0.997", "size": "1058.5"}, {"price": "0.996", "size": "31.55"}, {"price": "0.995", "size": "3500"}, {"price": "0.994", "size": "405.87"}, {"price": "0.993", "size": "170.14"}, {"price": "0.992", "size": "506.01"}, {"price": "0.991", "size": "13.14"}, {"price": "0.99", "size": "1500"}, {"price": "0.989", "size": "258.83"}, {"price": "0.988", "size": "15.98"}, {"price": "0.986", "size": "164.01"}, {"price": "0.985", "size": "8.82"}, {"price": "0.984", "size": "600"}, {"price": "0.983", "size": "605.04"}], "event_type": "book", "last_trade_price": "0.017"}, {"market": "0x33f45f4b59627c5f42dc23fe5d8e854351c7eb67c5c4cdb2efe4a34c3b36d3da", "asset_id": "15708264922563838020272365904281323601717243235583893797662609927084030935674", "timestamp": "1769383981183", "hash": "8075cfb2ac11f2e071907024fb1fc6cccdf7d299", "bids": [{"price": "0.001", "size": "5183"}, {"price": "0.002", "size": "5027.5"}, {"price": "0.003", "size": "1058.5"}, {"price": "0.004", "size": "31.55"}, {"price": "0.005", "size": "3500"}, {"price": "0.006", "size": "405.87"}, {"price": "0.007", "size": "170.14"}, {"price": "0.008", "size": "506.01"}, {"price": "0.009", "size": "13.14"}, {"price": "0.01", "size": "1500"}, {"price": "0.011", "size": "258.83"}, {"price": "0.012", "size": "15.98"}, {"price": "0.014", "size": "164.01"}, {"price": "0.015", "size": "8.82"}, {"price": "0.016", "size": "600"}, {"price": "0.017", "size": "605.04"}], "asks": [{"price": "0.999", "size": "3884.08"}, {"price": "0.998", "size": "1255.04"}, {"price": "0.997", "size": "1166"}, {"price": "0.996", "size": "8.63"}, {"price": "0.994", "size": "83"}, {"price": "0.99", "size": "3000"}, {"price": "0.989", "size": "5.13"}, {"price": "0.98", "size": "1000"}, {"price": "0.978", "size": "1763.25"}, {"price": "0.977", "size": "12.82"}, {"price": "0.95", "size": "30"}, {"price": "0.949", "size": "39"}, {"price": "0.94", "size": "500"}, {"price": "0.9", "size": "860"}, {"price": "0.899", "size": "5.92"}, {"price": "0.85", "size": "776.66"}, {"price": "0.8", "size": "859.84"}, {"price": "0.75", "size": "212"}, {"price": "0.71", "size": "89.65"}, {"price": "0.708", "size": "300"}, {"price": "0.707", "size": "200"}, {"price": "0.706", "size": "216.83"}, {"price": "0.705", "size": "625.45"}, {"price": "0.704", "size": "100"}, {"price": "0.694", "size": "140"}, {"price": "0.66", "size": "70.58"}, {"price": "0.61", "size": "176.28"}, {"price": "0.607", "size": "5"}, {"price": "0.606", "size": "5"}, {"price": "0.184", "size": "9.89"}, {"price": "0.072", "size": "107.13"}, {"price": "0.064", "size": "200"}, {"price": "0.063", "size": "226.32"}, {"price": "0.05", "size": "55"}, {"price": "0.04", "size": "24.76"}, {"price": "0.039", "size": "14.65"}, {"price": "0.037", "size": "123"}, {"price": "0.031", "size": "123"}, {"price": "0.025", "size": "226"}, {"price": "0.024", "size": "34.07"}], "event_type": "book", "last_trade_price": "0.017"}]}
{"_local_timestamp": "2026-01-25T23:34:31.224694+00:00", "data": {"market": "0x33f45f4b59627c5f42dc23fe5d8e854351c7eb67c5c4cdb2efe4a34c3b36d3da", "price_changes": [{"asset_id": "15708264922563838020272365904281323601717243235583893797662609927084030935674", "price": "0.004", "size": "19.12", "side": "BUY", "hash": "e2a617cc84718770c4855f6fca283adb37ec5f13", "best_bid": "0.017", "best_ask": "0.024"}, {"asset_id": "53953529266052962819540796862708839786676105543105722896775369895407141478379", "price": "0.996", "size": "19.12", "side": "SELL", "hash": "ea5a25eb44de832a720270db149d4368f187c0e2", "best_bid": "0.976", "best_ask": "0.983"}], "timestamp": "1769384071137", "event_type": "price_change"}}
{"_local_timestamp": "2026-01-25T23:34:33.828499+00:00", "data": {"market": "0x33f45f4b59627c5f42dc23fe5d8e854351c7eb67c5c4cdb2efe4a34c3b36d3da", "price_changes": [{"asset_id": "15708264922563838020272365904281323601717243235583893797662609927084030935674", "price": "0.004", "size": "31.55", "side": "BUY", "hash": "8006a5741c1b7b34003235aa67634ee6dee2ce5f", "best_bid": "0.017", "best_ask": "0.024"}, {"asset_id": "53953529266052962819540796862708839786676105543105722896775369895407141478379", "price": "0.996", "size": "31.55", "side": "SELL", "hash": "f0fd8b699e72615cbd3f375bbcd863558c3259ef", "best_bid": "0.976", "best_ask": "0.983"}], "timestamp": "1769384073762", "event_type": "price_change"}}
{"_local_timestamp": "2026-01-25T23:35:31.395687+00:00", "data": {"market": "0x33f45f4b59627c5f42dc23fe5d8e854351c7eb67c5c4cdb2efe4a34c3b36d3da", "price_changes": [{"asset_id": "15708264922563838020272365904281323601717243235583893797662609927084030935674", "price": "0.017", "size": "78.39", "side": "BUY", "hash": "5318ce648292e3e6ec74238beaf1a79506f9fc66", "best_bid": "0.017", "best_ask": "0.024"}, {"asset_id": "53953529266052962819540796862708839786676105543105722896775369895407141478379", "price": "0.983", "size": "78.39", "side": "SELL", "hash": "da004f16632404eb87c4c8900f99871212540521", "best_bid": "0.976", "best_ask": "0.983"}], "timestamp": "1769384131244", "event_type": "price_change"}}
{"_local_timestamp": "2026-01-25T23:36:31.057798+00:00", "data": {"market": "0x33f45f4b59627c5f42dc23fe5d8e854351c7eb67c5c4cdb2efe4a34c3b36d3da", "price_changes": [{"asset_id": "15708264922563838020272365904281323601717243235583893797662609927084030935674", "price": "0.017", "size": "607.39", "side": "BUY", "hash": "f0f72c3fbe685ab59d76723b2d09f15a693e7502", "best_bid": "0.017", "best_ask": "0.024"}, {"asset_id": "53953529266052962819540796862708839786676105543105722896775369895407141478379", "price": "0.983", "size": "607.39", "side": "SELL", "hash": "038ce579ec150a665ccf052d0a02a1c8778d57d2", "best_bid": "0.976", "best_ask": "0.983"}], "timestamp": "1769384190970", "event_type": "price_change"}}
{"_local_timestamp": "2026-01-25T23:38:13.549614+00:00", "data": {"market": "0x33f45f4b59627c5f42dc23fe5d8e854351c7eb67c5c4cdb2efe4a34c3b36d3da", "price_changes": [{"asset_id": "15708264922563838020272365904281323601717243235583893797662609927084030935674", "price": "0.004", "size": "19.12", "side": "BUY", "hash": "9dc9582e324f741b1cc23d591f0f410209194498", "best_bid": "0.017", "best_ask": "0.024"}, {"asset_id": "53953529266052962819540796862708839786676105543105722896775369895407141478379", "price": "0.996", "size": "19.12", "side": "SELL", "hash": "b21a6fee26a619afa4d209fccd9cc48ecc466b18", "best_bid": "0.976", "best_ask": "0.983"}], "timestamp": "1769384293449", "event_type": "price_change"}}
{"_local_timestamp": "2026-01-25T23:38:13.859426+00:00", "data": {"market": "0x33f45f4b59627c5f42dc23fe5d8e854351c7eb67c5c4cdb2efe4a34c3b36d3da", "price_changes": [{"asset_id": "15708264922563838020272365904281323601717243235583893797662609927084030935674", "price": "0.005", "size": "3509.94", "side": "BUY", "hash": "ea13d6a7fa5370abc31222a339ca1f989b86532b", "best_bid": "0.017", "best_ask": "0.024"}, {"asset_id": "53953529266052962819540796862708839786676105543105722896775369895407141478379", "price": "0.995", "size": "3509.94", "side": "SELL", "hash": "55ac6fa91bea767b62bdfc60270f65416d904163", "best_bid": "0.976", "best_ask": "0.983"}], "timestamp": "1769384293796", "event_type": "price_change"}}
