{"_local_timestamp": "2026-01-25T23:40:43.627271+00:00", "data": [{"market": "0x4c05379a13a872cd2a90f5de6dfea161ab285f225d5bd946dcd5f0366be9bed9", "asset_id": "28925601457585818597976884682733220564275087969375241094042405298821715345883", "timestamp": "1769384442001", "hash": "bb6401981b9a3e64ee15f9e759b106ac5816a856", "bids": [{"price": "0.01", "size": "4513.85"}, {"price": "0.02", "size": "450"}, {"price": "0.03", "size": "12.4"}, {"price": "0.04", "size": "155"}, {"price": "0.07", "size": "8"}, {"price": "0.08", "size": "175.36"}, {"price": "0.1", "size": "110"}, {"price": "0.11", "size": "106.03"}, {"price": "0.12", "size": "50.54"}, {"price": "0.13", "size": "106"}, {"price": "0.14", "size": "95.03"}, {"price": "0.15", "size": "40"}, {"price": "0.16", "size": "9.03"}], "asks": [{"price": "0.99", "size": "6505.58"}, {"price": "0.98", "size": "5328"}, {"price": "0.97", "size": "10.68"}, {"price": "0.95", "size": "260"}, {"price": "0.93", "size": "1200"}, {"price": "0.91", "size": "6.93"}, {"price": "0.88", "size": "1982"}, {"price": "0.84", "size": "100"}, {"price": "0.83", "size": "300"}, {"price": "0.79", "size": "350"}, {"price": "0.78", "size": "75"}, {"price": "0.59", "size": "70"}, {"price": "0.49", "size": "140"}, {"price": "0.48", "size": "5"}, {"price": "0.43", "size": "6"}, {"price": "0.41", "size": "6"}, {"price": "0.33", "size": "19.4"}, {"price": "0.32", "size": "31.77"}, {"price": "0.31", "size": "33.95"}, {"price": "0.26", "size": "6"}, {"price": "0.24", "size": "6"}, {"price": "0.21", "size": "10"}], "event_type": "book", "last_trade_price": "0.830"}, {"market": "0x4c05379a13a872cd2a90f5de6dfea161ab285f225d5bd946dcd5f0366be9bed9", "asset_id": "82729401832637709825110793196187030739292921831624466407117749344297450993725", "timestamp": "1769384442001", "hash": "9f591be81ecc5fe330b586c50050461bbfeefdbb", "bids": [{"price": "0.01", "size": "6505.58"}, {"price": "0.02", "size": "5328"}, {"price": "0.03", "size": "10.68"}, {"price": "0.05", "size": "260"}, {"price": "0.07", "size": "1200"}, {"price": "0.09", "size": "6.93"}, {"price": "0.12", "size": "1982"}, {"price": "0.16", "size": "100"}, {"price": "0.17", "size": "300"}, {"price": "0.21", "size": "350"}, {"price": "0.22", "size": "75"}, {"price": "0.41", "size": "70"}, {"price": "0.51", "size": "140"}, {"price": "0.52", "size": "5"}, {"price": "0.57", "size": "6"}, {"price": "0.59", "size": "6"}, {"price": "0.67", "size": "19.4"}, {"price": "0.68", "size": "31.77"}, {"price": "0.69", "size": "33.95"}, {"price": "0.74", "size": "6"}, {"price": "0.76", "size": "6"}, {"price": "0.79", "size": "10"}], "asks": [{"price": "0.99", "size": "4513.85"}, {"price": "0.98", "size": "450"}, {"price": "0.97", "size": "12.4"}, {"price": "0.96", "size": "155"}, {"price": "0.93", "size": "8"}, {"price": "0.92", "size": "175.36"}, {"price": "0.9", "size": "110"}, {"price": "0.89", "size": "106.03"}, {"price": "0.88", "size": "50.54"}, {"price": "0.87", "size": "106"}, {"price": "0.86", "size": "95.03"}, {"price": "0.85", "size": "40"}, {"price": "0.84", "size": "9.03"}], "event_type": "book", "last_trade_price": "0.830"}]}
{"_local_timestamp": "2026-01-25T23:40:59.201957+00:00", "data": {"market": "0x4c05379a13a872cd2a90f5de6dfea161ab285f225d5bd946dcd5f0366be9bed9", "price_changes": [{"asset_id": "82729401832637709825110793196187030739292921831624466407117749344297450993725", "price": "0.07", "size": "1000", "side": "BUY", "hash": "ddfdb2f09011ac16f9d16b57ad20f7f055ff8605", "best_bid": "0.79", "best_ask": "0.84"}, {"asset_id": "28925601457585818597976884682733220564275087969375241094042405298821715345883", "price": "0.93", "size": "1000", "side": "SELL", "hash": "745021e82e6603f7eb255bb8fb2abe4a7100b2e7", "best_bid": "0.16", "best_ask": "0.21"}], "timestamp": "1769384459101", "event_type": "price_change"}}
{"_local_timestamp": "2026-01-25T23:40:59.544832+00:00", "data": {"market": "0x4c05379a13a872cd2a90f5de6dfea161ab285f225d5bd946dcd5f0366be9bed9", "price_changes": [{"asset_id": "82729401832637709825110793196187030739292921831624466407117749344297450993725", "price": "0.08", "size": "200", "side": "BUY", "hash": "6fcfcbe1a530873b9626a98bd333ad8e00182fa1", "best_bid": "0.79", "best_ask": "0.84"}, {"asset_id": "28925601457585818597976884682733220564275087969375241094042405298821715345883", "price": "0.92", "size": "200", "side": "SELL", "hash": "9214d4f12530d473caa03e66bc9bb7ac99fc90a1", "best_bid": "0.16", "best_ask": "0.21"}], "timestamp": "1769384459442", "event_type": "price_change"}}
{"_local_timestamp": "2026-01-25T23:41:50.926796+00:00", "data": {"market": "0x4c05379a13a872cd2a90f5de6dfea161ab285f225d5bd946dcd5f0366be9bed9", "price_changes": [{"asset_id": "82729401832637709825110793196187030739292921831624466407117749344297450993725", "price": "0.17", "size": "150", "side": "BUY", "hash": "4644fa0ce5506727ba17e322156e8e27ff6e3999", "best_bid": "0.79", "best_ask": "0.84"}, {"asset_id": "28925601457585818597976884682733220564275087969375241094042405298821715345883", "price": "0.83", "size": "150", "side": "SELL", "hash": "aa2cf1d8636b670e5b459c339d788142d3b06c6c", "best_bid": "0.16", "best_ask": "0.21"}], "timestamp": "1769384510757", "event_type": "price_change"}}
{"_local_timestamp": "2026-01-25T23:41:50.928593+00:00", "data": {"market": "0x4c05379a13a872cd2a90f5de6dfea161ab285f225d5bd946dcd5f0366be9bed9", "price_changes": [{"asset_id": "82729401832637709825110793196187030739292921831624466407117749344297450993725", "price": "0.21", "size": "250", "side": "BUY", "hash": "4644fa0ce5506727ba17e322156e8e27ff6e3999", "best_bid": "0.79", "best_ask": "0.84"}, {"asset_id": "28925601457585818597976884682733220564275087969375241094042405298821715345883", "price": "0.79", "size": "250", "side": "SELL", "hash": "aa2cf1d8636b670e5b459c339d788142d3b06c6c", "best_bid": "0.16", "best_ask": "0.21"}], "timestamp": "1769384510757", "event_type": "price_change"}}
{"_local_timestamp": "2026-01-25T23:41:52.854851+00:00", "data": {"market": "0x4c05379a13a872cd2a90f5de6dfea161ab285f225d5bd946dcd5f0366be9bed9", "price_changes": [{"asset_id": "82729401832637709825110793196187030739292921831624466407117749344297450993725", "price": "0.16", "size": "250", "side": "BUY", "hash": "37c78c931f55297d9d1d474ad5316e1980aa94ce", "best_bid": "0.79", "best_ask": "0.84"}, {"asset_id": "28925601457585818597976884682733220564275087969375241094042405298821715345883", "price": "0.84", "size": "250", "side": "SELL", "hash": "cd77081624cd883164700ddca2602372ef909146", "best_bid": "0.16", "best_ask": "0.21"}], "timestamp": "1769384511823", "event_type": "price_change"}}
{"_local_timestamp": "2026-01-25T23:42:21.169283+00:00", "data": {"market": "0x4c05379a13a872cd2a90f5de6dfea161ab285f225d5bd946dcd5f0366be9bed9", "price_changes": [{"asset_id": "82729401832637709825110793196187030739292921831624466407117749344297450993725", "price": "0.01", "size": "7505.58", "side": "BUY", "hash": "74156f15fe4bf044c503c7451fc3518f34835b07", "best_bid": "0.79", "best_ask": "0.84"}, {"asset_id": "28925601457585818597976884682733220564275087969375241094042405298821715345883", "price": "0.99", "size": "7505.58", "side": "SELL", "hash": "5ff3afdf6444fe3cdfa48c91d719824063f86187", "best_bid": "0.16", "best_ask": "0.21"}], "timestamp": "1769384541061", "event_type": "price_change"}}
{"_local_timestamp": "2026-01-25T23:42:22.571591+00:00", "data": {"market": "0x4c05379a13a872cd2a90f5de6dfea161ab285f225d5bd946dcd5f0366be9bed9", "price_changes": [{"asset_id": "28925601457585818597976884682733220564275087969375241094042405298821715345883", "price": "0.32", "size": "16.17", "side": "SELL", "hash": "088be5450c8a06a6ebf4d11164566695c1d35dd0", "best_bid": "0.16", "best_ask": "0.21"}, {"asset_id": "82729401832637709825110793196187030739292921831624466407117749344297450993725", "price": "0.68", "size": "16.17", "side": "BUY", "hash": "1ecd525de6b5200b897a92f2568fbe60c2cfd82a", "best_bid": "0.79", "best_ask": "0.84"}], "timestamp": "1769384542455", "event_type": "price_change"}}
{"_local_timestamp": "2026-01-25T23:42:22.636684+00:00", "data": {"market": "0x4c05379a13a872cd2a90f5de6dfea161ab285f225d5bd946dcd5f0366be9bed9", "price_changes": [{"asset_id": "28925601457585818597976884682733220564275087969375241094042405298821715345883", "price": "0.1", "size": "310", "side": "BUY", "hash": "1a46e4449a3656b00c97a6752fa99653771a14ff", "best_bid": "0.16", "best_ask": "0.21"}, {"asset_id": "82729401832637709825110793196187030739292921831624466407117749344297450993725", "price": "0.9", "size": "310", "side": "SELL", "hash": "c92b75eece125d8b1099dd4b8a31e4a939207ac2", "best_bid": "0.79", "best_ask": "0.84"}], "timestamp": "1769384542524", "event_type": "price_change"}}
{"_local_timestamp": "2026-01-25T23:42:22.637280+00:00", "data": {"market": "0x4c05379a13a872cd2a90f5de6dfea161ab285f225d5bd946dcd5f0366be9bed9", "price_changes": [{"asset_id": "28925601457585818597976884682733220564275087969375241094042405298821715345883", "price": "0.3", "size": "15.6", "side": "SELL", "hash": "1323c7844baf0f44e23a07ae92e1e5ac7b95ad24", "best_bid": "0.16", "best_ask": "0.21"}, {"asset_id": "82729401832637709825110793196187030739292921831624466407117749344297450993725", "price": "0.7", "size": "15.6", "side": "BUY", "hash": "cc281ac9800c49e08517cacc6234b2a74801a82e", "best_bid": "0.79", "best_ask": "0.84"}], "timestamp": "1769384542525", "event_type": "price_change"}}
{"_local_timestamp": "2026-01-25T23:42:24.716636+00:00", "data": {"market": "0x4c05379a13a872cd2a90f5de6dfea161ab285f225d5bd946dcd5f0366be9bed9", "price_changes": [{"asset_id": "82729401832637709825110793196187030739292921831624466407117749344297450993725", "price": "0.16", "size": "150", "side": "BUY", "hash": "31bfc8958bade6c5e05bca54004de2c04f16a78b", "best_bid": "0.79", "best_ask": "0.84"}, {"asset_id": "28925601457585818597976884682733220564275087969375241094042405298821715345883", "price": "0.84", "size": "150", "side": "SELL", "hash": "ad8317181a34800cb8ab09109c195851f88e3d71", "best_bid": "0.16", "best_ask": "0.21"}], "timestamp": "1769384544495", "event_type": "price_change"}}
{"_local_timestamp": "2026-01-25T23:42:24.980506+00:00", "data": {"market": "0x4c05379a13a872cd2a90f5de6dfea161ab285f225d5bd946dcd5f0366be9bed9", "price_changes": [{"asset_id": "82729401832637709825110793196187030739292921831624466407117749344297450993725", "price": "0.17", "size": "0", "side": "BUY", "hash": "81a777820117dd2c73f7a02259e4286bdd7c3506", "best_bid": "0.79", "best_ask": "0.84"}, {"asset_id": "28925601457585818597976884682733220564275087969375241094042405298821715345883", "price": "0.83", "size": "0", "side": "SELL", "hash": "8c3f4c3fd63cf424d2b0addeb5e641cdd43dde93", "best_bid": "0.16", "best_ask": "0.21"}], "timestamp": "1769384544873", "event_type": "price_change"}}
{"_local_timestamp": "2026-01-25T23:42:25.280693+00:00", "data": {"market": "0x4c05379a13a872cd2a90f5de6dfea161ab285f225d5bd946dcd5f0366be9bed9", "price_changes": [{"asset_id": "82729401832637709825110793196187030739292921831624466407117749344297450993725", "price": "0.16", "size": "300", "side": "BUY", "hash": "0edc642b1c4c81cc169923fbaf50724dc3c0d7d9", "best_bid": "0.79", "best_ask": "0.84"}, {"asset_id": "28925601457585818597976884682733220564275087969375241094042405298821715345883", "price": "0.84", "size": "300", "side": "SELL", "hash": "65862b727a831e954335159f5cd899006dbf1dbe", "best_bid": "0.16", "best_ask": "0.21"}], "timestamp": "1769384545149", "event_type": "price_change"}}
{"_local_timestamp": "2026-01-25T23:42:39.700275+00:00", "data": {"market": "0x4c05379a13a872cd2a90f5de6dfea161ab285f225d5bd946dcd5f0366be9bed9", "price_changes": [{"asset_id": "82729401832637709825110793196187030739292921831624466407117749344297450993725", "price": "0.08", "size": "0", "side": "BUY", "hash": "c54a65ff09324cb6290cc06db575cc1406e3c724", "best_bid": "0.79", "best_ask": "0.84"}, {"asset_id": "28925601457585818597976884682733220564275087969375241094042405298821715345883", "price": "0.92", "size": "0", "side": "SELL", "hash": "3f1341a566857abf2604ddc727932b851513d0e7", "best_bid": "0.16", "best_ask": "0.21"}], "timestamp": "1769384559564", "event_type": "price_change"}}
{"_local_timestamp": "2026-01-25T23:42:40.121989+00:00", "data": {"market": "0x4c05379a13a872cd2a90f5de6dfea161ab285f225d5bd946dcd5f0366be9bed9", "price_changes": [{"asset_id": "82729401832637709825110793196187030739292921831624466407117749344297450993725", "price": "0.07", "size": "1200", "side": "BUY", "hash": "98eeb7871378763d0f8e91230f1908ffb6bb040c", "best_bid": "0.79", "best_ask": "0.84"}, {"asset_id": "28925601457585818597976884682733220564275087969375241094042405298821715345883", "price": "0.93", "size": "1200", "side": "SELL", "hash": "aa4e6ec43b054e6297f8bf1b0da1448dfed96eaf", "best_bid": "0.16", "best_ask": "0.21"}], "timestamp": "1769384559926", "event_type": "price_change"}}
{"_local_timestamp": "2026-01-25T23:42:40.393999+00:00", "data": {"market": "0x4c05379a13a872cd2a90f5de6dfea161ab285f225d5bd946dcd5f0366be9bed9", "price_changes": [{"asset_id": "82729401832637709825110793196187030739292921831624466407117749344297450993725", "price": "0.03", "size": "0", "side": "BUY", "hash": "b8aa1651ef9c4fea446c5295c8b9c360542fa415", "best_bid": "0.79", "best_ask": "0.84"}, {"asset_id": "28925601457585818597976884682733220564275087969375241094042405298821715345883", "price": "0.97", "size": "0", "side": "SELL", "hash": "9e726323923e6b19b80351c4fac3f9d3fb6fbf21", "best_bid": "0.16", "best_ask": "0.21"}], "timestamp": "1769384560294", "event_type": "price_change"}}
{"_local_timestamp": "2026-01-25T23:42:40.394452+00:00", "data": {"market": "0x4c05379a13a872cd2a90f5de6dfea161ab285f225d5bd946dcd5f0366be9bed9", "price_changes": [{"asset_id": "82729401832637709825110793196187030739292921831624466407117749344297450993725", "price": "0.09", "size": "0", "side": "BUY", "hash": "b8aa1651ef9c4fea446c5295c8b9c360542fa415", "best_bid": "0.79", "best_ask": "0.84"}, {"asset_id": "28925601457585818597976884682733220564275087969375241094042405298821715345883", "price": "0.91", "size": "0", "side": "SELL", "hash": "9e726323923e6b19b80351c4fac3f9d3fb6fbf21", "best_bid": "0.16", "best_ask": "0.21"}], "timestamp": "1769384560294", "event_type": "price_change"}}
{"_local_timestamp": "2026-01-25T23:42:40.781826+00:00", "data": {"market": "0x4c05379a13a872cd2a90f5de6dfea161ab285f225d5bd946dcd5f0366be9bed9", "price_changes": [{"asset_id": "82729401832637709825110793196187030739292921831624466407117749344297450993725", "price": "0.08", "size": "9.08", "side": "BUY", "hash": "a5d1f11296dd58d59d59ba342b8977b330d1dae4", "best_bid": "0.79", "best_ask": "0.84"}, {"asset_id": "28925601457585818597976884682733220564275087969375241094042405298821715345883", "price": "0.92", "size": "9.08", "side": "SELL", "hash": "24a831d90623cc7bc54252619b3334f33708ff6a", "best_bid": "0.16", "best_ask": "0.21"}], "timestamp": "1769384560665", "event_type": "price_change"}}
{"_local_timestamp": "2026-01-25T23:42:40.782281+00:00", "data": {"market": "0x4c05379a13a872cd2a90f5de6dfea161ab285f225d5bd946dcd5f0366be9bed9", "price_changes": [{"asset_id": "82729401832637709825110793196187030739292921831624466407117749344297450993725", "price": "0.03", "size": "7.25", "side": "BUY", "hash": "d422d0820b341b425842b3da4e54dfe1f02dd4ac", "best_bid": "0.79", "best_ask": "0.84"}, {"asset_id": "28925601457585818597976884682733220564275087969375241094042405298821715345883", "price": "0.97", "size": "7.25", "side": "SELL", "hash": "c873e0e644e91e4246bca70e5aeab9a288270c0e", "best_bid": "0.16", "best_ask": "0.21"}], "timestamp": "1769384560669", "event_type": "price_change"}}
{"_local_timestamp": "2026-01-25T23:43:17.920409+00:00", "data": {"market": "0x4c05379a13a872cd2a90f5de6dfea161ab285f225d5bd946dcd5f0366be9bed9", "price_changes": [{"asset_id": "28925601457585818597976884682733220564275087969375241094042405298821715345883", "price": "0.21", "size": "0", "side": "SELL", "hash": "98e140c28a0cd4b72c0523e58573a2b5f5624cb5", "best_bid": "0.16", "best_ask": "0.24"}, {"asset_id": "82729401832637709825110793196187030739292921831624466407117749344297450993725", "price": "0.79", "size": "0", "side": "BUY", "hash": "8fb2b927284cc5c6b3540d0faba1fc7a10ac7eb3", "best_bid": "0.76", "best_ask": "0.84"}], "timestamp": "1769384597807", "event_type": "price_change"}}
{"_local_timestamp": "2026-01-25T23:43:18.145578+00:00", "data": {"market": "0x4c05379a13a872cd2a90f5de6dfea161ab285f225d5bd946dcd5f0366be9bed9", "price_changes": [{"asset_id": "28925601457585818597976884682733220564275087969375241094042405298821715345883", "price": "0.24", "size": "16", "side": "SELL", "hash": "59b90b7753aba5d7ef4564a2dbcea9954e38f584", "best_bid": "0.16", "best_ask": "0.24"}, {"asset_id": "82729401832637709825110793196187030739292921831624466407117749344297450993725", "price": "0.76", "size": "16", "side": "BUY", "hash": "eebb0fb10b4f463b7bda5022977a6fe90b27d586", "best_bid": "0.76", "best_ask": "0.84"}], "timestamp": "1769384598012", "event_type": "price_change"}}
{"_local_timestamp": "2026-01-25T23:43:19.241219+00:00", "data": {"market": "0x4c05379a13a872cd2a90f5de6dfea161ab285f225d5bd946dcd5f0366be9bed9", "price_changes": [{"asset_id": "28925601457585818597976884682733220564275087969375241094042405298821715345883", "price": "0.14", "size": "45.03", "side": "BUY", "hash": "6868c5cc6e0235ce3239b3ea1166b66a3391f5e3", "best_bid": "0.16", "best_ask": "0.24"}, {"asset_id": "82729401832637709825110793196187030739292921831624466407117749344297450993725", "price": "0.86", "size": "45.03", "side": "SELL", "hash": "a5033180dade79ba33ba7034fc0a531bb418f5b2", "best_bid": "0.76", "best_ask": "0.84"}], "timestamp": "1769384599096", "event_type": "price_change"}}
{"_local_timestamp": "2026-01-25T23:43:20.725267+00:00", "data": {"market": "0x4c05379a13a872cd2a90f5de6dfea161ab285f225d5bd946dcd5f0366be9bed9", "price_changes": [{"asset_id": "82729401832637709825110793196187030739292921831624466407117749344297450993725", "price": "0.51", "size": "40", "side": "BUY", "hash": "92ac2926c4ce893333cfe09e4c8bb86291bb1be4", "best_bid": "0.76", "best_ask": "0.84"}, {"asset_id": "28925601457585818597976884682733220564275087969375241094042405298821715345883", "price": "0.49", "size": "40", "side": "SELL", "hash": "11bec698dc3f18838c97fbbf3faea498ebdf9bf4", "best_bid": "0.16", "best_ask": "0.24"}], "timestamp": "1769384600593", "event_type": "price_change"}}
{"_local_timestamp": "2026-01-25T23:43:20.725647+00:00", "data": {"market": "0x4c05379a13a872cd2a90f5de6dfea161ab285f225d5bd946dcd5f0366be9bed9", "price_changes": [{"asset_id": "82729401832637709825110793196187030739292921831624466407117749344297450993725", "price": "0.21", "size": "150", "side": "BUY", "hash": "92ac2926c4ce893333cfe09e4c8bb86291bb1be4", "best_bid": "0.76", "best_ask": "0.84"}, {"asset_id": "28925601457585818597976884682733220564275087969375241094042405298821715345883", "price": "0.79", "size": "150", "side": "SELL", "hash": "11bec698dc3f18838c97fbbf3faea498ebdf9bf4", "best_bid": "0.16", "best_ask": "0.24"}], "timestamp": "1769384600593", "event_type": "price_change"}}
{"_local_timestamp": "2026-01-25T23:43:21.057261+00:00", "data": {"market": "0x4c05379a13a872cd2a90f5de6dfea161ab285f225d5bd946dcd5f0366be9bed9", "price_changes": [{"asset_id": "28925601457585818597976884682733220564275087969375241094042405298821715345883", "price": "0.15", "size": "6", "side": "BUY", "hash": "5a20046f8a434c1da54390bfb674c54bfd8d2fb9", "best_bid": "0.16", "best_ask": "0.24"}, {"asset_id": "82729401832637709825110793196187030739292921831624466407117749344297450993725", "price": "0.85", "size": "6", "side": "SELL", "hash": "78a90a9f2fd690067ee5f9f055832770f99047c5", "best_bid": "0.76", "best_ask": "0.84"}], "timestamp": "1769384600921", "event_type": "price_change"}}
{"_local_timestamp": "2026-01-25T23:43:21.081440+00:00", "data": {"market": "0x4c05379a13a872cd2a90f5de6dfea161ab285f225d5bd946dcd5f0366be9bed9", "price_changes": [{"asset_id": "28925601457585818597976884682733220564275087969375241094042405298821715345883", "price": "0.13", "size": "145", "side": "BUY", "hash": "ba9906bff462fbced1e5619bd62625892c55bd90", "best_bid": "0.16", "best_ask": "0.24"}, {"asset_id": "82729401832637709825110793196187030739292921831624466407117749344297450993725", "price": "0.87", "size": "145", "side": "SELL", "hash": "8be4ac212cf4d8b5e6fe6d51b52c3ec8267c5b10", "best_bid": "0.76", "best_ask": "0.84"}], "timestamp": "1769384600940", "event_type": "price_change"}}
{"_local_timestamp": "2026-01-25T23:43:21.493440+00:00", "data": {"market": "0x4c05379a13a872cd2a90f5de6dfea161ab285f225d5bd946dcd5f0366be9bed9", "price_changes": [{"asset_id": "82729401832637709825110793196187030739292921831624466407117749344297450993725", "price": "0.17", "size": "100", "side": "BUY", "hash": "e9d9cf13a4ffd1c1116ebe28abf59bb72279c0bb", "best_bid": "0.76", "best_ask": "0.84"}, {"asset_id": "28925601457585818597976884682733220564275087969375241094042405298821715345883", "price": "0.83", "size": "100", "side": "SELL", "hash": "fa24e863753031823ecc59a867ba3a00bdd235da", "best_bid": "0.16", "best_ask": "0.24"}], "timestamp": "1769384601353", "event_type": "price_change"}}
{"_local_timestamp": "2026-01-25T23:43:30.749407+00:00", "data": {"market": "0x4c05379a13a872cd2a90f5de6dfea161ab285f225d5bd946dcd5f0366be9bed9", "price_changes": [{"asset_id": "28925601457585818597976884682733220564275087969375241094042405298821715345883", "price": "0.14", "size": "109.03", "side": "BUY", "hash": "168c20fd93191d6c7e8f4752f7ec9413812348af", "best_bid": "0.16", "best_ask": "0.24"}, {"asset_id": "82729401832637709825110793196187030739292921831624466407117749344297450993725", "price": "0.86", "size": "109.03", "side": "SELL", "hash": "89ee8cd046907c0cfa95ab749fbe9a72a02aafc6", "best_bid": "0.76", "best_ask": "0.84"}], "timestamp": "1769384610619", "event_type": "price_change"}}
{"_local_timestamp": "2026-01-25T23:43:33.160909+00:00", "data": {"market": "0x4c05379a13a872cd2a90f5de6dfea161ab285f225d5bd946dcd5f0366be9bed9", "price_changes": [{"asset_id": "28925601457585818597976884682733220564275087969375241094042405298821715345883", "price": "0.13", "size": "106", "side": "BUY", "hash": "4f049fd48ce064b3421ceef6352cf1241819d099", "best_bid": "0.16", "best_ask": "0.24"}, {"asset_id": "82729401832637709825110793196187030739292921831624466407117749344297450993725", "price": "0.87", "size": "106", "side": "SELL", "hash": "a146bd590a04e25258cb6793db7e474bf4025aab", "best_bid": "0.76", "best_ask": "0.84"}], "timestamp": "1769384613039", "event_type": "price_change"}}
{"_local_timestamp": "2026-01-25T23:43:33.202777+00:00", "data": {"market": "0x4c05379a13a872cd2a90f5de6dfea161ab285f225d5bd946dcd5f0366be9bed9", "price_changes": [{"asset_id": "28925601457585818597976884682733220564275087969375241094042405298821715345883", "price": "0.15", "size": "40", "side": "BUY", "hash": "eef7e91f42586c54d29ee015e69e26008adfc959", "best_bid": "0.16", "best_ask": "0.24"}, {"asset_id": "82729401832637709825110793196187030739292921831624466407117749344297450993725", "price": "0.85", "size": "40", "side": "SELL", "hash": "c797ec43f8f66d46d8a544cc85cf1621c9f209ed", "best_bid": "0.76", "best_ask": "0.84"}], "timestamp": "1769384613083", "event_type": "price_change"}}
{"_local_timestamp": "2026-01-25T23:43:48.663157+00:00", "data": {"market": "0x4c05379a13a872cd2a90f5de6dfea161ab285f225d5bd946dcd5f0366be9bed9", "price_changes": [{"asset_id": "82729401832637709825110793196187030739292921831624466407117749344297450993725", "price": "0.02", "size": "6328", "side": "BUY", "hash": "d16c36618f0c4fc9118456ae5153ff7be1291059", "best_bid": "0.76", "best_ask": "0.84"}, {"asset_id": "28925601457585818597976884682733220564275087969375241094042405298821715345883", "price": "0.98", "size": "6328", "side": "SELL", "hash": "6e200d32665c77b329c13032fc24d48d9aa1241d", "best_bid": "0.16", "best_ask": "0.24"}], "timestamp": "1769384628565", "event_type": "price_change"}}
{"_local_timestamp": "2026-01-25T23:44:09.114796+00:00", "data": {"market": "0x4c05379a13a872cd2a90f5de6dfea161ab285f225d5bd946dcd5f0366be9bed9", "price_changes": [{"asset_id": "82729401832637709825110793196187030739292921831624466407117749344297450993725", "price": "0.16", "size": "400", "side": "BUY", "hash": "63596e0b35939d5eef79a9e7d1a519523748894a", "best_bid": "0.76", "best_ask": "0.84"}, {"asset_id": "28925601457585818597976884682733220564275087969375241094042405298821715345883", "price": "0.84", "size": "400", "side": "SELL", "hash": "280dbc2976193c80abf5c58fb8c5861e1a7b7b53", "best_bid": "0.16", "best_ask": "0.24"}], "timestamp": "1769384648781", "event_type": "price_change"}}
{"_local_timestamp": "2026-01-25T23:44:18.018243+00:00", "data": {"market": "0x4c05379a13a872cd2a90f5de6dfea161ab285f225d5bd946dcd5f0366be9bed9", "price_changes": [{"asset_id": "28925601457585818597976884682733220564275087969375241094042405298821715345883", "price": "0.31", "size": "6", "side": "SELL", "hash": "43ce51450b6d06337093d4c23fb6fe4d11b66279", "best_bid": "0.16", "best_ask": "0.24"}, {"asset_id": "82729401832637709825110793196187030739292921831624466407117749344297450993725", "price": "0.69", "size": "6", "side": "BUY", "hash": "71de120a591e332f643fb9d21e75a6bdb8fe94b3", "best_bid": "0.76", "best_ask": "0.84"}], "timestamp": "1769384657756", "event_type": "price_change"}}
{"_local_timestamp": "2026-01-25T23:44:18.172652+00:00", "data": {"market": "0x4c05379a13a872cd2a90f5de6dfea161ab285f225d5bd946dcd5f0366be9bed9", "price_changes": [{"asset_id": "82729401832637709825110793196187030739292921831624466407117749344297450993725", "price": "0.21", "size": "50", "side": "BUY", "hash": "acae100adec1a67bd82867c2c8123155d01dcdc7", "best_bid": "0.76", "best_ask": "0.84"}, {"asset_id": "28925601457585818597976884682733220564275087969375241094042405298821715345883", "price": "0.79", "size": "50", "side": "SELL", "hash": "51efbbda8c46001569cba915a68e22f4d6d463f6", "best_bid": "0.16", "best_ask": "0.24"}], "timestamp": "1769384657925", "event_type": "price_change"}}
{"_local_timestamp": "2026-01-25T23:44:18.421862+00:00", "data": {"market": "0x4c05379a13a872cd2a90f5de6dfea161ab285f225d5bd946dcd5f0366be9bed9", "price_changes": [{"asset_id": "82729401832637709825110793196187030739292921831624466407117749344297450993725", "price": "0.22", "size": "175", "side": "BUY", "hash": "bc0f8268688ecd4919adfba131492661faad716b", "best_bid": "0.76", "best_ask": "0.84"}, {"asset_id": "28925601457585818597976884682733220564275087969375241094042405298821715345883", "price": "0.78", "size": "175", "side": "SELL", "hash": "221ad01140bc04d2caed097bf3d721e6921004db", "best_bid": "0.16", "best_ask": "0.24"}], "timestamp": "1769384658175", "event_type": "price_change"}}
{"_local_timestamp": "2026-01-25T23:44:19.233162+00:00", "data": {"market": "0x4c05379a13a872cd2a90f5de6dfea161ab285f225d5bd946dcd5f0366be9bed9", "price_changes": [{"asset_id": "28925601457585818597976884682733220564275087969375241094042405298821715345883", "price": "0.3", "size": "0", "side": "SELL", "hash": "06718e67b87314401bea19d2166423b30ba0cb30", "best_bid": "0.16", "best_ask": "0.24"}, {"asset_id": "82729401832637709825110793196187030739292921831624466407117749344297450993725", "price": "0.7", "size": "0", "side": "BUY", "hash": "d3068baadb9c5177c4cf142229bd8e193bc387d9", "best_bid": "0.76", "best_ask": "0.84"}], "timestamp": "1769384658612", "event_type": "price_change"}}
{"_local_timestamp": "2026-01-25T23:44:19.233640+00:00", "data": {"market": "0x4c05379a13a872cd2a90f5de6dfea161ab285f225d5bd946dcd5f0366be9bed9", "price_changes": [{"asset_id": "28925601457585818597976884682733220564275087969375241094042405298821715345883", "price": "0.32", "size": "31.77", "side": "SELL", "hash": "a7c2049b8c66a86b358d2da29fd7d84de56161bb", "best_bid": "0.16", "best_ask": "0.24"}, {"asset_id": "82729401832637709825110793196187030739292921831624466407117749344297450993725", "price": "0.68", "size": "31.77", "side": "BUY", "hash": "7539743699b08cd414807ef29feec0992c2e7812", "best_bid": "0.76", "best_ask": "0.84"}], "timestamp": "1769384658636", "event_type": "price_change"}}
{"_local_timestamp": "2026-01-25T23:44:19.233955+00:00", "data": {"market": "0x4c05379a13a872cd2a90f5de6dfea161ab285f225d5bd946dcd5f0366be9bed9", "price_changes": [{"asset_id": "28925601457585818597976884682733220564275087969375241094042405298821715345883", "price": "0.23", "size": "27.95", "side": "SELL", "hash": "d57a3892f78a9b893a138d19bec8f6d547e98bd7", "best_bid": "0.16", "best_ask": "0.23"}, {"asset_id": "82729401832637709825110793196187030739292921831624466407117749344297450993725", "price": "0.77", "size": "27.95", "side": "BUY", "hash": "e98d94946660c5c766fe51220c7c057fe92aa6d3", "best_bid": "0.77", "best_ask": "0.84"}], "timestamp": "1769384658876", "event_type": "price_change"}}
{"_local_timestamp": "2026-01-25T23:44:20.696563+00:00", "data": {"market": "0x4c05379a13a872cd2a90f5de6dfea161ab285f225d5bd946dcd5f0366be9bed9", "price_changes": [{"asset_id": "28925601457585818597976884682733220564275087969375241094042405298821715345883", "price": "0.32", "size": "16.17", "side": "SELL", "hash": "bd5bfee32e8831461c23f923b08a0f549b73bd66", "best_bid": "0.16", "best_ask": "0.23"}, {"asset_id": "82729401832637709825110793196187030739292921831624466407117749344297450993725", "price": "0.68", "size": "16.17", "side": "BUY", "hash": "6e678e2f77630c173ba2e41567546e7d1a7d8d62", "best_bid": "0.77", "best_ask": "0.84"}], "timestamp": "1769384660423", "event_type": "price_change"}}
{"_local_timestamp": "2026-01-25T23:44:20.714847+00:00", "data": {"market": "0x4c05379a13a872cd2a90f5de6dfea161ab285f225d5bd946dcd5f0366be9bed9", "price_changes": [{"asset_id": "28925601457585818597976884682733220564275087969375241094042405298821715345883", "price": "0.22", "size": "15.6", "side": "SELL", "hash": "133803cffd27a7504dc7521b20237badef7e736c", "best_bid": "0.16", "best_ask": "0.22"}, {"asset_id": "82729401832637709825110793196187030739292921831624466407117749344297450993725", "price": "0.78", "size": "15.6", "side": "BUY", "hash": "f5471db4ad006a0203c5f520be8bcd1120a67a13", "best_bid": "0.78", "best_ask": "0.84"}], "timestamp": "1769384660446", "event_type": "price_change"}}
{"_local_timestamp": "2026-01-25T23:44:20.919683+00:00", "data": {"market": "0x4c05379a13a872cd2a90f5de6dfea161ab285f225d5bd946dcd5f0366be9bed9", "price_changes": [{"asset_id": "82729401832637709825110793196187030739292921831624466407117749344297450993725", "price": "0.16", "size": "250", "side": "BUY", "hash": "154ecd0196ecf35f6f22c5d135966b403fb6bee4", "best_bid": "0.78", "best_ask": "0.84"}, {"asset_id": "28925601457585818597976884682733220564275087969375241094042405298821715345883", "price": "0.84", "size": "250", "side": "SELL", "hash": "d736417b2565c774870156d02b50f6df5c2282c8", "best_bid": "0.16", "best_ask": "0.22"}], "timestamp": "1769384660490", "event_type": "price_change"}}
{"_local_timestamp": "2026-01-25T23:44:57.581374+00:00", "data": {"market": "0x4c05379a13a872cd2a90f5de6dfea161ab285f225d5bd946dcd5f0366be9bed9", "price_changes": [{"asset_id": "82729401832637709825110793196187030739292921831624466407117749344297450993725", "price": "0.16", "size": "100", "side": "BUY", "hash": "fe6633e6daf5b35347c2d067ce3bc3f0ab5702eb", "best_bid": "0.78", "best_ask": "0.84"}, {"asset_id": "28925601457585818597976884682733220564275087969375241094042405298821715345883", "price": "0.84", "size": "100", "side": "SELL", "hash": "476efdeed1e93a58b57bf2e95cae03b2f27e87fb", "best_bid": "0.16", "best_ask": "0.22"}], "timestamp": "1769384697482", "event_type": "price_change"}}
{"_local_timestamp": "2026-01-25T23:44:57.850993+00:00", "data": {"market": "0x4c05379a13a872cd2a90f5de6dfea161ab285f225d5bd946dcd5f0366be9bed9", "price_changes": [{"asset_id": "82729401832637709825110793196187030739292921831624466407117749344297450993725", "price": "0.17", "size": "250", "side": "BUY", "hash": "fcbc7e964405837c469e7e46210e2c21b074c24f", "best_bid": "0.78", "best_ask": "0.84"}, {"asset_id": "28925601457585818597976884682733220564275087969375241094042405298821715345883", "price": "0.83", "size": "250", "side": "SELL", "hash": "5486ec665eb816ad8e477ca1dce07a88a46083df", "best_bid": "0.16", "best_ask": "0.22"}], "timestamp": "1769384697740", "event_type": "price_change"}}
{"_local_timestamp": "2026-01-25T23:45:17.962279+00:00", "data": {"market": "0x4c05379a13a872cd2a90f5de6dfea161ab285f225d5bd946dcd5f0366be9bed9", "price_changes": [{"asset_id": "28925601457585818597976884682733220564275087969375241094042405298821715345883", "price": "0.23", "size": "0", "side": "SELL", "hash": "6983929ba226f101abe6c27ea31c992d304ac997", "best_bid": "0.16", "best_ask": "0.22"}, {"asset_id": "82729401832637709825110793196187030739292921831624466407117749344297450993725", "price": "0.77", "size": "0", "side": "BUY", "hash": "e324728ca2cb581e2b4758531710a49160c02e11", "best_bid": "0.78", "best_ask": "0.84"}], "timestamp": "1769384717874", "event_type": "price_change"}}
{"_local_timestamp": "2026-01-25T23:45:18.739781+00:00", "data": {"market": "0x4c05379a13a872cd2a90f5de6dfea161ab285f225d5bd946dcd5f0366be9bed9", "price_changes": [{"asset_id": "28925601457585818597976884682733220564275087969375241094042405298821715345883", "price": "0.22", "size": "43.55", "side": "SELL", "hash": "3cb097148c548b394794e1762d483da72b3984bb", "best_bid": "0.16", "best_ask": "0.22"}, {"asset_id": "82729401832637709825110793196187030739292921831624466407117749344297450993725", "price": "0.78", "size": "43.55", "side": "BUY", "hash": "fc522cb72a18304430f6edf3f546358c6d32ad81", "best_bid": "0.78", "best_ask": "0.84"}], "timestamp": "1769384718665", "event_type": "price_change"}}
{"_local_timestamp": "2026-01-25T23:45:56.398773+00:00", "data": {"market": "0x4c05379a13a872cd2a90f5de6dfea161ab285f225d5bd946dcd5f0366be9bed9", "price_changes": [{"asset_id": "82729401832637709825110793196187030739292921831624466407117749344297450993725", "price": "0.22", "size": "100", "side": "BUY", "hash": "8a3830f987545896ff4e97c9afa988eb91709910", "best_bid": "0.78", "best_ask": "0.84"}, {"asset_id": "28925601457585818597976884682733220564275087969375241094042405298821715345883", "price": "0.78", "size": "100", "side": "SELL", "hash": "9daaa92aa5562d314585179832a534d7ebc7693c", "best_bid": "0.16", "best_ask": "0.22"}], "timestamp": "1769384756075", "event_type": "price_change"}}
{"_local_timestamp": "2026-01-25T23:46:10.000224+00:00", "data": {"market": "0x4c05379a13a872cd2a90f5de6dfea161ab285f225d5bd946dcd5f0366be9bed9", "price_changes": [{"asset_id": "28925601457585818597976884682733220564275087969375241094042405298821715345883", "price": "0.22", "size": "27.95", "side": "SELL", "hash": "1c9dacec1d6acfb32044f9291d77e88abed95d2f", "best_bid": "0.16", "best_ask": "0.22"}, {"asset_id": "82729401832637709825110793196187030739292921831624466407117749344297450993725", "price": "0.78", "size": "27.95", "side": "BUY", "hash": "75d03ed9f65cc7cf6bb30878e5c604118fe46b4a", "best_bid": "0.78", "best_ask": "0.84"}], "timestamp": "1769384769931", "event_type": "price_change"}}
{"_local_timestamp": "2026-01-25T23:46:10.032313+00:00", "data": {"market": "0x4c05379a13a872cd2a90f5de6dfea161ab285f225d5bd946dcd5f0366be9bed9", "price_changes": [{"asset_id": "28925601457585818597976884682733220564275087969375241094042405298821715345883", "price": "0.21", "size": "15.6", "side": "SELL", "hash": "e55f0c6ab2585d47db7eae405bb962809f97b9d0", "best_bid": "0.16", "best_ask": "0.21"}, {"asset_id": "82729401832637709825110793196187030739292921831624466407117749344297450993725", "price": "0.79", "size": "15.6", "side": "BUY", "hash": "047bbb5e0924b88ce7d7dbbea9fac4135abbe5ab", "best_bid": "0.79", "best_ask": "0.84"}], "timestamp": "1769384769967", "event_type": "price_change"}}
{"_local_timestamp": "2026-01-25T23:46:17.816040+00:00", "data": {"market": "0x4c05379a13a872cd2a90f5de6dfea161ab285f225d5bd946dcd5f0366be9bed9", "price_changes": [{"asset_id": "28925601457585818597976884682733220564275087969375241094042405298821715345883", "price": "0.14", "size": "159.03", "side": "BUY", "hash": "db266106c85872c4cf4dadf4135191426a457464", "best_bid": "0.16", "best_ask": "0.21"}, {"asset_id": "82729401832637709825110793196187030739292921831624466407117749344297450993725", "price": "0.86", "size": "159.03", "side": "SELL", "hash": "70a0cb22d1df0f07de79978ed3404a1e8df9f75c", "best_bid": "0.79", "best_ask": "0.84"}], "timestamp": "1769384777751", "event_type": "price_change"}}
{"_local_timestamp": "2026-01-25T23:46:18.735669+00:00", "data": {"market": "0x4c05379a13a872cd2a90f5de6dfea161ab285f225d5bd946dcd5f0366be9bed9", "price_changes": [{"asset_id": "82729401832637709825110793196187030739292921831624466407117749344297450993725", "price": "0.23", "size": "87", "side": "BUY", "hash": "7c54a1d8b218141c69f7829f4c445b94160cf217", "best_bid": "0.79", "best_ask": "0.84"}, {"asset_id": "28925601457585818597976884682733220564275087969375241094042405298821715345883", "price": "0.77", "size": "87", "side": "SELL", "hash": "e91f44d5ad6e6c9bf774717f8b2a08dcdc1ee9d0", "best_bid": "0.16", "best_ask": "0.21"}], "timestamp": "1769384778661", "event_type": "price_change"}}
{"_local_timestamp": "2026-01-25T23:46:28.844408+00:00", "data": {"market": "0x4c05379a13a872cd2a90f5de6dfea161ab285f225d5bd946dcd5f0366be9bed9", "price_changes": [{"asset_id": "28925601457585818597976884682733220564275087969375241094042405298821715345883", "price": "0.14", "size": "95.03", "side": "BUY", "hash": "0ab707bd579976484ad9c2b4c9621d33e1dae982", "best_bid": "0.16", "best_ask": "0.21"}, {"asset_id": "82729401832637709825110793196187030739292921831624466407117749344297450993725", "price": "0.86", "size": "95.03", "side": "SELL", "hash": "8f45ccea0714f3bf740fb1b7fd970e90ae0bd429", "best_bid": "0.79", "best_ask": "0.84"}], "timestamp": "1769384788739", "event_type": "price_change"}}
{"_local_timestamp": "2026-01-25T23:46:51.639257+00:00", "data": {"market": "0x4c05379a13a872cd2a90f5de6dfea161ab285f225d5bd946dcd5f0366be9bed9", "price_changes": [{"asset_id": "82729401832637709825110793196187030739292921831624466407117749344297450993725", "price": "0.16", "size": "250", "side": "BUY", "hash": "688335d85388aab4c3eab863291a17a1985aed4d", "best_bid": "0.79", "best_ask": "0.84"}, {"asset_id": "28925601457585818597976884682733220564275087969375241094042405298821715345883", "price": "0.84", "size": "250", "side": "SELL", "hash": "4a255502a537380c0b9f1e7c53de047cd6db7915", "best_bid": "0.16", "best_ask": "0.21"}], "timestamp": "1769384811238", "event_type": "price_change"}}
{"_local_timestamp": "2026-01-25T23:46:58.965678+00:00", "data": {"market": "0x4c05379a13a872cd2a90f5de6dfea161ab285f225d5bd946dcd5f0366be9bed9", "price_changes": [{"asset_id": "82729401832637709825110793196187030739292921831624466407117749344297450993725", "price": "0.22", "size": "0", "side": "BUY", "hash": "f2786dabbf7a4271163d39e7de0d3fb8ebdbbc19", "best_bid": "0.79", "best_ask": "0.84"}, {"asset_id": "28925601457585818597976884682733220564275087969375241094042405298821715345883", "price": "0.78", "size": "0", "side": "SELL", "hash": "a3a50846391cf6bf348c65c14b931f130d4bfd56", "best_bid": "0.16", "best_ask": "0.21"}], "timestamp": "1769384818865", "event_type": "price_change"}}
{"_local_timestamp": "2026-01-25T23:47:15.405940+00:00", "data": {"market": "0x4c05379a13a872cd2a90f5de6dfea161ab285f225d5bd946dcd5f0366be9bed9", "price_changes": [{"asset_id": "82729401832637709825110793196187030739292921831624466407117749344297450993725", "price": "0.12", "size": "1932", "side": "BUY", "hash": "78e87f6a3f1fe73315673b7d210f7b9cde55dc22", "best_bid": "0.79", "best_ask": "0.84"}, {"asset_id": "28925601457585818597976884682733220564275087969375241094042405298821715345883", "price": "0.88", "size": "1932", "side": "SELL", "hash": "fc75b19a0af4c22caa83da78fba10c23db902f01", "best_bid": "0.16", "best_ask": "0.21"}], "timestamp": "1769384835327", "event_type": "price_change"}}
{"_local_timestamp": "2026-01-25T23:47:15.692589+00:00", "data": {"market": "0x4c05379a13a872cd2a90f5de6dfea161ab285f225d5bd946dcd5f0366be9bed9", "price_changes": [{"asset_id": "82729401832637709825110793196187030739292921831624466407117749344297450993725", "price": "0.17", "size": "300", "side": "BUY", "hash": "80a57d627992a93ae908014c55432b4ce77263bb", "best_bid": "0.79", "best_ask": "0.84"}, {"asset_id": "28925601457585818597976884682733220564275087969375241094042405298821715345883", "price": "0.83", "size": "300", "side": "SELL", "hash": "ed9a04981b866d5b49f4435ae12abf2985e2a97f", "best_bid": "0.16", "best_ask": "0.21"}], "timestamp": "1769384835627", "event_type": "price_change"}}
{"_local_timestamp": "2026-01-25T23:47:17.898026+00:00", "data": {"market": "0x4c05379a13a872cd2a90f5de6dfea161ab285f225d5bd946dcd5f0366be9bed9", "price_changes": [{"asset_id": "28925601457585818597976884682733220564275087969375241094042405298821715345883", "price": "0.22", "size": "0", "side": "SELL", "hash": "594319b8034c7a613c378cc413630517d78067a5", "best_bid": "0.16", "best_ask": "0.21"}, {"asset_id": "82729401832637709825110793196187030739292921831624466407117749344297450993725", "price": "0.78", "size": "0", "side": "BUY", "hash": "5b3c31947cd7386388861b1e5970b51bc22ecc81", "best_bid": "0.79", "best_ask": "0.84"}], "timestamp": "1769384837828", "event_type": "price_change"}}
{"_local_timestamp": "2026-01-25T23:47:23.541231+00:00", "data": {"market": "0x4c05379a13a872cd2a90f5de6dfea161ab285f225d5bd946dcd5f0366be9bed9", "price_changes": [{"asset_id": "82729401832637709825110793196187030739292921831624466407117749344297450993725", "price": "0.21", "size": "0", "side": "BUY", "hash": "205b03840cda278f30f4d858cfc3fc2168e49746", "best_bid": "0.79", "best_ask": "0.84"}, {"asset_id": "28925601457585818597976884682733220564275087969375241094042405298821715345883", "price": "0.79", "size": "0", "side": "SELL", "hash": "18468e7678ef9f34cecdd5e9dc67498f418f75f7", "best_bid": "0.16", "best_ask": "0.21"}], "timestamp": "1769384843398", "event_type": "price_change"}}
