{"_local_timestamp": "2026-01-25T23:40:50.058727+00:00", "data": [{"market": "0xec9ed6760ff6f94af86360a27f0a58a8c3d81fcec4009104e74295ee31831de7", "asset_id": "93511473655815224600173274559129767111620985110313110555777037332556307696395", "timestamp": "1769384440612", "hash": "a631429976c56ca5f490be09bf81519141241d2d", "bids": [{"price": "0.001", "size": "5580.08"}, {"price": "0.002", "size": "5.04"}, {"price": "0.003", "size": "1000"}, {"price": "0.004", "size": "8.63"}, {"price": "0.01", "size": "5550"}, {"price": "0.011", "size": "8.38"}, {"price": "0.02", "size": "1000"}, {"price": "0.03", "size": "5332"}, {"price": "0.031", "size": "8.35"}, {"price": "0.05", "size": "30"}, {"price": "0.051", "size": "39"}, {"price": "0.06", "size": "500"}, {"price": "0.1", "size": "560"}, {"price": "0.101", "size": "5.93"}, {"price": "0.15", "size": "776.66"}, {"price": "0.2", "size": "660"}, {"price": "0.24", "size": "316.66"}, {"price": "0.29", "size": "89.65"}, {"price": "0.291", "size": "1592"}, {"price": "0.31", "size": "300"}, {"price": "0.34", "size": "70.58"}, {"price": "0.39", "size": "51.28"}, {"price": "0.4", "size": "225"}, {"price": "0.401", "size": "5"}, {"price": "0.5", "size": "40"}, {"price": "0.8", "size": "676.99"}, {"price": "0.948", "size": "119.2"}, {"price": "0.95", "size": "200"}, {"price": "0.959", "size": "200"}, {"price": "0.962", "size": "674"}, {"price": "0.963", "size": "1000"}, {"price": "0.964", "size": "434"}, {"price": "0.965", "size": "30"}, {"price": "0.966", "size": "30"}], "asks": [{"price": "0.999", "size": "62051"}, {"price": "0.998", "size": "4769.94"}, {"price": "0.997", "size": "1682.42"}, {"price": "0.996", "size": "261.5"}, {"price": "0.995", "size": "53.77"}, {"price": "0.99", "size": "2755"}, {"price": "0.989", "size": "555"}, {"price": "0.988", "size": "18.42"}, {"price": "0.985", "size": "554.99"}, {"price": "0.984", "size": "313"}, {"price": "0.983", "size": "100"}, {"price": "0.982", "size": "9.91"}, {"price": "0.98", "size": "1218.9"}, {"price": "0.979", "size": "439"}, {"price": "0.978", "size": "100"}, {"price": "0.977", "size": "8.67"}, {"price": "0.976", "size": "290"}, {"price": "0.975", "size": "100"}, {"price": "0.974", "size": "200"}], "event_type": "book", "last_trade_price": "0.025"}, {"market": "0xec9ed6760ff6f94af86360a27f0a58a8c3d81fcec4009104e74295ee31831de7", "asset_id": "67331822030244567879587561014926224494967230933578025199853347519154759516475", "timestamp": "1769384440612", "hash": "94759c9a26f88a442a9a0481da6eded2bb1552c5", "bids": [{"price": "0.001", "size": "62051"}, {"price": "0.002", "size": "4769.94"}, {"price": "0.003", "size": "1682.42"}, {"price": "0.004", "size": "261.5"}, {"price": "0.005", "size": "53.77"}, {"price": "0.01", "size": "2755"}, {"price": "0.011", "size": "555"}, {"price": "0.012", "size": "18.42"}, {"price": "0.015", "size": "554.99"}, {"price": "0.016", "size": "313"}, {"price": "0.017", "size": "100"}, {"price": "0.018", "size": "9.91"}, {"price": "0.02", "size": "1218.9"}, {"price": "0.021", "size": "439"}, {"price": "0.022", "size": "100"}, {"price": "0.023", "size": "8.67"}, {"price": "0.024", "size": "290"}, {"price": "0.025", "size": "100"}, {"price": "0.026", "size": "200"}], "asks": [{"price": "0.999", "size": "5580.08"}, {"price": "0.998", "size": "5.04"}, {"price": "0.997", "size": "1000"}, {"price": "0.996", "size": "8.63"}, {"price": "0.99", "size": "5550"}, {"price": "0.989", "size": "8.38"}, {"price": "0.98", "size": "1000"}, {"price": "0.97", "size": "5332"}, {"price": "0.969", "size": "8.35"}, {"price": "0.95", "size": "30"}, {"price": "0.949", "size": "39"}, {"price": "0.94", "size": "500"}, {"price": "0.9", "size": "560"}, {"price": "0.899", "size": "5.93"}, {"price": "0.85", "size": "776.66"}, {"price": "0.8", "size": "660"}, {"price": "0.76", "size": "316.66"}, {"price": "0.71", "size": "89.65"}, {"price": "0.709", "size": "1592"}, {"price": "0.69", "size": "300"}, {"price": "0.66", "size": "70.58"}, {"price": "0.61", "size": "51.28"}, {"price": "0.6", "size": "225"}, {"price": "0.599", "size": "5"}, {"price": "0.5", "size": "40"}, {"price": "0.2", "size": "676.99"}, {"price": "0.052", "size": "119.2"}, {"price": "0.05", "size": "200"}, {"price": "0.041", "size": "200"}, {"price": "0.038", "size": "674"}, {"price": "0.037", "size": "1000"}, {"price": "0.036", "size": "434"}, {"price": "0.035", "size": "30"}, {"price": "0.034", "size": "30"}], "event_type": "book", "last_trade_price": "0.025"}]}
{"_local_timestamp": "2026-01-25T23:41:14.642440+00:00", "data": {"market": "0xec9ed6760ff6f94af86360a27f0a58a8c3d81fcec4009104e74295ee31831de7", "price_changes": [{"asset_id": "93511473655815224600173274559129767111620985110313110555777037332556307696395", "price": "0.291", "size": "150", "side": "BUY", "hash": "827e667bda518bb0d197757f796b93ec791c1758", "best_bid": "0.966", "best_ask": "0.974"}, {"asset_id": "67331822030244567879587561014926224494967230933578025199853347519154759516475", "price": "0.709", "size": "150", "side": "SELL", "hash": "06e0e952e699c79a0307c911d8382172f693dc33", "best_bid": "0.026", "best_ask": "0.034"}], "timestamp": "1769384474530", "event_type": "price_change"}}
{"_local_timestamp": "2026-01-25T23:41:50.912734+00:00", "data": {"market": "0xec9ed6760ff6f94af86360a27f0a58a8c3d81fcec4009104e74295ee31831de7", "price_changes": [{"asset_id": "93511473655815224600173274559129767111620985110313110555777037332556307696395", "price": "0.24", "size": "216.66", "side": "BUY", "hash": "c13e27cb37c2e38c9a26f639086e72ffe0b5636c", "best_bid": "0.966", "best_ask": "0.974"}, {"asset_id": "67331822030244567879587561014926224494967230933578025199853347519154759516475", "price": "0.76", "size": "216.66", "side": "SELL", "hash": "3f16758839bda8d984ddecfe43c69516dd5c62ef", "best_bid": "0.026", "best_ask": "0.034"}], "timestamp": "1769384510746", "event_type": "price_change"}}
{"_local_timestamp": "2026-01-25T23:41:52.690703+00:00", "data": {"market": "0xec9ed6760ff6f94af86360a27f0a58a8c3d81fcec4009104e74295ee31831de7", "price_changes": [{"asset_id": "93511473655815224600173274559129767111620985110313110555777037332556307696395", "price": "0.291", "size": "250", "side": "BUY", "hash": "373a80000fbfa946f459adfe959509c48143f9c3", "best_bid": "0.966", "best_ask": "0.974"}, {"asset_id": "67331822030244567879587561014926224494967230933578025199853347519154759516475", "price": "0.709", "size": "250", "side": "SELL", "hash": "85364e1ec23cc9fd8f623ce7d5089d1806a61b82", "best_bid": "0.026", "best_ask": "0.034"}], "timestamp": "1769384511754", "event_type": "price_change"}}
{"_local_timestamp": "2026-01-25T23:42:08.501114+00:00", "data": {"market": "0xec9ed6760ff6f94af86360a27f0a58a8c3d81fcec4009104e74295ee31831de7", "price_changes": [{"asset_id": "93511473655815224600173274559129767111620985110313110555777037332556307696395", "price": "0.241", "size": "1742", "side": "BUY", "hash": "204297479de7dedf0f99e56afd3c4f1ed7da63c1", "best_bid": "0.966", "best_ask": "0.974"}, {"asset_id": "67331822030244567879587561014926224494967230933578025199853347519154759516475", "price": "0.759", "size": "1742", "side": "SELL", "hash": "f1df6fca41d6b2a7925f1018df7eaa707f338dcd", "best_bid": "0.026", "best_ask": "0.034"}], "timestamp": "1769384528433", "event_type": "price_change"}}
{"_local_timestamp": "2026-01-25T23:42:47.164327+00:00", "data": {"market": "0xec9ed6760ff6f94af86360a27f0a58a8c3d81fcec4009104e74295ee31831de7", "price_changes": [{"asset_id": "93511473655815224600173274559129767111620985110313110555777037332556307696395", "price": "0.241", "size": "0", "side": "BUY", "hash": "9d32760337a816ba43bd4ced2ee984e3af0eaf13", "best_bid": "0.966", "best_ask": "0.974"}, {"asset_id": "67331822030244567879587561014926224494967230933578025199853347519154759516475", "price": "0.759", "size": "0", "side": "SELL", "hash": "0bb0a09f442fa902635104729ad183c562b76d88", "best_bid": "0.026", "best_ask": "0.034"}], "timestamp": "1769384566987", "event_type": "price_change"}}
{"_local_timestamp": "2026-01-25T23:42:58.850916+00:00", "data": {"market": "0xec9ed6760ff6f94af86360a27f0a58a8c3d81fcec4009104e74295ee31831de7", "price_changes": [{"asset_id": "93511473655815224600173274559129767111620985110313110555777037332556307696395", "price": "0.24", "size": "116.66", "side": "BUY", "hash": "d38027f3583b7afceff60b094eb6b27556d0c7f1", "best_bid": "0.966", "best_ask": "0.974"}, {"asset_id": "67331822030244567879587561014926224494967230933578025199853347519154759516475", "price": "0.76", "size": "116.66", "side": "SELL", "hash": "1274dd7c64441e26c0a10b2927dd0af25083c992", "best_bid": "0.026", "best_ask": "0.034"}], "timestamp": "1769384578723", "event_type": "price_change"}}
{"_local_timestamp": "2026-01-25T23:42:59.111818+00:00", "data": {"market": "0xec9ed6760ff6f94af86360a27f0a58a8c3d81fcec4009104e74295ee31831de7", "price_changes": [{"asset_id": "93511473655815224600173274559129767111620985110313110555777037332556307696395", "price": "0.241", "size": "100", "side": "BUY", "hash": "07f31d5160da731679fadb548dfb75d44948018c", "best_bid": "0.966", "best_ask": "0.974"}, {"asset_id": "67331822030244567879587561014926224494967230933578025199853347519154759516475", "price": "0.759", "size": "100", "side": "SELL", "hash": "8b0abf6e1287cea524c81842579e285324ee86f2", "best_bid": "0.026", "best_ask": "0.034"}], "timestamp": "1769384578985", "event_type": "price_change"}}
{"_local_timestamp": "2026-01-25T23:43:38.524863+00:00", "data": {"market": "0xec9ed6760ff6f94af86360a27f0a58a8c3d81fcec4009104e74295ee31831de7", "price_changes": [{"asset_id": "93511473655815224600173274559129767111620985110313110555777037332556307696395", "price": "0.241", "size": "0", "side": "BUY", "hash": "87318ec3ef68c8772d3e8cfcd23ceb51f08b4fed", "best_bid": "0.966", "best_ask": "0.974"}, {"asset_id": "67331822030244567879587561014926224494967230933578025199853347519154759516475", "price": "0.759", "size": "0", "side": "SELL", "hash": "5086dd6757b6244ba3fb06bc2999b1a34d50f41c", "best_bid": "0.026", "best_ask": "0.034"}], "timestamp": "1769384618452", "event_type": "price_change"}}
{"_local_timestamp": "2026-01-25T23:43:38.832988+00:00", "data": {"market": "0xec9ed6760ff6f94af86360a27f0a58a8c3d81fcec4009104e74295ee31831de7", "price_changes": [{"asset_id": "93511473655815224600173274559129767111620985110313110555777037332556307696395", "price": "0.24", "size": "216.66", "side": "BUY", "hash": "ce19123c5d795fab55f00c448e329fb10787809f", "best_bid": "0.966", "best_ask": "0.974"}, {"asset_id": "67331822030244567879587561014926224494967230933578025199853347519154759516475", "price": "0.76", "size": "216.66", "side": "SELL", "hash": "15105214055d279b11f37b3fb2df414078d616f8", "best_bid": "0.026", "best_ask": "0.034"}], "timestamp": "1769384618721", "event_type": "price_change"}}
{"_local_timestamp": "2026-01-25T23:44:00.649572+00:00", "data": {"market": "0xec9ed6760ff6f94af86360a27f0a58a8c3d81fcec4009104e74295ee31831de7", "price_changes": [{"asset_id": "93511473655815224600173274559129767111620985110313110555777037332556307696395", "price": "0.292", "size": "1438", "side": "BUY", "hash": "1a22bdacffb381b5ea4f310c602e29cc3f29c178", "best_bid": "0.966", "best_ask": "0.974"}, {"asset_id": "67331822030244567879587561014926224494967230933578025199853347519154759516475", "price": "0.708", "size": "1438", "side": "SELL", "hash": "a57bc4f8545fa238b3cf6f910684dc6f0d5aa640", "best_bid": "0.026", "best_ask": "0.034"}], "timestamp": "1769384640398", "event_type": "price_change"}}
{"_local_timestamp": "2026-01-25T23:44:08.810193+00:00", "data": {"market": "0xec9ed6760ff6f94af86360a27f0a58a8c3d81fcec4009104e74295ee31831de7", "price_changes": [{"asset_id": "93511473655815224600173274559129767111620985110313110555777037332556307696395", "price": "0.291", "size": "200", "side": "BUY", "hash": "718248df9499565d9fbf5d58fac40804b3ea3310", "best_bid": "0.966", "best_ask": "0.974"}, {"asset_id": "67331822030244567879587561014926224494967230933578025199853347519154759516475", "price": "0.709", "size": "200", "side": "SELL", "hash": "c58a1731103bf75714543f6983d1741135bab21f", "best_bid": "0.026", "best_ask": "0.034"}], "timestamp": "1769384648420", "event_type": "price_change"}}
{"_local_timestamp": "2026-01-25T23:44:09.181017+00:00", "data": {"market": "0xec9ed6760ff6f94af86360a27f0a58a8c3d81fcec4009104e74295ee31831de7", "price_changes": [{"asset_id": "93511473655815224600173274559129767111620985110313110555777037332556307696395", "price": "0.241", "size": "50", "side": "BUY", "hash": "20d99a45d0309615f5b2dc11a922216e83c984eb", "best_bid": "0.966", "best_ask": "0.974"}, {"asset_id": "67331822030244567879587561014926224494967230933578025199853347519154759516475", "price": "0.759", "size": "50", "side": "SELL", "hash": "d857aef44b6dd443b2ed768942c7f4f52958f253", "best_bid": "0.026", "best_ask": "0.034"}], "timestamp": "1769384648749", "event_type": "price_change"}}
{"_local_timestamp": "2026-01-25T23:44:20.593946+00:00", "data": {"market": "0xec9ed6760ff6f94af86360a27f0a58a8c3d81fcec4009104e74295ee31831de7", "price_changes": [{"asset_id": "93511473655815224600173274559129767111620985110313110555777037332556307696395", "price": "0.291", "size": "100", "side": "BUY", "hash": "e8a3d27a662215904e65d4b8facac4f8bbfa1d6d", "best_bid": "0.966", "best_ask": "0.974"}, {"asset_id": "67331822030244567879587561014926224494967230933578025199853347519154759516475", "price": "0.709", "size": "100", "side": "SELL", "hash": "7411cb6fd2c8389dbd02fc43f8dbab9d76346c3c", "best_bid": "0.026", "best_ask": "0.034"}], "timestamp": "1769384660470", "event_type": "price_change"}}
{"_local_timestamp": "2026-01-25T23:44:21.495016+00:00", "data": {"market": "0xec9ed6760ff6f94af86360a27f0a58a8c3d81fcec4009104e74295ee31831de7", "price_changes": [{"asset_id": "93511473655815224600173274559129767111620985110313110555777037332556307696395", "price": "0.24", "size": "316.66", "side": "BUY", "hash": "560b2ad9eb4f9d835f91fde6759567133e8db1e2", "best_bid": "0.966", "best_ask": "0.974"}, {"asset_id": "67331822030244567879587561014926224494967230933578025199853347519154759516475", "price": "0.76", "size": "316.66", "side": "SELL", "hash": "480c47ce82184b1e9403131a517e823d572416f3", "best_bid": "0.026", "best_ask": "0.034"}], "timestamp": "1769384660900", "event_type": "price_change"}}
{"_local_timestamp": "2026-01-25T23:44:57.555751+00:00", "data": {"market": "0xec9ed6760ff6f94af86360a27f0a58a8c3d81fcec4009104e74295ee31831de7", "price_changes": [{"asset_id": "93511473655815224600173274559129767111620985110313110555777037332556307696395", "price": "0.291", "size": "50", "side": "BUY", "hash": "9f85c2527e6fb506172815613a749b3a2c84b0a6", "best_bid": "0.966", "best_ask": "0.974"}, {"asset_id": "67331822030244567879587561014926224494967230933578025199853347519154759516475", "price": "0.709", "size": "50", "side": "SELL", "hash": "f2d8bfe7d0a30d6c9c34343d5a7641bc4efce797", "best_bid": "0.026", "best_ask": "0.034"}], "timestamp": "1769384697469", "event_type": "price_change"}}
{"_local_timestamp": "2026-01-25T23:44:57.856157+00:00", "data": {"market": "0xec9ed6760ff6f94af86360a27f0a58a8c3d81fcec4009104e74295ee31831de7", "price_changes": [{"asset_id": "93511473655815224600173274559129767111620985110313110555777037332556307696395", "price": "0.292", "size": "1488", "side": "BUY", "hash": "65eeb12af740f05eedf8077678fb1c9165f7aa4a", "best_bid": "0.966", "best_ask": "0.974"}, {"asset_id": "67331822030244567879587561014926224494967230933578025199853347519154759516475", "price": "0.708", "size": "1488", "side": "SELL", "hash": "55ecd8b07188d378d2026accf19157e4d3bc41fc", "best_bid": "0.026", "best_ask": "0.034"}], "timestamp": "1769384697746", "event_type": "price_change"}}
{"_local_timestamp": "2026-01-25T23:44:57.886405+00:00", "data": {"market": "0xec9ed6760ff6f94af86360a27f0a58a8c3d81fcec4009104e74295ee31831de7", "price_changes": [{"asset_id": "93511473655815224600173274559129767111620985110313110555777037332556307696395", "price": "0.291", "size": "0", "side": "BUY", "hash": "402ba229a071c98dd83d2b992b3cbe0baf033128", "best_bid": "0.966", "best_ask": "0.974"}, {"asset_id": "67331822030244567879587561014926224494967230933578025199853347519154759516475", "price": "0.709", "size": "0", "side": "SELL", "hash": "16ea08d4cbcacfd59debf5824310216b6d077fa6", "best_bid": "0.026", "best_ask": "0.034"}], "timestamp": "1769384697751", "event_type": "price_change"}}
{"_local_timestamp": "2026-01-25T23:44:58.429232+00:00", "data": {"market": "0xec9ed6760ff6f94af86360a27f0a58a8c3d81fcec4009104e74295ee31831de7", "price_changes": [{"asset_id": "93511473655815224600173274559129767111620985110313110555777037332556307696395", "price": "0.31", "size": "350", "side": "BUY", "hash": "bf832dc92a2e8eb0b8dc367aacb53d2e45c97645", "best_bid": "0.966", "best_ask": "0.974"}, {"asset_id": "67331822030244567879587561014926224494967230933578025199853347519154759516475", "price": "0.69", "size": "350", "side": "SELL", "hash": "8cfb01d341b50c42683847fb21014a9026aafe7f", "best_bid": "0.026", "best_ask": "0.034"}], "timestamp": "1769384698240", "event_type": "price_change"}}
{"_local_timestamp": "2026-01-25T23:45:53.182733+00:00", "data": {"market": "0xec9ed6760ff6f94af86360a27f0a58a8c3d81fcec4009104e74295ee31831de7", "price_changes": [{"asset_id": "93511473655815224600173274559129767111620985110313110555777037332556307696395", "price": "0.241", "size": "0", "side": "BUY", "hash": "d92ae55d95292b461817ad9190d3436d7d0c174a", "best_bid": "0.966", "best_ask": "0.974"}, {"asset_id": "67331822030244567879587561014926224494967230933578025199853347519154759516475", "price": "0.759", "size": "0", "side": "SELL", "hash": "7b85782df4529a7f913567fcc5211b1daf302c42", "best_bid": "0.026", "best_ask": "0.034"}], "timestamp": "1769384753010", "event_type": "price_change"}}
{"_local_timestamp": "2026-01-25T23:45:53.731067+00:00", "data": {"market": "0xec9ed6760ff6f94af86360a27f0a58a8c3d81fcec4009104e74295ee31831de7", "price_changes": [{"asset_id": "93511473655815224600173274559129767111620985110313110555777037332556307696395", "price": "0.292", "size": "1538", "side": "BUY", "hash": "6cee7788f38af7a575545c8c62f63390af2e882f", "best_bid": "0.966", "best_ask": "0.974"}, {"asset_id": "67331822030244567879587561014926224494967230933578025199853347519154759516475", "price": "0.708", "size": "1538", "side": "SELL", "hash": "5446b9407f5d12d667eac83b52a94a1f6288138f", "best_bid": "0.026", "best_ask": "0.034"}], "timestamp": "1769384753530", "event_type": "price_change"}}
{"_local_timestamp": "2026-01-25T23:46:10.591403+00:00", "data": {"market": "0xec9ed6760ff6f94af86360a27f0a58a8c3d81fcec4009104e74295ee31831de7", "price_changes": [{"asset_id": "93511473655815224600173274559129767111620985110313110555777037332556307696395", "price": "0.292", "size": "100", "side": "BUY", "hash": "409b72e6eec68f723d2304bf0df9308ab2a9d3e4", "best_bid": "0.966", "best_ask": "0.974"}, {"asset_id": "67331822030244567879587561014926224494967230933578025199853347519154759516475", "price": "0.708", "size": "100", "side": "SELL", "hash": "9c31ca5918b96570f839bdd696b1b8b697d26f61", "best_bid": "0.026", "best_ask": "0.034"}], "timestamp": "1769384770466", "event_type": "price_change"}}
{"_local_timestamp": "2026-01-25T23:46:14.756397+00:00", "data": {"market": "0xec9ed6760ff6f94af86360a27f0a58a8c3d81fcec4009104e74295ee31831de7", "price_changes": [{"asset_id": "93511473655815224600173274559129767111620985110313110555777037332556307696395", "price": "0.241", "size": "1742", "side": "BUY", "hash": "69071d4aebaaa82ab6a2f056b53d6491904fb724", "best_bid": "0.966", "best_ask": "0.974"}, {"asset_id": "67331822030244567879587561014926224494967230933578025199853347519154759516475", "price": "0.759", "size": "1742", "side": "SELL", "hash": "08b9b40506db9db091d066a71d86cb4f0226ec70", "best_bid": "0.026", "best_ask": "0.034"}], "timestamp": "1769384774682", "event_type": "price_change"}}
{"_local_timestamp": "2026-01-25T23:46:41.863112+00:00", "data": {"market": "0xec9ed6760ff6f94af86360a27f0a58a8c3d81fcec4009104e74295ee31831de7", "price_changes": [{"asset_id": "67331822030244567879587561014926224494967230933578025199853347519154759516475", "price": "0.02", "size": "1118.9", "side": "BUY", "hash": "af73b81e316d34bcb455d967ea6093c6ffc87b7e", "best_bid": "0.026", "best_ask": "0.034"}, {"asset_id": "93511473655815224600173274559129767111620985110313110555777037332556307696395", "price": "0.98", "size": "1118.9", "side": "SELL", "hash": "6e30b4e9f625332c01a295ac7da2e15452b11b57", "best_bid": "0.966", "best_ask": "0.974"}], "timestamp": "1769384801762", "event_type": "price_change"}}
{"_local_timestamp": "2026-01-25T23:46:41.873911+00:00", "data": {"market": "0xec9ed6760ff6f94af86360a27f0a58a8c3d81fcec4009104e74295ee31831de7", "price_changes": [{"asset_id": "93511473655815224600173274559129767111620985110313110555777037332556307696395", "price": "0.95", "size": "100", "side": "BUY", "hash": "db9d375123d69fcaa3a7246edbb9396c07b8cf6d", "best_bid": "0.966", "best_ask": "0.974"}, {"asset_id": "67331822030244567879587561014926224494967230933578025199853347519154759516475", "price": "0.05", "size": "100", "side": "SELL", "hash": "1b888bdca7c786c99c33a1c8b01fb61b4ba7cea8", "best_bid": "0.026", "best_ask": "0.034"}], "timestamp": "1769384801765", "event_type": "price_change"}}
{"_local_timestamp": "2026-01-25T23:46:50.860422+00:00", "data": {"market": "0xec9ed6760ff6f94af86360a27f0a58a8c3d81fcec4009104e74295ee31831de7", "price_changes": [{"asset_id": "93511473655815224600173274559129767111620985110313110555777037332556307696395", "price": "0.24", "size": "216.66", "side": "BUY", "hash": "b46a55b9266659e22fb0368d1d622619ec56c059", "best_bid": "0.966", "best_ask": "0.974"}, {"asset_id": "67331822030244567879587561014926224494967230933578025199853347519154759516475", "price": "0.76", "size": "216.66", "side": "SELL", "hash": "37ed34c26b11db78632b15271cd645fa8e4e50ea", "best_bid": "0.026", "best_ask": "0.034"}], "timestamp": "1769384810655", "event_type": "price_change"}}
{"_local_timestamp": "2026-01-25T23:46:51.458628+00:00", "data": {"market": "0xec9ed6760ff6f94af86360a27f0a58a8c3d81fcec4009104e74295ee31831de7", "price_changes": [{"asset_id": "93511473655815224600173274559129767111620985110313110555777037332556307696395", "price": "0.292", "size": "200", "side": "BUY", "hash": "674efe82124766a06027540eebc1eab35150a891", "best_bid": "0.966", "best_ask": "0.974"}, {"asset_id": "67331822030244567879587561014926224494967230933578025199853347519154759516475", "price": "0.708", "size": "200", "side": "SELL", "hash": "de0de7a870cb1f24dfade5d25e807b3b3c760f83", "best_bid": "0.026", "best_ask": "0.034"}], "timestamp": "1769384811248", "event_type": "price_change"}}
{"_local_timestamp": "2026-01-25T23:46:58.942789+00:00", "data": {"market": "0xec9ed6760ff6f94af86360a27f0a58a8c3d81fcec4009104e74295ee31831de7", "price_changes": [{"asset_id": "93511473655815224600173274559129767111620985110313110555777037332556307696395", "price": "0.24", "size": "116.66", "side": "BUY", "hash": "060b7c7ddff4def7c23683a8e622e6df84a00a07", "best_bid": "0.966", "best_ask": "0.974"}, {"asset_id": "67331822030244567879587561014926224494967230933578025199853347519154759516475", "price": "0.76", "size": "116.66", "side": "SELL", "hash": "a09346a4142bd4b111a9ce605df3e0242558dab6", "best_bid": "0.026", "best_ask": "0.034"}], "timestamp": "1769384818853", "event_type": "price_change"}}
{"_local_timestamp": "2026-01-25T23:46:58.943380+00:00", "data": {"market": "0xec9ed6760ff6f94af86360a27f0a58a8c3d81fcec4009104e74295ee31831de7", "price_changes": [{"asset_id": "93511473655815224600173274559129767111620985110313110555777037332556307696395", "price": "0.292", "size": "150", "side": "BUY", "hash": "060b7c7ddff4def7c23683a8e622e6df84a00a07", "best_bid": "0.966", "best_ask": "0.974"}, {"asset_id": "67331822030244567879587561014926224494967230933578025199853347519154759516475", "price": "0.708", "size": "150", "side": "SELL", "hash": "a09346a4142bd4b111a9ce605df3e0242558dab6", "best_bid": "0.026", "best_ask": "0.034"}], "timestamp": "1769384818853", "event_type": "price_change"}}
{"_local_timestamp": "2026-01-25T23:46:59.305494+00:00", "data": {"market": "0xec9ed6760ff6f94af86360a27f0a58a8c3d81fcec4009104e74295ee31831de7", "price_changes": [{"asset_id": "93511473655815224600173274559129767111620985110313110555777037332556307696395", "price": "0.241", "size": "1842", "side": "BUY", "hash": "66d8a9d3786e192ea091d8c9922b3a5cae9f25fc", "best_bid": "0.966", "best_ask": "0.974"}, {"asset_id": "67331822030244567879587561014926224494967230933578025199853347519154759516475", "price": "0.759", "size": "1842", "side": "SELL", "hash": "7ab62578168773dcbecf960ba436753ac54964b2", "best_bid": "0.026", "best_ask": "0.034"}], "timestamp": "1769384819184", "event_type": "price_change"}}
{"_local_timestamp": "2026-01-25T23:46:59.345281+00:00", "data": {"market": "0xec9ed6760ff6f94af86360a27f0a58a8c3d81fcec4009104e74295ee31831de7", "price_changes": [{"asset_id": "93511473655815224600173274559129767111620985110313110555777037332556307696395", "price": "0.29", "size": "139.65", "side": "BUY", "hash": "ea96c88d8b9d2c3c0d435bcd97894b996f9f681a", "best_bid": "0.966", "best_ask": "0.974"}, {"asset_id": "67331822030244567879587561014926224494967230933578025199853347519154759516475", "price": "0.71", "size": "139.65", "side": "SELL", "hash": "4e5ebc80b863c0ff25a6912464be6d56fe990194", "best_bid": "0.026", "best_ask": "0.034"}], "timestamp": "1769384819238", "event_type": "price_change"}}
{"_local_timestamp": "2026-01-25T23:47:02.965858+00:00", "data": {"market": "0xec9ed6760ff6f94af86360a27f0a58a8c3d81fcec4009104e74295ee31831de7", "price_changes": [{"asset_id": "67331822030244567879587561014926224494967230933578025199853347519154759516475", "price": "0.02", "size": "1218.9", "side": "BUY", "hash": "f667c404c4e159ab4e8c1ab6373284a0f94990e3", "best_bid": "0.026", "best_ask": "0.034"}, {"asset_id": "93511473655815224600173274559129767111620985110313110555777037332556307696395", "price": "0.98", "size": "1218.9", "side": "SELL", "hash": "c4518b688bada50fd795038d3e1886850a753ccf", "best_bid": "0.966", "best_ask": "0.974"}], "timestamp": "1769384822889", "event_type": "price_change"}}
{"_local_timestamp": "2026-01-25T23:47:07.637405+00:00", "data": {"market": "0xec9ed6760ff6f94af86360a27f0a58a8c3d81fcec4009104e74295ee31831de7", "price_changes": [{"asset_id": "93511473655815224600173274559129767111620985110313110555777037332556307696395", "price": "0.95", "size": "200", "side": "BUY", "hash": "1f7b0b79db7462ba4085c30e7306c829c212472a", "best_bid": "0.966", "best_ask": "0.974"}, {"asset_id": "67331822030244567879587561014926224494967230933578025199853347519154759516475", "price": "0.05", "size": "200", "side": "SELL", "hash": "2b8283a6e3925b5413674b4fcc52cf46592140d1", "best_bid": "0.026", "best_ask": "0.034"}], "timestamp": "1769384827568", "event_type": "price_change"}}
{"_local_timestamp": "2026-01-25T23:47:23.606165+00:00", "data": {"market": "0xec9ed6760ff6f94af86360a27f0a58a8c3d81fcec4009104e74295ee31831de7", "price_changes": [{"asset_id": "93511473655815224600173274559129767111620985110313110555777037332556307696395", "price": "0.31", "size": "300", "side": "BUY", "hash": "5653e6b16724d552fa37b036e53102a3deb93053", "best_bid": "0.966", "best_ask": "0.974"}, {"asset_id": "67331822030244567879587561014926224494967230933578025199853347519154759516475", "price": "0.69", "size": "300", "side": "SELL", "hash": "8c545b61279ec6fc443b63c17c15c1941bb161a4", "best_bid": "0.026", "best_ask": "0.034"}], "timestamp": "1769384843410", "event_type": "price_change"}}
{"_local_timestamp": "2026-01-25T23:47:23.953721+00:00", "data": {"market": "0xec9ed6760ff6f94af86360a27f0a58a8c3d81fcec4009104e74295ee31831de7", "price_changes": [{"asset_id": "93511473655815224600173274559129767111620985110313110555777037332556307696395", "price": "0.292", "size": "200", "side": "BUY", "hash": "81d39f7be755ba6011a748bbb11a4c6564c105e6", "best_bid": "0.966", "best_ask": "0.974"}, {"asset_id": "67331822030244567879587561014926224494967230933578025199853347519154759516475", "price": "0.708", "size": "200", "side": "SELL", "hash": "be9b135692e24e71a88c605aa0ca9cb97caeb934", "best_bid": "0.026", "best_ask": "0.034"}], "timestamp": "1769384843829", "event_type": "price_change"}}
