{"_local_timestamp": "2026-01-25T23:40:49.117960+00:00", "data": [{"market": "0x6c10657926027aa34d83a6e40825534300c67825bd613341cca7cc65bcbd44b3", "asset_id": "19352408366347958036941870706238745419288825859713112077166099297782147216353", "timestamp": "1769384216964", "hash": "b8ecd8220f037b35e42d999c8facb7aa301c7788", "bids": [{"price": "0.01", "size": "2300"}, {"price": "0.02", "size": "892.5"}, {"price": "0.03", "size": "311.1"}, {"price": "0.04", "size": "307.91"}, {"price": "0.05", "size": "59.52"}, {"price": "0.06", "size": "196.82"}], "asks": [{"price": "0.99", "size": "5359.69"}, {"price": "0.98", "size": "1400"}, {"price": "0.97", "size": "7.96"}, {"price": "0.95", "size": "30"}, {"price": "0.94", "size": "233"}, {"price": "0.93", "size": "9.48"}, {"price": "0.89", "size": "325"}, {"price": "0.84", "size": "250"}, {"price": "0.75", "size": "200"}, {"price": "0.74", "size": "325"}, {"price": "0.73", "size": "7"}, {"price": "0.48", "size": "100"}, {"price": "0.23", "size": "20"}, {"price": "0.09", "size": "500"}, {"price": "0.08", "size": "500"}, {"price": "0.07", "size": "57.38"}], "event_type": "book", "last_trade_price": ""}, {"market": "0x6c10657926027aa34d83a6e40825534300c67825bd613341cca7cc65bcbd44b3", "asset_id": "52369695513980441241344458665309412861452319041548593177803819638961878713166", "timestamp": "1769384216964", "hash": "93260df787ba38941855ca8bc2b2025230c1d69c", "bids": [{"price": "0.01", "size": "5359.69"}, {"price": "0.02", "size": "1400"}, {"price": "0.03", "size": "7.96"}, {"price": "0.05", "size": "30"}, {"price": "0.06", "size": "233"}, {"price": "0.07", "size": "9.48"}, {"price": "0.11", "size": "325"}, {"price": "0.16", "size": "250"}, {"price": "0.25", "size": "200"}, {"price": "0.26", "size": "325"}, {"price": "0.27", "size": "7"}, {"price": "0.52", "size": "100"}, {"price": "0.77", "size": "20"}, {"price": "0.91", "size": "500"}, {"price": "0.92", "size": "500"}, {"price": "0.93", "size": "57.38"}], "asks": [{"price": "0.99", "size": "2300"}, {"price": "0.98", "size": "892.5"}, {"price": "0.97", "size": "311.1"}, {"price": "0.96", "size": "307.91"}, {"price": "0.95", "size": "59.52"}, {"price": "0.94", "size": "196.82"}], "event_type": "book", "last_trade_price": ""}]}
{"_local_timestamp": "2026-01-25T23:41:29.373789+00:00", "data": {"market": "0x6c10657926027aa34d83a6e40825534300c67825bd613341cca7cc65bcbd44b3", "price_changes": [{"asset_id": "19352408366347958036941870706238745419288825859713112077166099297782147216353", "price": "0.02", "size": "875", "side": "BUY", "hash": "e764f07a8961649fa717352130875c13ec94574a", "best_bid": "0.06", "best_ask": "0.07"}, {"asset_id": "52369695513980441241344458665309412861452319041548593177803819638961878713166", "price": "0.98", "size": "875", "side": "SELL", "hash": "bc5294c5fb2e4675866ec7a346c231d0de2a3f3c", "best_bid": "0.93", "best_ask": "0.94"}], "timestamp": "1769384489260", "event_type": "price_change"}}
{"_local_timestamp": "2026-01-25T23:41:29.387399+00:00", "data": {"market": "0x6c10657926027aa34d83a6e40825534300c67825bd613341cca7cc65bcbd44b3", "price_changes": [{"asset_id": "19352408366347958036941870706238745419288825859713112077166099297782147216353", "price": "0.03", "size": "300", "side": "BUY", "hash": "e764f07a8961649fa717352130875c13ec94574a", "best_bid": "0.06", "best_ask": "0.07"}, {"asset_id": "52369695513980441241344458665309412861452319041548593177803819638961878713166", "price": "0.97", "size": "300", "side": "SELL", "hash": "bc5294c5fb2e4675866ec7a346c231d0de2a3f3c", "best_bid": "0.93", "best_ask": "0.94"}], "timestamp": "1769384489260", "event_type": "price_change"}}
{"_local_timestamp": "2026-01-25T23:41:29.387853+00:00", "data": {"market": "0x6c10657926027aa34d83a6e40825534300c67825bd613341cca7cc65bcbd44b3", "price_changes": [{"asset_id": "19352408366347958036941870706238745419288825859713112077166099297782147216353", "price": "0.04", "size": "300", "side": "BUY", "hash": "e764f07a8961649fa717352130875c13ec94574a", "best_bid": "0.06", "best_ask": "0.07"}, {"asset_id": "52369695513980441241344458665309412861452319041548593177803819638961878713166", "price": "0.96", "size": "300", "side": "SELL", "hash": "bc5294c5fb2e4675866ec7a346c231d0de2a3f3c", "best_bid": "0.93", "best_ask": "0.94"}], "timestamp": "1769384489260", "event_type": "price_change"}}
{"_local_timestamp": "2026-01-25T23:41:31.288583+00:00", "data": {"market": "0x6c10657926027aa34d83a6e40825534300c67825bd613341cca7cc65bcbd44b3", "price_changes": [{"asset_id": "19352408366347958036941870706238745419288825859713112077166099297782147216353", "price": "0.03", "size": "311.1", "side": "BUY", "hash": "aa5aeae876c668e13928cc187799990fe62bfbec", "best_bid": "0.06", "best_ask": "0.07"}, {"asset_id": "52369695513980441241344458665309412861452319041548593177803819638961878713166", "price": "0.97", "size": "311.1", "side": "SELL", "hash": "c9b23daf1b10c017751b0204ab6ec9a2a48a7c59", "best_bid": "0.93", "best_ask": "0.94"}], "timestamp": "1769384491140", "event_type": "price_change"}}
{"_local_timestamp": "2026-01-25T23:41:31.290940+00:00", "data": {"market": "0x6c10657926027aa34d83a6e40825534300c67825bd613341cca7cc65bcbd44b3", "price_changes": [{"asset_id": "19352408366347958036941870706238745419288825859713112077166099297782147216353", "price": "0.04", "size": "307.91", "side": "BUY", "hash": "8551ff3b13c4c2350e7fe63ad0fc4bbc5e79f06e", "best_bid": "0.06", "best_ask": "0.07"}, {"asset_id": "52369695513980441241344458665309412861452319041548593177803819638961878713166", "price": "0.96", "size": "307.91", "side": "SELL", "hash": "9381c4900b100a34df57159724ddac6ff8a5572b", "best_bid": "0.93", "best_ask": "0.94"}], "timestamp": "1769384491142", "event_type": "price_change"}}
{"_local_timestamp": "2026-01-25T23:41:31.291339+00:00", "data": {"market": "0x6c10657926027aa34d83a6e40825534300c67825bd613341cca7cc65bcbd44b3", "price_changes": [{"asset_id": "19352408366347958036941870706238745419288825859713112077166099297782147216353", "price": "0.02", "size": "892.5", "side": "BUY", "hash": "61ba10b15496b1febededa05aff20d984c61b428", "best_bid": "0.06", "best_ask": "0.07"}, {"asset_id": "52369695513980441241344458665309412861452319041548593177803819638961878713166", "price": "0.98", "size": "892.5", "side": "SELL", "hash": "940255bafa739287506c6b522b2ea5e021093ead", "best_bid": "0.93", "best_ask": "0.94"}], "timestamp": "1769384491143", "event_type": "price_change"}}
