{"_local_timestamp": "2026-01-25T23:33:18.406225+00:00", "data": [{"market": "0xb1d2cd56624ec8bb3d8115d50d503d0e8578bf32d754ad5fe3c0e08a73186c57", "asset_id": "51171279104285400909666677762285621845926753560865042481170667672124752488918", "timestamp": "1769383972864", "hash": "e9e9a77ee07049b295ef128f1e52cbb6ea6a5e52", "bids": [{"price": "0.01", "size": "97735.04"}, {"price": "0.02", "size": "1854.54"}, {"price": "0.03", "size": "250"}, {"price": "0.04", "size": "6.59"}, {"price": "0.05", "size": "15.15"}, {"price": "0.07", "size": "714.28"}, {"price": "0.08", "size": "33.03"}, {"price": "0.1", "size": "57.69"}, {"price": "0.11", "size": "326.46"}, {"price": "0.13", "size": "550"}, {"price": "0.15", "size": "213.33"}, {"price": "0.16", "size": "1005"}, {"price": "0.18", "size": "155.55"}, {"price": "0.19", "size": "2610"}, {"price": "0.2", "size": "29.67"}, {"price": "0.22", "size": "218.18"}, {"price": "0.24", "size": "5"}, {"price": "0.25", "size": "89.96"}, {"price": "0.26", "size": "242.3"}, {"price": "0.28", "size": "3504"}, {"price": "0.29", "size": "68.96"}, {"price": "0.31", "size": "11.87"}, {"price": "0.34", "size": "125"}, {"price": "0.49", "size": "15"}, {"price": "0.51", "size": "47.61"}, {"price": "0.56", "size": "70"}, {"price": "0.57", "size": "25"}, {"price": "0.58", "size": "5"}, {"price": "0.6", "size": "10"}, {"price": "0.61", "size": "1010.56"}, {"price": "0.63", "size": "10"}, {"price": "0.64", "size": "40"}, {"price": "0.65", "size": "3581.99"}, {"price": "0.66", "size": "4556"}, {"price": "0.67", "size": "3196.83"}, {"price": "0.68", "size": "18218.58"}, {"price": "0.69", "size": "8634.79"}], "asks": [{"price": "0.99", "size": "52485"}, {"price": "0.98", "size": "6.33"}, {"price": "0.97", "size": "405"}, {"price": "0.96", "size": "3792.94"}, {"price": "0.95", "size": "10240"}, {"price": "0.94", "size": "400"}, {"price": "0.91", "size": "200"}, {"price": "0.9", "size": "341.52"}, {"price": "0.89", "size": "10"}, {"price": "0.88", "size": "150"}, {"price": "0.85", "size": "215"}, {"price": "0.84", "size": "10"}, {"price": "0.83", "size": "100"}, {"price": "0.82", "size": "300"}, {"price": "0.8", "size": "401.19"}, {"price": "0.79", "size": "1454"}, {"price": "0.78", "size": "108.39"}, {"price": "0.76", "size": "250.05"}, {"price": "0.75", "size": "760"}, {"price": "0.74", "size": "80"}, {"price": "0.73", "size": "2550.32"}, {"price": "0.72", "size": "12102.55"}, {"price": "0.71", "size": "8053.49"}, {"price": "0.7", "size": "272.89"}], "event_type": "book", "last_trade_price": "0.690"}, {"market": "0xb1d2cd56624ec8bb3d8115d50d503d0e8578bf32d754ad5fe3c0e08a73186c57", "asset_id": "105826416199005342591038391498217708749113687972802625260881736773834354050519", "timestamp": "1769383972864", "hash": "57bfe2c5bd9273b751d580d9460b4db10fbcf55a", "bids": [{"price": "0.01", "size": "52485"}, {"price": "0.02", "size": "6.33"}, {"price": "0.03", "size": "405"}, {"price": "0.04", "size": "3792.94"}, {"price": "0.05", "size": "10240"}, {"price": "0.06", "size": "400"}, {"price": "0.09", "size": "200"}, {"price": "0.1", "size": "341.52"}, {"price": "0.11", "size": "10"}, {"price": "0.12", "size": "150"}, {"price": "0.15", "size": "215"}, {"price": "0.16", "size": "10"}, {"price": "0.17", "size": "100"}, {"price": "0.18", "size": "300"}, {"price": "0.2", "size": "401.19"}, {"price": "0.21", "size": "1454"}, {"price": "0.22", "size": "108.39"}, {"price": "0.24", "size": "250.05"}, {"price": "0.25", "size": "760"}, {"price": "0.26", "size": "80"}, {"price": "0.27", "size": "2550.32"}, {"price": "0.28", "size": "12102.55"}, {"price": "0.29", "size": "8053.49"}, {"price": "0.3", "size": "272.89"}], "asks": [{"price": "0.99", "size": "97735.04"}, {"price": "0.98", "size": "1854.54"}, {"price": "0.97", "size": "250"}, {"price": "0.96", "size": "6.59"}, {"price": "0.95", "size": "15.15"}, {"price": "0.93", "size": "714.28"}, {"price": "0.92", "size": "33.03"}, {"price": "0.9", "size": "57.69"}, {"price": "0.89", "size": "326.46"}, {"price": "0.87", "size": "550"}, {"price": "0.85", "size": "213.33"}, {"price": "0.84", "size": "1005"}, {"price": "0.82", "size": "155.55"}, {"price": "0.81", "size": "2610"}, {"price": "0.8", "size": "29.67"}, {"price": "0.78", "size": "218.18"}, {"price": "0.76", "size": "5"}, {"price": "0.75", "size": "89.96"}, {"price": "0.74", "size": "242.3"}, {"price": "0.72", "size": "3504"}, {"price": "0.71", "size": "68.96"}, {"price": "0.69", "size": "11.87"}, {"price": "0.66", "size": "125"}, {"price": "0.51", "size": "15"}, {"price": "0.49", "size": "47.61"}, {"price": "0.44", "size": "70"}, {"price": "0.43", "size": "25"}, {"price": "0.42", "size": "5"}, {"price": "0.4", "size": "10"}, {"price": "0.39", "size": "1010.56"}, {"price": "0.37", "size": "10"}, {"price": "0.36", "size": "40"}, {"price": "0.35", "size": "3581.99"}, {"price": "0.34", "size": "4556"}, {"price": "0.33", "size": "3196.83"}, {"price": "0.32", "size": "18218.58"}, {"price": "0.31", "size": "8634.79"}], "event_type": "book", "last_trade_price": "0.690"}]}
{"_local_timestamp": "2026-01-25T23:33:43.300542+00:00", "data": {"market": "0xb1d2cd56624ec8bb3d8115d50d503d0e8578bf32d754ad5fe3c0e08a73186c57", "price_changes": [{"asset_id": "105826416199005342591038391498217708749113687972802625260881736773834354050519", "price": "0.29", "size": "8653.49", "side": "BUY", "hash": "32bb06ae768849206ac64eec7badd31af3ca46ff", "best_bid": "0.3", "best_ask": "0.31"}, {"asset_id": "51171279104285400909666677762285621845926753560865042481170667672124752488918", "price": "0.71", "size": "8653.49", "side": "SELL", "hash": "5598e591df7541807cf6d74e11a5e1cbbe92105b", "best_bid": "0.69", "best_ask": "0.7"}], "timestamp": "1769384023234", "event_type": "price_change"}}
{"_local_timestamp": "2026-01-25T23:33:43.546864+00:00", "data": {"market": "0xb1d2cd56624ec8bb3d8115d50d503d0e8578bf32d754ad5fe3c0e08a73186c57", "price_changes": [{"asset_id": "51171279104285400909666677762285621845926753560865042481170667672124752488918", "price": "0.68", "size": "18818.58", "side": "BUY", "hash": "8e830480cbde2ab4e356c4ba9a2bb2077f6fe05c", "best_bid": "0.69", "best_ask": "0.7"}, {"asset_id": "105826416199005342591038391498217708749113687972802625260881736773834354050519", "price": "0.32", "size": "18818.58", "side": "SELL", "hash": "06021bd84c91912bca4cb940f54b2becdc20afde", "best_bid": "0.3", "best_ask": "0.31"}], "timestamp": "1769384023478", "event_type": "price_change"}}
{"_local_timestamp": "2026-01-25T23:33:50.076719+00:00", "data": {"market": "0xb1d2cd56624ec8bb3d8115d50d503d0e8578bf32d754ad5fe3c0e08a73186c57", "price_changes": [{"asset_id": "51171279104285400909666677762285621845926753560865042481170667672124752488918", "price": "0.68", "size": "18271.58", "side": "BUY", "hash": "6756408e51ed2367060cde8cb65bd7121feb76d2", "best_bid": "0.69", "best_ask": "0.7"}, {"asset_id": "105826416199005342591038391498217708749113687972802625260881736773834354050519", "price": "0.32", "size": "18271.58", "side": "SELL", "hash": "4ab4f666c21ec4c96e3a4c68e71caf8139892f48", "best_bid": "0.3", "best_ask": "0.31"}], "timestamp": "1769384030000", "event_type": "price_change"}}
{"_local_timestamp": "2026-01-25T23:33:50.077549+00:00", "data": {"market": "0xb1d2cd56624ec8bb3d8115d50d503d0e8578bf32d754ad5fe3c0e08a73186c57", "price_changes": [{"asset_id": "105826416199005342591038391498217708749113687972802625260881736773834354050519", "price": "0.29", "size": "8106.49", "side": "BUY", "hash": "c778ea87578a9ee0c3c0a8d5354a818b34bbb6ab", "best_bid": "0.3", "best_ask": "0.31"}, {"asset_id": "51171279104285400909666677762285621845926753560865042481170667672124752488918", "price": "0.71", "size": "8106.49", "side": "SELL", "hash": "3856bf9cda1f6a2c8dd6bb227dcbb4d11ec053fd", "best_bid": "0.69", "best_ask": "0.7"}], "timestamp": "1769384030002", "event_type": "price_change"}}
{"_local_timestamp": "2026-01-25T23:34:46.363238+00:00", "data": {"market": "0xb1d2cd56624ec8bb3d8115d50d503d0e8578bf32d754ad5fe3c0e08a73186c57", "price_changes": [{"asset_id": "51171279104285400909666677762285621845926753560865042481170667672124752488918", "price": "0.7", "size": "78.55", "side": "SELL", "hash": "8ac5fb3c35133d7eece0a79e5c4545a1848ccc36", "best_bid": "0.69", "best_ask": "0.7"}, {"asset_id": "105826416199005342591038391498217708749113687972802625260881736773834354050519", "price": "0.3", "size": "78.55", "side": "BUY", "hash": "cf765e1220f4fd9b3976157d79d27d2bb5f6609d", "best_bid": "0.3", "best_ask": "0.31"}], "timestamp": "1769384086295", "event_type": "price_change"}}
{"_local_timestamp": "2026-01-25T23:34:46.907233+00:00", "data": {"market": "0xb1d2cd56624ec8bb3d8115d50d503d0e8578bf32d754ad5fe3c0e08a73186c57", "price_changes": [{"asset_id": "51171279104285400909666677762285621845926753560865042481170667672124752488918", "price": "0.68", "size": "18021.58", "side": "BUY", "hash": "7b15ea8bc201e3ddf9a41fbd64b4d97a8e6b578a", "best_bid": "0.69", "best_ask": "0.7"}, {"asset_id": "105826416199005342591038391498217708749113687972802625260881736773834354050519", "price": "0.32", "size": "18021.58", "side": "SELL", "hash": "1663b0344b4b596d8d6698cc542544f548198b1c", "best_bid": "0.3", "best_ask": "0.31"}], "timestamp": "1769384086831", "event_type": "price_change"}}
{"_local_timestamp": "2026-01-25T23:34:47.814568+00:00", "data": {"market": "0xb1d2cd56624ec8bb3d8115d50d503d0e8578bf32d754ad5fe3c0e08a73186c57", "price_changes": [{"asset_id": "51171279104285400909666677762285621845926753560865042481170667672124752488918", "price": "0.69", "size": "8884.79", "side": "BUY", "hash": "a5e6adf01a25138202371e0d3c2f403a83a3c3f0", "best_bid": "0.69", "best_ask": "0.7"}, {"asset_id": "105826416199005342591038391498217708749113687972802625260881736773834354050519", "price": "0.31", "size": "8884.79", "side": "SELL", "hash": "6da030f809b4090fe654fa8310bf3162292cba32", "best_bid": "0.3", "best_ask": "0.31"}], "timestamp": "1769384087746", "event_type": "price_change"}}
{"_local_timestamp": "2026-01-25T23:36:06.076851+00:00", "data": {"market": "0xb1d2cd56624ec8bb3d8115d50d503d0e8578bf32d754ad5fe3c0e08a73186c57", "price_changes": [{"asset_id": "105826416199005342591038391498217708749113687972802625260881736773834354050519", "price": "0.01", "size": "2485", "side": "BUY", "hash": "5dbb7aa414b33e724e4f525998ddaec97f1ab3ea", "best_bid": "0.3", "best_ask": "0.31"}, {"asset_id": "51171279104285400909666677762285621845926753560865042481170667672124752488918", "price": "0.99", "size": "2485", "side": "SELL", "hash": "7f1f0f438da2b2fb3d5043918fc43994f22a3245", "best_bid": "0.69", "best_ask": "0.7"}], "timestamp": "1769384166001", "event_type": "price_change"}}
{"_local_timestamp": "2026-01-25T23:36:06.083879+00:00", "data": {"market": "0xb1d2cd56624ec8bb3d8115d50d503d0e8578bf32d754ad5fe3c0e08a73186c57", "price_changes": [{"asset_id": "105826416199005342591038391498217708749113687972802625260881736773834354050519", "price": "0.05", "size": "240", "side": "BUY", "hash": "9a6d5fdc20f4a1f4c7731ca2a1320c633cbedb64", "best_bid": "0.3", "best_ask": "0.31"}, {"asset_id": "51171279104285400909666677762285621845926753560865042481170667672124752488918", "price": "0.95", "size": "240", "side": "SELL", "hash": "f978d2e61df99350edfad9688f6423a86e260c40", "best_bid": "0.69", "best_ask": "0.7"}], "timestamp": "1769384166003", "event_type": "price_change"}}
{"_local_timestamp": "2026-01-25T23:36:19.791117+00:00", "data": {"market": "0xb1d2cd56624ec8bb3d8115d50d503d0e8578bf32d754ad5fe3c0e08a73186c57", "price_changes": [{"asset_id": "105826416199005342591038391498217708749113687972802625260881736773834354050519", "price": "0.01", "size": "52485", "side": "BUY", "hash": "4c9f9d45bad54a51a0c429f1fdfef274ac69c4a9", "best_bid": "0.3", "best_ask": "0.31"}, {"asset_id": "51171279104285400909666677762285621845926753560865042481170667672124752488918", "price": "0.99", "size": "52485", "side": "SELL", "hash": "54726d7e9f713dbecb592118d3d9119cd283b3e3", "best_bid": "0.69", "best_ask": "0.7"}], "timestamp": "1769384179725", "event_type": "price_change"}}
{"_local_timestamp": "2026-01-25T23:36:19.805818+00:00", "data": {"market": "0xb1d2cd56624ec8bb3d8115d50d503d0e8578bf32d754ad5fe3c0e08a73186c57", "price_changes": [{"asset_id": "105826416199005342591038391498217708749113687972802625260881736773834354050519", "price": "0.05", "size": "10240", "side": "BUY", "hash": "67ba1755216824a73ef1ccff9f6c2ee8ed32e779", "best_bid": "0.3", "best_ask": "0.31"}, {"asset_id": "51171279104285400909666677762285621845926753560865042481170667672124752488918", "price": "0.95", "size": "10240", "side": "SELL", "hash": "03a5c8ca11c88892906a4bb2aa298955d2ab7e6f", "best_bid": "0.69", "best_ask": "0.7"}], "timestamp": "1769384179726", "event_type": "price_change"}}
{"_local_timestamp": "2026-01-25T23:37:53.115750+00:00", "data": {"market": "0xb1d2cd56624ec8bb3d8115d50d503d0e8578bf32d754ad5fe3c0e08a73186c57", "price_changes": [{"asset_id": "105826416199005342591038391498217708749113687972802625260881736773834354050519", "price": "0.25", "size": "156", "side": "BUY", "hash": "d271d554a10907198cce5355f5f4720bc7afd9d9", "best_bid": "0.3", "best_ask": "0.31"}, {"asset_id": "51171279104285400909666677762285621845926753560865042481170667672124752488918", "price": "0.75", "size": "156", "side": "SELL", "hash": "28d437caca3525e6544c31deae472053543c5ad1", "best_bid": "0.69", "best_ask": "0.7"}], "timestamp": "1769384273000", "event_type": "price_change"}}
{"_local_timestamp": "2026-01-25T23:37:53.116161+00:00", "data": {"market": "0xb1d2cd56624ec8bb3d8115d50d503d0e8578bf32d754ad5fe3c0e08a73186c57", "price_changes": [{"asset_id": "105826416199005342591038391498217708749113687972802625260881736773834354050519", "price": "0.21", "size": "15", "side": "BUY", "hash": "7ff470870bc78bc4ed929c0ea5c188acbfcfb378", "best_bid": "0.3", "best_ask": "0.31"}, {"asset_id": "51171279104285400909666677762285621845926753560865042481170667672124752488918", "price": "0.79", "size": "15", "side": "SELL", "hash": "dd1e14777ccc0133742ed14f7bcdb128f209e4da", "best_bid": "0.69", "best_ask": "0.7"}], "timestamp": "1769384273037", "event_type": "price_change"}}
{"_local_timestamp": "2026-01-25T23:37:57.750917+00:00", "data": {"market": "0xb1d2cd56624ec8bb3d8115d50d503d0e8578bf32d754ad5fe3c0e08a73186c57", "price_changes": [{"asset_id": "105826416199005342591038391498217708749113687972802625260881736773834354050519", "price": "0.21", "size": "1454", "side": "BUY", "hash": "d382a544f7b72474746e8d7b2376efa7243184a6", "best_bid": "0.3", "best_ask": "0.31"}, {"asset_id": "51171279104285400909666677762285621845926753560865042481170667672124752488918", "price": "0.79", "size": "1454", "side": "SELL", "hash": "bc72a9a962c6d42d2888fcac00a06a523a9e5062", "best_bid": "0.69", "best_ask": "0.7"}], "timestamp": "1769384277683", "event_type": "price_change"}}
{"_local_timestamp": "2026-01-25T23:37:57.751392+00:00", "data": {"market": "0xb1d2cd56624ec8bb3d8115d50d503d0e8578bf32d754ad5fe3c0e08a73186c57", "price_changes": [{"asset_id": "105826416199005342591038391498217708749113687972802625260881736773834354050519", "price": "0.25", "size": "760", "side": "BUY", "hash": "e66e340ec09e10072d92d7d42ab031640f07451b", "best_bid": "0.3", "best_ask": "0.31"}, {"asset_id": "51171279104285400909666677762285621845926753560865042481170667672124752488918", "price": "0.75", "size": "760", "side": "SELL", "hash": "ded2b9551e42ec1955aebca6fe9977ef1af2b87b", "best_bid": "0.69", "best_ask": "0.7"}], "timestamp": "1769384277683", "event_type": "price_change"}}
