{"_local_timestamp": "2026-01-25T23:40:35.941685+00:00", "data": [{"market": "0x80db1cb8b044feaa6d6cdd9110754dce3912af0ec0d845a3aeb5864a1ba7de67", "asset_id": "64475883791632943506049561040308253211063206293893132232978760127150670719189", "timestamp": "1769384426814", "hash": "8d086495bd9d4f78d5719f4d3587a798c73164a8", "bids": [{"price": "0.01", "size": "3314.2"}, {"price": "0.02", "size": "1400"}, {"price": "0.03", "size": "250"}, {"price": "0.04", "size": "6.47"}, {"price": "0.05", "size": "130"}, {"price": "0.06", "size": "33"}, {"price": "0.09", "size": "900"}, {"price": "0.1", "size": "100"}, {"price": "0.11", "size": "5.44"}, {"price": "0.14", "size": "792.85"}, {"price": "0.15", "size": "100"}, {"price": "0.18", "size": "400"}, {"price": "0.19", "size": "168.42"}, {"price": "0.2", "size": "130"}, {"price": "0.21", "size": "1100"}, {"price": "0.22", "size": "726"}, {"price": "0.23", "size": "171.73"}, {"price": "0.28", "size": "342.85"}, {"price": "0.33", "size": "72.72"}, {"price": "0.37", "size": "384.97"}, {"price": "0.38", "size": "52.63"}, {"price": "0.4", "size": "125"}, {"price": "0.41", "size": "1000"}, {"price": "0.46", "size": "1304"}, {"price": "0.47", "size": "3508"}, {"price": "0.48", "size": "5"}, {"price": "0.5", "size": "44.92"}, {"price": "0.61", "size": "6.69"}, {"price": "0.65", "size": "60"}, {"price": "0.7", "size": "222"}, {"price": "0.71", "size": "222"}, {"price": "0.73", "size": "200"}, {"price": "0.74", "size": "200"}, {"price": "0.75", "size": "80"}, {"price": "0.81", "size": "222"}, {"price": "0.87", "size": "30"}, {"price": "0.88", "size": "855"}, {"price": "0.89", "size": "1436"}, {"price": "0.9", "size": "2161.1"}, {"price": "0.91", "size": "1257.25"}, {"price": "0.92", "size": "89.25"}], "asks": [{"price": "0.99", "size": "22675"}, {"price": "0.98", "size": "2146.45"}, {"price": "0.97", "size": "3688.53"}, {"price": "0.96", "size": "3017.26"}, {"price": "0.95", "size": "1993"}, {"price": "0.94", "size": "763.17"}], "event_type": "book", "last_trade_price": "0.080"}, {"market": "0x80db1cb8b044feaa6d6cdd9110754dce3912af0ec0d845a3aeb5864a1ba7de67", "asset_id": "4865985759969354870176744589934627962709868150379818333913024138967257275029", "timestamp": "1769384426814", "hash": "2edeb8a9f98e5b0ea500529b66deb08f08ae09b9", "bids": [{"price": "0.01", "size": "22675"}, {"price": "0.02", "size": "2146.45"}, {"price": "0.03", "size": "3688.53"}, {"price": "0.04", "size": "3017.26"}, {"price": "0.05", "size": "1993"}, {"price": "0.06", "size": "763.17"}], "asks": [{"price": "0.99", "size": "3314.2"}, {"price": "0.98", "size": "1400"}, {"price": "0.97", "size": "250"}, {"price": "0.96", "size": "6.47"}, {"price": "0.95", "size": "130"}, {"price": "0.94", "size": "33"}, {"price": "0.91", "size": "900"}, {"price": "0.9", "size": "100"}, {"price": "0.89", "size": "5.44"}, {"price": "0.86", "size": "792.85"}, {"price": "0.85", "size": "100"}, {"price": "0.82", "size": "400"}, {"price": "0.81", "size": "168.42"}, {"price": "0.8", "size": "130"}, {"price": "0.79", "size": "1100"}, {"price": "0.78", "size": "726"}, {"price": "0.77", "size": "171.73"}, {"price": "0.72", "size": "342.85"}, {"price": "0.67", "size": "72.72"}, {"price": "0.63", "size": "384.97"}, {"price": "0.62", "size": "52.63"}, {"price": "0.6", "size": "125"}, {"price": "0.59", "size": "1000"}, {"price": "0.54", "size": "1304"}, {"price": "0.53", "size": "3508"}, {"price": "0.52", "size": "5"}, {"price": "0.5", "size": "44.92"}, {"price": "0.39", "size": "6.69"}, {"price": "0.35", "size": "60"}, {"price": "0.3", "size": "222"}, {"price": "0.29", "size": "222"}, {"price": "0.27", "size": "200"}, {"price": "0.26", "size": "200"}, {"price": "0.25", "size": "80"}, {"price": "0.19", "size": "222"}, {"price": "0.13", "size": "30"}, {"price": "0.12", "size": "855"}, {"price": "0.11", "size": "1436"}, {"price": "0.1", "size": "2161.1"}, {"price": "0.09", "size": "1257.25"}, {"price": "0.08", "size": "89.25"}], "event_type": "book", "last_trade_price": "0.080"}]}
{"_local_timestamp": "2026-01-25T23:40:40.495415+00:00", "data": {"market": "0x80db1cb8b044feaa6d6cdd9110754dce3912af0ec0d845a3aeb5864a1ba7de67", "price_changes": [{"asset_id": "64475883791632943506049561040308253211063206293893132232978760127150670719189", "price": "0.28", "size": "292.85", "side": "BUY", "hash": "881024bfb3ab59d77ea0be17d088908b930000f4", "best_bid": "0.92", "best_ask": "0.94"}, {"asset_id": "4865985759969354870176744589934627962709868150379818333913024138967257275029", "price": "0.72", "size": "292.85", "side": "SELL", "hash": "fb660a8d061075158161bd3239ad386682dcaaf6", "best_bid": "0.06", "best_ask": "0.08"}], "timestamp": "1769384440280", "event_type": "price_change"}}
{"_local_timestamp": "2026-01-25T23:40:40.817965+00:00", "data": {"market": "0x80db1cb8b044feaa6d6cdd9110754dce3912af0ec0d845a3aeb5864a1ba7de67", "price_changes": [{"asset_id": "64475883791632943506049561040308253211063206293893132232978760127150670719189", "price": "0.23", "size": "221.73", "side": "BUY", "hash": "46f23c794019116f529e9a50a65fcc372a394666", "best_bid": "0.92", "best_ask": "0.94"}, {"asset_id": "4865985759969354870176744589934627962709868150379818333913024138967257275029", "price": "0.77", "size": "221.73", "side": "SELL", "hash": "15e55c4239bf116369ad85c3172ab30170c93e40", "best_bid": "0.06", "best_ask": "0.08"}], "timestamp": "1769384440624", "event_type": "price_change"}}
{"_local_timestamp": "2026-01-25T23:40:41.108243+00:00", "data": {"market": "0x80db1cb8b044feaa6d6cdd9110754dce3912af0ec0d845a3aeb5864a1ba7de67", "price_changes": [{"asset_id": "4865985759969354870176744589934627962709868150379818333913024138967257275029", "price": "0.05", "size": "2933", "side": "BUY", "hash": "9a7a8e091dfffddebe9c7927b381e1f905bc0af3", "best_bid": "0.06", "best_ask": "0.08"}, {"asset_id": "64475883791632943506049561040308253211063206293893132232978760127150670719189", "price": "0.95", "size": "2933", "side": "SELL", "hash": "3eeac172dbfcfae2cd17afc688d68ec4d7f07f17", "best_bid": "0.92", "best_ask": "0.94"}], "timestamp": "1769384441005", "event_type": "price_change"}}
{"_local_timestamp": "2026-01-25T23:40:41.108846+00:00", "data": {"market": "0x80db1cb8b044feaa6d6cdd9110754dce3912af0ec0d845a3aeb5864a1ba7de67", "price_changes": [{"asset_id": "4865985759969354870176744589934627962709868150379818333913024138967257275029", "price": "0.01", "size": "27374", "side": "BUY", "hash": "6c5fbe50e7000238b4660ecefe5da1e6c5e4c40e", "best_bid": "0.06", "best_ask": "0.08"}, {"asset_id": "64475883791632943506049561040308253211063206293893132232978760127150670719189", "price": "0.99", "size": "27374", "side": "SELL", "hash": "6e597648766671572e96ba7d38042f28c4f120fa", "best_bid": "0.92", "best_ask": "0.94"}], "timestamp": "1769384441007", "event_type": "price_change"}}
{"_local_timestamp": "2026-01-25T23:40:45.097630+00:00", "data": {"market": "0x80db1cb8b044feaa6d6cdd9110754dce3912af0ec0d845a3aeb5864a1ba7de67", "price_changes": [{"asset_id": "4865985759969354870176744589934627962709868150379818333913024138967257275029", "price": "0.04", "size": "1692.26", "side": "BUY", "hash": "21b6373171f32a016ba8c4b329f32f5bcf63cf23", "best_bid": "0.06", "best_ask": "0.08"}, {"asset_id": "64475883791632943506049561040308253211063206293893132232978760127150670719189", "price": "0.96", "size": "1692.26", "side": "SELL", "hash": "cb548f0208d1b4c624d46a77941520068004effd", "best_bid": "0.92", "best_ask": "0.94"}], "timestamp": "1769384445000", "event_type": "price_change"}}
{"_local_timestamp": "2026-01-25T23:40:45.113346+00:00", "data": {"market": "0x80db1cb8b044feaa6d6cdd9110754dce3912af0ec0d845a3aeb5864a1ba7de67", "price_changes": [{"asset_id": "4865985759969354870176744589934627962709868150379818333913024138967257275029", "price": "0.01", "size": "6674", "side": "BUY", "hash": "29146c052f23369a38fa13bc3fb75ed7a3d15d9e", "best_bid": "0.06", "best_ask": "0.08"}, {"asset_id": "64475883791632943506049561040308253211063206293893132232978760127150670719189", "price": "0.99", "size": "6674", "side": "SELL", "hash": "a63b4993c9d827978b4db05bf77b043a2e11ad34", "best_bid": "0.92", "best_ask": "0.94"}], "timestamp": "1769384445004", "event_type": "price_change"}}
{"_local_timestamp": "2026-01-25T23:40:46.861156+00:00", "data": {"market": "0x80db1cb8b044feaa6d6cdd9110754dce3912af0ec0d845a3aeb5864a1ba7de67", "price_changes": [{"asset_id": "64475883791632943506049561040308253211063206293893132232978760127150670719189", "price": "0.29", "size": "1448", "side": "BUY", "hash": "1c7055fb5524e633edbc909329c5f124fec02434", "best_bid": "0.92", "best_ask": "0.94"}, {"asset_id": "4865985759969354870176744589934627962709868150379818333913024138967257275029", "price": "0.71", "size": "1448", "side": "SELL", "hash": "ed5c620f2a760b60e8393aead82462e04677e880", "best_bid": "0.06", "best_ask": "0.08"}], "timestamp": "1769384446789", "event_type": "price_change"}}
{"_local_timestamp": "2026-01-25T23:40:53.716143+00:00", "data": {"market": "0x80db1cb8b044feaa6d6cdd9110754dce3912af0ec0d845a3aeb5864a1ba7de67", "price_changes": [{"asset_id": "4865985759969354870176744589934627962709868150379818333913024138967257275029", "price": "0.01", "size": "31874", "side": "BUY", "hash": "54264caec1fc332b7c9a25dd78df29eac8c553ea", "best_bid": "0.06", "best_ask": "0.08"}, {"asset_id": "64475883791632943506049561040308253211063206293893132232978760127150670719189", "price": "0.99", "size": "31874", "side": "SELL", "hash": "b12575f69506a6c3e5d7f94a06b0583f5ccecfd8", "best_bid": "0.92", "best_ask": "0.94"}], "timestamp": "1769384453635", "event_type": "price_change"}}
{"_local_timestamp": "2026-01-25T23:40:53.716663+00:00", "data": {"market": "0x80db1cb8b044feaa6d6cdd9110754dce3912af0ec0d845a3aeb5864a1ba7de67", "price_changes": [{"asset_id": "4865985759969354870176744589934627962709868150379818333913024138967257275029", "price": "0.03", "size": "4492.53", "side": "BUY", "hash": "eb4e2157518ebff9db597355b4596c15701a2efc", "best_bid": "0.06", "best_ask": "0.08"}, {"asset_id": "64475883791632943506049561040308253211063206293893132232978760127150670719189", "price": "0.97", "size": "4492.53", "side": "SELL", "hash": "79dc30b4db2379e7891a1292b2f7cb5310e9c31f", "best_bid": "0.92", "best_ask": "0.94"}], "timestamp": "1769384453636", "event_type": "price_change"}}
{"_local_timestamp": "2026-01-25T23:40:53.718389+00:00", "data": {"market": "0x80db1cb8b044feaa6d6cdd9110754dce3912af0ec0d845a3aeb5864a1ba7de67", "price_changes": [{"asset_id": "4865985759969354870176744589934627962709868150379818333913024138967257275029", "price": "0.04", "size": "3117.26", "side": "BUY", "hash": "54de9236a5e69fcaf3f42db57adc396b039639f6", "best_bid": "0.06", "best_ask": "0.08"}, {"asset_id": "64475883791632943506049561040308253211063206293893132232978760127150670719189", "price": "0.96", "size": "3117.26", "side": "SELL", "hash": "0072950b6e49bac32b54174c89e28d4a8d57ec29", "best_bid": "0.92", "best_ask": "0.94"}], "timestamp": "1769384453636", "event_type": "price_change"}}
{"_local_timestamp": "2026-01-25T23:41:41.077410+00:00", "data": {"market": "0x80db1cb8b044feaa6d6cdd9110754dce3912af0ec0d845a3aeb5864a1ba7de67", "price_changes": [{"asset_id": "4865985759969354870176744589934627962709868150379818333913024138967257275029", "price": "0.03", "size": "4459.53", "side": "BUY", "hash": "f2ff09dbd3ac619d1ec111b2bf75c9e7f42626cd", "best_bid": "0.06", "best_ask": "0.08"}, {"asset_id": "64475883791632943506049561040308253211063206293893132232978760127150670719189", "price": "0.97", "size": "4459.53", "side": "SELL", "hash": "3be2099a4c4085b3744220ad6fcbf3253cb92ecb", "best_bid": "0.92", "best_ask": "0.94"}], "timestamp": "1769384501000", "event_type": "price_change"}}
{"_local_timestamp": "2026-01-25T23:41:44.282746+00:00", "data": {"market": "0x80db1cb8b044feaa6d6cdd9110754dce3912af0ec0d845a3aeb5864a1ba7de67", "price_changes": [{"asset_id": "4865985759969354870176744589934627962709868150379818333913024138967257275029", "price": "0.03", "size": "4492.53", "side": "BUY", "hash": "308e2fb4b20ed311ee43706d7a2adb32c75aa7be", "best_bid": "0.06", "best_ask": "0.08"}, {"asset_id": "64475883791632943506049561040308253211063206293893132232978760127150670719189", "price": "0.97", "size": "4492.53", "side": "SELL", "hash": "a886237bd5b8a87e75c9fd92980900ed56ad772f", "best_bid": "0.92", "best_ask": "0.94"}], "timestamp": "1769384504217", "event_type": "price_change"}}
{"_local_timestamp": "2026-01-25T23:41:49.487391+00:00", "data": {"market": "0x80db1cb8b044feaa6d6cdd9110754dce3912af0ec0d845a3aeb5864a1ba7de67", "price_changes": [{"asset_id": "64475883791632943506049561040308253211063206293893132232978760127150670719189", "price": "0.28", "size": "242.85", "side": "BUY", "hash": "a5cb631e097cbe76faee0a32d70454b77a66a56a", "best_bid": "0.92", "best_ask": "0.94"}, {"asset_id": "4865985759969354870176744589934627962709868150379818333913024138967257275029", "price": "0.72", "size": "242.85", "side": "SELL", "hash": "888980f7ce5f491aa5004bdd8e46acc175233b05", "best_bid": "0.06", "best_ask": "0.08"}], "timestamp": "1769384509403", "event_type": "price_change"}}
{"_local_timestamp": "2026-01-25T23:41:49.750902+00:00", "data": {"market": "0x80db1cb8b044feaa6d6cdd9110754dce3912af0ec0d845a3aeb5864a1ba7de67", "price_changes": [{"asset_id": "64475883791632943506049561040308253211063206293893132232978760127150670719189", "price": "0.29", "size": "1498", "side": "BUY", "hash": "21af1d14f65d3228e8907a890136bd9ecbea0700", "best_bid": "0.92", "best_ask": "0.94"}, {"asset_id": "4865985759969354870176744589934627962709868150379818333913024138967257275029", "price": "0.71", "size": "1498", "side": "SELL", "hash": "56801d49324a3ff9872ff78b5a3c3363fefa6186", "best_bid": "0.06", "best_ask": "0.08"}], "timestamp": "1769384509664", "event_type": "price_change"}}
{"_local_timestamp": "2026-01-25T23:41:50.964117+00:00", "data": {"market": "0x80db1cb8b044feaa6d6cdd9110754dce3912af0ec0d845a3aeb5864a1ba7de67", "price_changes": [{"asset_id": "64475883791632943506049561040308253211063206293893132232978760127150670719189", "price": "0.28", "size": "142.85", "side": "BUY", "hash": "9217b7b405cea5a05e3d89a447d561e5ad1f5449", "best_bid": "0.92", "best_ask": "0.94"}, {"asset_id": "4865985759969354870176744589934627962709868150379818333913024138967257275029", "price": "0.72", "size": "142.85", "side": "SELL", "hash": "6f342d288359f5a0e6ed083f83e6e2b56324fe1d", "best_bid": "0.06", "best_ask": "0.08"}], "timestamp": "1769384510776", "event_type": "price_change"}}
{"_local_timestamp": "2026-01-25T23:41:52.303666+00:00", "data": {"market": "0x80db1cb8b044feaa6d6cdd9110754dce3912af0ec0d845a3aeb5864a1ba7de67", "price_changes": [{"asset_id": "64475883791632943506049561040308253211063206293893132232978760127150670719189", "price": "0.21", "size": "1200", "side": "BUY", "hash": "f20a3050fa10f58b3f7ea0374e3b31a9b13130d0", "best_bid": "0.92", "best_ask": "0.94"}, {"asset_id": "4865985759969354870176744589934627962709868150379818333913024138967257275029", "price": "0.79", "size": "1200", "side": "SELL", "hash": "0aa03be1a029f3245144d73ae605793ca3b19870", "best_bid": "0.06", "best_ask": "0.08"}], "timestamp": "1769384511723", "event_type": "price_change"}}
{"_local_timestamp": "2026-01-25T23:42:24.750459+00:00", "data": {"market": "0x80db1cb8b044feaa6d6cdd9110754dce3912af0ec0d845a3aeb5864a1ba7de67", "price_changes": [{"asset_id": "64475883791632943506049561040308253211063206293893132232978760127150670719189", "price": "0.23", "size": "171.73", "side": "BUY", "hash": "6212de1c674e71621a126da9612bb1b254323258", "best_bid": "0.92", "best_ask": "0.94"}, {"asset_id": "4865985759969354870176744589934627962709868150379818333913024138967257275029", "price": "0.77", "size": "171.73", "side": "SELL", "hash": "95519b0e883f21810c0abc6b8985bcbad33b160e", "best_bid": "0.06", "best_ask": "0.08"}], "timestamp": "1769384544490", "event_type": "price_change"}}
{"_local_timestamp": "2026-01-25T23:42:25.106463+00:00", "data": {"market": "0x80db1cb8b044feaa6d6cdd9110754dce3912af0ec0d845a3aeb5864a1ba7de67", "price_changes": [{"asset_id": "64475883791632943506049561040308253211063206293893132232978760127150670719189", "price": "0.29", "size": "1548", "side": "BUY", "hash": "4938a93ed868d720033a80f0b71bbee77c36f8ab", "best_bid": "0.92", "best_ask": "0.94"}, {"asset_id": "4865985759969354870176744589934627962709868150379818333913024138967257275029", "price": "0.71", "size": "1548", "side": "SELL", "hash": "23b8497b26c50f9982b181854705347bbe452817", "best_bid": "0.06", "best_ask": "0.08"}], "timestamp": "1769384544907", "event_type": "price_change"}}
{"_local_timestamp": "2026-01-25T23:42:29.672907+00:00", "data": {"market": "0x80db1cb8b044feaa6d6cdd9110754dce3912af0ec0d845a3aeb5864a1ba7de67", "price_changes": [{"asset_id": "4865985759969354870176744589934627962709868150379818333913024138967257275029", "price": "0.02", "size": "2133", "side": "BUY", "hash": "d006c591573eceb4b2609a26c9c04ec0780ee8a5", "best_bid": "0.06", "best_ask": "0.08"}, {"asset_id": "64475883791632943506049561040308253211063206293893132232978760127150670719189", "price": "0.98", "size": "2133", "side": "SELL", "hash": "cc08af974dd21395c39b796804baf22883b88717", "best_bid": "0.92", "best_ask": "0.94"}], "timestamp": "1769384549531", "event_type": "price_change"}}
{"_local_timestamp": "2026-01-25T23:42:29.673482+00:00", "data": {"market": "0x80db1cb8b044feaa6d6cdd9110754dce3912af0ec0d845a3aeb5864a1ba7de67", "price_changes": [{"asset_id": "4865985759969354870176744589934627962709868150379818333913024138967257275029", "price": "0.04", "size": "3105.39", "side": "BUY", "hash": "d006c591573eceb4b2609a26c9c04ec0780ee8a5", "best_bid": "0.06", "best_ask": "0.08"}, {"asset_id": "64475883791632943506049561040308253211063206293893132232978760127150670719189", "price": "0.96", "size": "3105.39", "side": "SELL", "hash": "cc08af974dd21395c39b796804baf22883b88717", "best_bid": "0.92", "best_ask": "0.94"}], "timestamp": "1769384549531", "event_type": "price_change"}}
{"_local_timestamp": "2026-01-25T23:42:30.251837+00:00", "data": {"market": "0x80db1cb8b044feaa6d6cdd9110754dce3912af0ec0d845a3aeb5864a1ba7de67", "price_changes": [{"asset_id": "4865985759969354870176744589934627962709868150379818333913024138967257275029", "price": "0.04", "size": "3117.26", "side": "BUY", "hash": "9318f21ed1da966fb0448831702a67b1bc63eff5", "best_bid": "0.06", "best_ask": "0.08"}, {"asset_id": "64475883791632943506049561040308253211063206293893132232978760127150670719189", "price": "0.96", "size": "3117.26", "side": "SELL", "hash": "2539b5d4aa5181930df1af5440b303ace3880740", "best_bid": "0.92", "best_ask": "0.94"}], "timestamp": "1769384550107", "event_type": "price_change"}}
{"_local_timestamp": "2026-01-25T23:42:30.261959+00:00", "data": {"market": "0x80db1cb8b044feaa6d6cdd9110754dce3912af0ec0d845a3aeb5864a1ba7de67", "price_changes": [{"asset_id": "4865985759969354870176744589934627962709868150379818333913024138967257275029", "price": "0.02", "size": "2146.45", "side": "BUY", "hash": "135c37cd44d670e063b3cd3e21d291568f895135", "best_bid": "0.06", "best_ask": "0.08"}, {"asset_id": "64475883791632943506049561040308253211063206293893132232978760127150670719189", "price": "0.98", "size": "2146.45", "side": "SELL", "hash": "6b7bb3e977983534d234aa7e6809d42f9de6fdc6", "best_bid": "0.92", "best_ask": "0.94"}], "timestamp": "1769384550108", "event_type": "price_change"}}
