{"_local_timestamp": "2026-01-25T23:33:32.184899+00:00", "data": [{"market": "0xe6e841c41ed65247c83f0806e53a9872529ff19976c3dacb9420a660b686ac15", "asset_id": "87310877473696048435856143777727012121066729952448776331896421964568034451368", "timestamp": "1769383966389", "hash": "e2c2adf40e90bb2c5b822fd756d2864eecef9017", "bids": [{"price": "0.01", "size": "7061.33"}, {"price": "0.02", "size": "3000"}, {"price": "0.03", "size": "10.82"}, {"price": "0.04", "size": "900"}, {"price": "0.06", "size": "566.66"}, {"price": "0.07", "size": "300"}, {"price": "0.09", "size": "355.55"}, {"price": "0.1", "size": "305.61"}, {"price": "0.11", "size": "254.54"}, {"price": "0.13", "size": "200"}, {"price": "0.14", "size": "14"}, {"price": "0.15", "size": "160"}, {"price": "0.16", "size": "58.34"}, {"price": "0.17", "size": "117.64"}, {"price": "0.18", "size": "58"}, {"price": "0.24", "size": "58.34"}, {"price": "0.26", "size": "50"}, {"price": "0.27", "size": "40.74"}, {"price": "0.32", "size": "100"}, {"price": "0.33", "size": "58.34"}, {"price": "0.34", "size": "8.5"}], "asks": [{"price": "0.99", "size": "117065.09"}, {"price": "0.98", "size": "2750"}, {"price": "0.97", "size": "4500"}, {"price": "0.96", "size": "6.03"}, {"price": "0.95", "size": "310"}, {"price": "0.94", "size": "1100"}, {"price": "0.91", "size": "377.77"}, {"price": "0.9", "size": "6.07"}, {"price": "0.89", "size": "290.9"}, {"price": "0.88", "size": "725"}, {"price": "0.86", "size": "200"}, {"price": "0.83", "size": "152.94"}, {"price": "0.8", "size": "120"}, {"price": "0.78", "size": "200"}, {"price": "0.77", "size": "86.95"}, {"price": "0.76", "size": "43"}, {"price": "0.73", "size": "100"}, {"price": "0.71", "size": "75"}, {"price": "0.63", "size": "100"}, {"price": "0.58", "size": "50"}, {"price": "0.57", "size": "30.23"}, {"price": "0.56", "size": "25"}, {"price": "0.55", "size": "25"}, {"price": "0.54", "size": "8.5"}, {"price": "0.49", "size": "4.52"}], "event_type": "book", "last_trade_price": ""}, {"market": "0xe6e841c41ed65247c83f0806e53a9872529ff19976c3dacb9420a660b686ac15", "asset_id": "65096341259559475889190710648751883745416075862410349855670673935333656137376", "timestamp": "1769383966389", "hash": "8b7aeb6f1437582999a619bd8a0f07ea133077dc", "bids": [{"price": "0.01", "size": "117065.09"}, {"price": "0.02", "size": "2750"}, {"price": "0.03", "size": "4500"}, {"price": "0.04", "size": "6.03"}, {"price": "0.05", "size": "310"}, {"price": "0.06", "size": "1100"}, {"price": "0.09", "size": "377.77"}, {"price": "0.1", "size": "6.07"}, {"price": "0.11", "size": "290.9"}, {"price": "0.12", "size": "725"}, {"price": "0.14", "size": "200"}, {"price": "0.17", "size": "152.94"}, {"price": "0.2", "size": "120"}, {"price": "0.22", "size": "200"}, {"price": "0.23", "size": "86.95"}, {"price": "0.24", "size": "43"}, {"price": "0.27", "size": "100"}, {"price": "0.29", "size": "75"}, {"price": "0.37", "size": "100"}, {"price": "0.42", "size": "50"}, {"price": "0.43", "size": "30.23"}, {"price": "0.44", "size": "25"}, {"price": "0.45", "size": "25"}, {"price": "0.46", "size": "8.5"}, {"price": "0.51", "size": "4.52"}], "asks": [{"price": "0.99", "size": "7061.33"}, {"price": "0.98", "size": "3000"}, {"price": "0.97", "size": "10.82"}, {"price": "0.96", "size": "900"}, {"price": "0.94", "size": "566.66"}, {"price": "0.93", "size": "300"}, {"price": "0.91", "size": "355.55"}, {"price": "0.9", "size": "305.61"}, {"price": "0.89", "size": "254.54"}, {"price": "0.87", "size": "200"}, {"price": "0.86", "size": "14"}, {"price": "0.85", "size": "160"}, {"price": "0.84", "size": "58.34"}, {"price": "0.83", "size": "117.64"}, {"price": "0.82", "size": "58"}, {"price": "0.76", "size": "58.34"}, {"price": "0.74", "size": "50"}, {"price": "0.73", "size": "40.74"}, {"price": "0.68", "size": "100"}, {"price": "0.67", "size": "58.34"}, {"price": "0.66", "size": "8.5"}], "event_type": "book", "last_trade_price": ""}]}
{"_local_timestamp": "2026-01-25T23:35:02.890604+00:00", "data": {"market": "0xe6e841c41ed65247c83f0806e53a9872529ff19976c3dacb9420a660b686ac15", "price_changes": [{"asset_id": "87310877473696048435856143777727012121066729952448776331896421964568034451368", "price": "0.33", "size": "0", "side": "BUY", "hash": "35360f2cbd5f1a8e2fde50e12a8e5513efdb1e64", "best_bid": "0.34", "best_ask": "0.49"}, {"asset_id": "65096341259559475889190710648751883745416075862410349855670673935333656137376", "price": "0.67", "size": "0", "side": "SELL", "hash": "4951fbb90484273c638adc2b9382535f608147ed", "best_bid": "0.51", "best_ask": "0.66"}], "timestamp": "1769384102810", "event_type": "price_change"}}
{"_local_timestamp": "2026-01-25T23:35:04.120459+00:00", "data": {"market": "0xe6e841c41ed65247c83f0806e53a9872529ff19976c3dacb9420a660b686ac15", "price_changes": [{"asset_id": "87310877473696048435856143777727012121066729952448776331896421964568034451368", "price": "0.35", "size": "58.34", "side": "BUY", "hash": "ff38c462021387c36b13514217abbfe74294250b", "best_bid": "0.35", "best_ask": "0.49"}, {"asset_id": "65096341259559475889190710648751883745416075862410349855670673935333656137376", "price": "0.65", "size": "58.34", "side": "SELL", "hash": "fc9386d5fed54f73d54a2e29c3dc91954bddeffc", "best_bid": "0.51", "best_ask": "0.65"}], "timestamp": "1769384104038", "event_type": "price_change"}}
{"_local_timestamp": "2026-01-25T23:35:12.664041+00:00", "data": {"market": "0xe6e841c41ed65247c83f0806e53a9872529ff19976c3dacb9420a660b686ac15", "price_changes": [{"asset_id": "87310877473696048435856143777727012121066729952448776331896421964568034451368", "price": "0.34", "size": "0", "side": "BUY", "hash": "3f0c3383aac17ee15842508c3dbf66abf4d6c263", "best_bid": "0.35", "best_ask": "0.49"}, {"asset_id": "65096341259559475889190710648751883745416075862410349855670673935333656137376", "price": "0.66", "size": "0", "side": "SELL", "hash": "bfe8bb7dcdad8ed4599b7c6e9f4026f45b3713d6", "best_bid": "0.51", "best_ask": "0.65"}], "timestamp": "1769384112594", "event_type": "price_change"}}
{"_local_timestamp": "2026-01-25T23:35:12.720012+00:00", "data": {"market": "0xe6e841c41ed65247c83f0806e53a9872529ff19976c3dacb9420a660b686ac15", "price_changes": [{"asset_id": "87310877473696048435856143777727012121066729952448776331896421964568034451368", "price": "0.28", "size": "8.5", "side": "BUY", "hash": "07f7afeaaa2af7f0d1b486829925037a24f1bdc5", "best_bid": "0.35", "best_ask": "0.49"}, {"asset_id": "65096341259559475889190710648751883745416075862410349855670673935333656137376", "price": "0.72", "size": "8.5", "side": "SELL", "hash": "5974fd8797acfcaff375fc5bb2af77f48ce50353", "best_bid": "0.51", "best_ask": "0.65"}], "timestamp": "1769384112648", "event_type": "price_change"}}
