{"_local_timestamp": "2026-01-25T23:40:55.346664+00:00", "data": [{"market": "0xefc69f5f48827e331957acbcc2339eb3b15e27e32453b8e6f29b5de67474c986", "asset_id": "19619851020796345517172409566066997550761738782112746767326655871669350897686", "timestamp": "1769384453498", "hash": "3642225580c2332763927eedf241255265f71e95", "bids": [{"price": "0.01", "size": "12114.83"}, {"price": "0.02", "size": "3250"}, {"price": "0.03", "size": "7300"}, {"price": "0.04", "size": "1005.93"}, {"price": "0.06", "size": "600"}, {"price": "0.09", "size": "1077.77"}, {"price": "0.1", "size": "6.14"}, {"price": "0.11", "size": "290.9"}, {"price": "0.12", "size": "100"}, {"price": "0.13", "size": "1555"}, {"price": "0.14", "size": "200"}, {"price": "0.15", "size": "3123"}, {"price": "0.17", "size": "402.94"}, {"price": "0.19", "size": "300"}, {"price": "0.2", "size": "320"}, {"price": "0.21", "size": "1010"}, {"price": "0.23", "size": "86.95"}, {"price": "0.25", "size": "645.73"}, {"price": "0.41", "size": "92.82"}, {"price": "0.42", "size": "127"}, {"price": "0.44", "size": "6"}, {"price": "0.46", "size": "87.26"}, {"price": "0.48", "size": "28.91"}, {"price": "0.49", "size": "27"}, {"price": "0.5", "size": "1784.14"}, {"price": "0.52", "size": "810"}, {"price": "0.53", "size": "100"}, {"price": "0.55", "size": "15"}], "asks": [{"price": "0.99", "size": "12505.51"}, {"price": "0.98", "size": "3505.56"}, {"price": "0.97", "size": "300"}, {"price": "0.96", "size": "4457.08"}, {"price": "0.95", "size": "250"}, {"price": "0.93", "size": "485.71"}, {"price": "0.92", "size": "1325"}, {"price": "0.91", "size": "355.55"}, {"price": "0.9", "size": "5.5"}, {"price": "0.89", "size": "1708.54"}, {"price": "0.88", "size": "250"}, {"price": "0.87", "size": "3780"}, {"price": "0.86", "size": "185.71"}, {"price": "0.84", "size": "150"}, {"price": "0.83", "size": "250"}, {"price": "0.82", "size": "611.11"}, {"price": "0.81", "size": "10"}, {"price": "0.79", "size": "6"}, {"price": "0.75", "size": "3.19"}, {"price": "0.74", "size": "12.88"}, {"price": "0.73", "size": "28.25"}, {"price": "0.58", "size": "765.52"}, {"price": "0.57", "size": "809"}, {"price": "0.56", "size": "57.02"}], "event_type": "book", "last_trade_price": "0.560"}, {"market": "0xefc69f5f48827e331957acbcc2339eb3b15e27e32453b8e6f29b5de67474c986", "asset_id": "108798918614128027361814219314538484133284583608074596451665946577336361445917", "timestamp": "1769384453498", "hash": "46c0e2c6babfcb9a05f2e249afa9b61a5ed71ded", "bids": [{"price": "0.01", "size": "12505.51"}, {"price": "0.02", "size": "3505.56"}, {"price": "0.03", "size": "300"}, {"price": "0.04", "size": "4457.08"}, {"price": "0.05", "size": "250"}, {"price": "0.07", "size": "485.71"}, {"price": "0.08", "size": "1325"}, {"price": "0.09", "size": "355.55"}, {"price": "0.1", "size": "5.5"}, {"price": "0.11", "size": "1708.54"}, {"price": "0.12", "size": "250"}, {"price": "0.13", "size": "3780"}, {"price": "0.14", "size": "185.71"}, {"price": "0.16", "size": "150"}, {"price": "0.17", "size": "250"}, {"price": "0.18", "size": "611.11"}, {"price": "0.19", "size": "10"}, {"price": "0.21", "size": "6"}, {"price": "0.25", "size": "3.19"}, {"price": "0.26", "size": "12.88"}, {"price": "0.27", "size": "28.25"}, {"price": "0.42", "size": "765.52"}, {"price": "0.43", "size": "809"}, {"price": "0.44", "size": "57.02"}], "asks": [{"price": "0.99", "size": "12114.83"}, {"price": "0.98", "size": "3250"}, {"price": "0.97", "size": "7300"}, {"price": "0.96", "size": "1005.93"}, {"price": "0.94", "size": "600"}, {"price": "0.91", "size": "1077.77"}, {"price": "0.9", "size": "6.14"}, {"price": "0.89", "size": "290.9"}, {"price": "0.88", "size": "100"}, {"price": "0.87", "size": "1555"}, {"price": "0.86", "size": "200"}, {"price": "0.85", "size": "3123"}, {"price": "0.83", "size": "402.94"}, {"price": "0.81", "size": "300"}, {"price": "0.8", "size": "320"}, {"price": "0.79", "size": "1010"}, {"price": "0.77", "size": "86.95"}, {"price": "0.75", "size": "645.73"}, {"price": "0.59", "size": "92.82"}, {"price": "0.58", "size": "127"}, {"price": "0.56", "size": "6"}, {"price": "0.54", "size": "87.26"}, {"price": "0.52", "size": "28.91"}, {"price": "0.51", "size": "27"}, {"price": "0.5", "size": "1784.14"}, {"price": "0.48", "size": "810"}, {"price": "0.47", "size": "100"}, {"price": "0.45", "size": "15"}], "event_type": "book", "last_trade_price": "0.560"}]}
{"_local_timestamp": "2026-01-25T23:41:06.279275+00:00", "data": {"market": "0xefc69f5f48827e331957acbcc2339eb3b15e27e32453b8e6f29b5de67474c986", "price_changes": [{"asset_id": "108798918614128027361814219314538484133284583608074596451665946577336361445917", "price": "0.42", "size": "665.52", "side": "BUY", "hash": "15816e9fa481fbdd4823988a6de97f80f51f3e66", "best_bid": "0.44", "best_ask": "0.45"}, {"asset_id": "19619851020796345517172409566066997550761738782112746767326655871669350897686", "price": "0.58", "size": "665.52", "side": "SELL", "hash": "7e417656100db992ac1ad9d1e94518bf8bf83837", "best_bid": "0.55", "best_ask": "0.56"}], "timestamp": "1769384466195", "event_type": "price_change"}}
{"_local_timestamp": "2026-01-25T23:41:06.319558+00:00", "data": {"market": "0xefc69f5f48827e331957acbcc2339eb3b15e27e32453b8e6f29b5de67474c986", "price_changes": [{"asset_id": "19619851020796345517172409566066997550761738782112746767326655871669350897686", "price": "0.52", "size": "710", "side": "BUY", "hash": "9d18a9d4640f1f6b986e93d186bcf18d9bd923cd", "best_bid": "0.55", "best_ask": "0.56"}, {"asset_id": "108798918614128027361814219314538484133284583608074596451665946577336361445917", "price": "0.48", "size": "710", "side": "SELL", "hash": "8ef7c38d1adbfc0af8e535a0498da4ea7c91e773", "best_bid": "0.44", "best_ask": "0.45"}], "timestamp": "1769384466199", "event_type": "price_change"}}
{"_local_timestamp": "2026-01-25T23:41:09.637831+00:00", "data": {"market": "0xefc69f5f48827e331957acbcc2339eb3b15e27e32453b8e6f29b5de67474c986", "price_changes": [{"asset_id": "19619851020796345517172409566066997550761738782112746767326655871669350897686", "price": "0.25", "size": "545.73", "side": "BUY", "hash": "7efb3cdb747c3e55d7c08510b3f27bfd021d077a", "best_bid": "0.55", "best_ask": "0.56"}, {"asset_id": "108798918614128027361814219314538484133284583608074596451665946577336361445917", "price": "0.75", "size": "545.73", "side": "SELL", "hash": "b844d5ca7100f4654b41df27733ad284eb6ec241", "best_bid": "0.44", "best_ask": "0.45"}], "timestamp": "1769384469552", "event_type": "price_change"}}
{"_local_timestamp": "2026-01-25T23:41:09.640064+00:00", "data": {"market": "0xefc69f5f48827e331957acbcc2339eb3b15e27e32453b8e6f29b5de67474c986", "price_changes": [{"asset_id": "19619851020796345517172409566066997550761738782112746767326655871669350897686", "price": "0.2", "size": "170", "side": "BUY", "hash": "7efb3cdb747c3e55d7c08510b3f27bfd021d077a", "best_bid": "0.55", "best_ask": "0.56"}, {"asset_id": "108798918614128027361814219314538484133284583608074596451665946577336361445917", "price": "0.8", "size": "170", "side": "SELL", "hash": "b844d5ca7100f4654b41df27733ad284eb6ec241", "best_bid": "0.44", "best_ask": "0.45"}], "timestamp": "1769384469552", "event_type": "price_change"}}
{"_local_timestamp": "2026-01-25T23:41:09.893167+00:00", "data": {"market": "0xefc69f5f48827e331957acbcc2339eb3b15e27e32453b8e6f29b5de67474c986", "price_changes": [{"asset_id": "19619851020796345517172409566066997550761738782112746767326655871669350897686", "price": "0.21", "size": "1110", "side": "BUY", "hash": "eadb6113853c5ec5c58aa5a03148d95fc9393f00", "best_bid": "0.55", "best_ask": "0.56"}, {"asset_id": "108798918614128027361814219314538484133284583608074596451665946577336361445917", "price": "0.79", "size": "1110", "side": "SELL", "hash": "767f62584776130a94c2b43a324e2375739f0da9", "best_bid": "0.44", "best_ask": "0.45"}], "timestamp": "1769384469804", "event_type": "price_change"}}
{"_local_timestamp": "2026-01-25T23:41:09.911938+00:00", "data": {"market": "0xefc69f5f48827e331957acbcc2339eb3b15e27e32453b8e6f29b5de67474c986", "price_changes": [{"asset_id": "19619851020796345517172409566066997550761738782112746767326655871669350897686", "price": "0.17", "size": "552.94", "side": "BUY", "hash": "f7f5993ea44ac846a1361a7c3cf4aca3db8d6182", "best_bid": "0.55", "best_ask": "0.56"}, {"asset_id": "108798918614128027361814219314538484133284583608074596451665946577336361445917", "price": "0.83", "size": "552.94", "side": "SELL", "hash": "d1a78d357a1743fae4143572f38f97af97bfb57e", "best_bid": "0.44", "best_ask": "0.45"}], "timestamp": "1769384469808", "event_type": "price_change"}}
{"_local_timestamp": "2026-01-25T23:41:12.921082+00:00", "data": {"market": "0xefc69f5f48827e331957acbcc2339eb3b15e27e32453b8e6f29b5de67474c986", "price_changes": [{"asset_id": "108798918614128027361814219314538484133284583608074596451665946577336361445917", "price": "0.42", "size": "765.52", "side": "BUY", "hash": "d866cf9609cf4a2cab3d8fc70b95a71873251144", "best_bid": "0.44", "best_ask": "0.45"}, {"asset_id": "19619851020796345517172409566066997550761738782112746767326655871669350897686", "price": "0.58", "size": "765.52", "side": "SELL", "hash": "41076aeb95aedae2134c87478b39d486941ac43d", "best_bid": "0.55", "best_ask": "0.56"}], "timestamp": "1769384472854", "event_type": "price_change"}}
{"_local_timestamp": "2026-01-25T23:41:14.707565+00:00", "data": {"market": "0xefc69f5f48827e331957acbcc2339eb3b15e27e32453b8e6f29b5de67474c986", "price_changes": [{"asset_id": "19619851020796345517172409566066997550761738782112746767326655871669350897686", "price": "0.15", "size": "325", "side": "BUY", "hash": "efc36769633fa85cffe03115848426d78317347d", "best_bid": "0.55", "best_ask": "0.56"}, {"asset_id": "108798918614128027361814219314538484133284583608074596451665946577336361445917", "price": "0.85", "size": "325", "side": "SELL", "hash": "cb3bf1b4b0b2694ecb96a7b161d46dd572d2787b", "best_bid": "0.44", "best_ask": "0.45"}], "timestamp": "1769384474538", "event_type": "price_change"}}
{"_local_timestamp": "2026-01-25T23:41:18.803100+00:00", "data": {"market": "0xefc69f5f48827e331957acbcc2339eb3b15e27e32453b8e6f29b5de67474c986", "price_changes": [{"asset_id": "19619851020796345517172409566066997550761738782112746767326655871669350897686", "price": "0.52", "size": "810", "side": "BUY", "hash": "9d0e5c9ee40b69260c783ce83a4fa55211113c9b", "best_bid": "0.55", "best_ask": "0.56"}, {"asset_id": "108798918614128027361814219314538484133284583608074596451665946577336361445917", "price": "0.48", "size": "810", "side": "SELL", "hash": "b95cc6026a41f5936c2c87631798e62892d336a1", "best_bid": "0.44", "best_ask": "0.45"}], "timestamp": "1769384478709", "event_type": "price_change"}}
{"_local_timestamp": "2026-01-25T23:41:19.521581+00:00", "data": {"market": "0xefc69f5f48827e331957acbcc2339eb3b15e27e32453b8e6f29b5de67474c986", "price_changes": [{"asset_id": "19619851020796345517172409566066997550761738782112746767326655871669350897686", "price": "0.52", "size": "1010", "side": "BUY", "hash": "485fb66c4f59882d4b1c6f58d91753a257ca54e3", "best_bid": "0.55", "best_ask": "0.56"}, {"asset_id": "108798918614128027361814219314538484133284583608074596451665946577336361445917", "price": "0.48", "size": "1010", "side": "SELL", "hash": "85e2b40f9decbc543c419a9222e4e7fa32ca9d10", "best_bid": "0.44", "best_ask": "0.45"}], "timestamp": "1769384479455", "event_type": "price_change"}}
{"_local_timestamp": "2026-01-25T23:41:19.530140+00:00", "data": {"market": "0xefc69f5f48827e331957acbcc2339eb3b15e27e32453b8e6f29b5de67474c986", "price_changes": [{"asset_id": "108798918614128027361814219314538484133284583608074596451665946577336361445917", "price": "0.42", "size": "965.51", "side": "BUY", "hash": "0986a9c229188d02f42b532c3c3b562cb1838eaa", "best_bid": "0.44", "best_ask": "0.45"}, {"asset_id": "19619851020796345517172409566066997550761738782112746767326655871669350897686", "price": "0.58", "size": "965.51", "side": "SELL", "hash": "169a9c5ae6e86564b18405a85ea43c0245543fca", "best_bid": "0.55", "best_ask": "0.56"}], "timestamp": "1769384479456", "event_type": "price_change"}}
{"_local_timestamp": "2026-01-25T23:41:19.589521+00:00", "data": {"market": "0xefc69f5f48827e331957acbcc2339eb3b15e27e32453b8e6f29b5de67474c986", "price_changes": [{"asset_id": "19619851020796345517172409566066997550761738782112746767326655871669350897686", "price": "0.21", "size": "100", "side": "BUY", "hash": "42631ff297340d025579acd6aa3f8a9ea56b0889", "best_bid": "0.55", "best_ask": "0.56"}, {"asset_id": "108798918614128027361814219314538484133284583608074596451665946577336361445917", "price": "0.79", "size": "100", "side": "SELL", "hash": "af19d6f2ea05b5dd1732ed75a24be7b0b8c23d28", "best_bid": "0.44", "best_ask": "0.45"}], "timestamp": "1769384479522", "event_type": "price_change"}}
{"_local_timestamp": "2026-01-25T23:41:19.647160+00:00", "data": {"market": "0xefc69f5f48827e331957acbcc2339eb3b15e27e32453b8e6f29b5de67474c986", "price_changes": [{"asset_id": "19619851020796345517172409566066997550761738782112746767326655871669350897686", "price": "0.2", "size": "1230", "side": "BUY", "hash": "37bda38b6b078cf5d6694b729efdbec6b5adac14", "best_bid": "0.55", "best_ask": "0.56"}, {"asset_id": "108798918614128027361814219314538484133284583608074596451665946577336361445917", "price": "0.8", "size": "1230", "side": "SELL", "hash": "0e2b3f20a5ad2d244694e278d3a994dce7fff18c", "best_bid": "0.44", "best_ask": "0.45"}], "timestamp": "1769384479582", "event_type": "price_change"}}
{"_local_timestamp": "2026-01-25T23:41:39.372188+00:00", "data": {"market": "0xefc69f5f48827e331957acbcc2339eb3b15e27e32453b8e6f29b5de67474c986", "price_changes": [{"asset_id": "19619851020796345517172409566066997550761738782112746767326655871669350897686", "price": "0.15", "size": "275", "side": "BUY", "hash": "df660a84fac2403feda13d25fdd276a2d7a1e14f", "best_bid": "0.55", "best_ask": "0.56"}, {"asset_id": "108798918614128027361814219314538484133284583608074596451665946577336361445917", "price": "0.85", "size": "275", "side": "SELL", "hash": "1aee93b3af142c0a214eca16258f8177ae44b318", "best_bid": "0.44", "best_ask": "0.45"}], "timestamp": "1769384499290", "event_type": "price_change"}}
{"_local_timestamp": "2026-01-25T23:41:39.681632+00:00", "data": {"market": "0xefc69f5f48827e331957acbcc2339eb3b15e27e32453b8e6f29b5de67474c986", "price_changes": [{"asset_id": "19619851020796345517172409566066997550761738782112746767326655871669350897686", "price": "0.2", "size": "1280", "side": "BUY", "hash": "421c31f00f2a638e81f0a8c7e474bb77475f7cc2", "best_bid": "0.55", "best_ask": "0.56"}, {"asset_id": "108798918614128027361814219314538484133284583608074596451665946577336361445917", "price": "0.8", "size": "1280", "side": "SELL", "hash": "6c274fffdf8e4baa45737d969e5ccaf0283f4ab4", "best_bid": "0.44", "best_ask": "0.45"}], "timestamp": "1769384499596", "event_type": "price_change"}}
{"_local_timestamp": "2026-01-25T23:41:48.092076+00:00", "data": {"market": "0xefc69f5f48827e331957acbcc2339eb3b15e27e32453b8e6f29b5de67474c986", "price_changes": [{"asset_id": "19619851020796345517172409566066997550761738782112746767326655871669350897686", "price": "0.42", "size": "115", "side": "BUY", "hash": "09e6e45f6344fe3e575a0919129c4bd732959c63", "best_bid": "0.55", "best_ask": "0.56"}, {"asset_id": "108798918614128027361814219314538484133284583608074596451665946577336361445917", "price": "0.58", "size": "115", "side": "SELL", "hash": "4bf7637ef2c348008ffbbcd57678ff0067c81dcf", "best_bid": "0.44", "best_ask": "0.45"}], "timestamp": "1769384508000", "event_type": "price_change"}}
{"_local_timestamp": "2026-01-25T23:41:49.479434+00:00", "data": {"market": "0xefc69f5f48827e331957acbcc2339eb3b15e27e32453b8e6f29b5de67474c986", "price_changes": [{"asset_id": "19619851020796345517172409566066997550761738782112746767326655871669350897686", "price": "0.15", "size": "50", "side": "BUY", "hash": "e13b5400bfea8ec221e26b377c0211f50545e977", "best_bid": "0.55", "best_ask": "0.56"}, {"asset_id": "108798918614128027361814219314538484133284583608074596451665946577336361445917", "price": "0.85", "size": "50", "side": "SELL", "hash": "9daf8aa90b97f22af3ae5cfd205349c99795b8e0", "best_bid": "0.44", "best_ask": "0.45"}], "timestamp": "1769384509398", "event_type": "price_change"}}
{"_local_timestamp": "2026-01-25T23:41:49.766345+00:00", "data": {"market": "0xefc69f5f48827e331957acbcc2339eb3b15e27e32453b8e6f29b5de67474c986", "price_changes": [{"asset_id": "19619851020796345517172409566066997550761738782112746767326655871669350897686", "price": "0.13", "size": "1780", "side": "BUY", "hash": "5542cac9f4ac80b5616a1e8386d088be300835d3", "best_bid": "0.55", "best_ask": "0.56"}, {"asset_id": "108798918614128027361814219314538484133284583608074596451665946577336361445917", "price": "0.87", "size": "1780", "side": "SELL", "hash": "0ea20baeb9db2a4d402fa8469356dc7b6e3e4e8c", "best_bid": "0.44", "best_ask": "0.45"}], "timestamp": "1769384509662", "event_type": "price_change"}}
{"_local_timestamp": "2026-01-25T23:41:50.956824+00:00", "data": {"market": "0xefc69f5f48827e331957acbcc2339eb3b15e27e32453b8e6f29b5de67474c986", "price_changes": [{"asset_id": "19619851020796345517172409566066997550761738782112746767326655871669350897686", "price": "0.17", "size": "402.94", "side": "BUY", "hash": "9ba45f69c30aa64a7e2e957323e5d98213e1eb4f", "best_bid": "0.55", "best_ask": "0.56"}, {"asset_id": "108798918614128027361814219314538484133284583608074596451665946577336361445917", "price": "0.83", "size": "402.94", "side": "SELL", "hash": "d8dabc7711415b0fa08e3f59706b4ab14cc0ff92", "best_bid": "0.44", "best_ask": "0.45"}], "timestamp": "1769384510760", "event_type": "price_change"}}
{"_local_timestamp": "2026-01-25T23:41:52.774420+00:00", "data": {"market": "0xefc69f5f48827e331957acbcc2339eb3b15e27e32453b8e6f29b5de67474c986", "price_changes": [{"asset_id": "19619851020796345517172409566066997550761738782112746767326655871669350897686", "price": "0.2", "size": "1430", "side": "BUY", "hash": "eee45e32e668923d63bd0b5b17f023e4fc342b25", "best_bid": "0.55", "best_ask": "0.56"}, {"asset_id": "108798918614128027361814219314538484133284583608074596451665946577336361445917", "price": "0.8", "size": "1430", "side": "SELL", "hash": "aaa22fc26dc0022b6636a1f2360d99dd08be6263", "best_bid": "0.44", "best_ask": "0.45"}], "timestamp": "1769384511782", "event_type": "price_change"}}
{"_local_timestamp": "2026-01-25T23:41:52.774957+00:00", "data": {"market": "0xefc69f5f48827e331957acbcc2339eb3b15e27e32453b8e6f29b5de67474c986", "price_changes": [{"asset_id": "19619851020796345517172409566066997550761738782112746767326655871669350897686", "price": "0.42", "size": "127", "side": "BUY", "hash": "e1dc49079bd4aac1548a2d1c220ea4b18b4b00ab", "best_bid": "0.55", "best_ask": "0.56"}, {"asset_id": "108798918614128027361814219314538484133284583608074596451665946577336361445917", "price": "0.58", "size": "127", "side": "SELL", "hash": "2f23f2af407dca0804b6f2752ce25a6c66c4f870", "best_bid": "0.44", "best_ask": "0.45"}], "timestamp": "1769384512653", "event_type": "price_change"}}
{"_local_timestamp": "2026-01-25T23:41:57.034417+00:00", "data": {"market": "0xefc69f5f48827e331957acbcc2339eb3b15e27e32453b8e6f29b5de67474c986", "price_changes": [{"asset_id": "19619851020796345517172409566066997550761738782112746767326655871669350897686", "price": "0.2", "size": "370", "side": "BUY", "hash": "af918361549301045b686bd6d7658e3c98b1539d", "best_bid": "0.55", "best_ask": "0.56"}, {"asset_id": "108798918614128027361814219314538484133284583608074596451665946577336361445917", "price": "0.8", "size": "370", "side": "SELL", "hash": "e1c0d6d29cd21fbf4fe067f4be4d3fb74389cc0d", "best_bid": "0.44", "best_ask": "0.45"}], "timestamp": "1769384516912", "event_type": "price_change"}}
{"_local_timestamp": "2026-01-25T23:41:57.040657+00:00", "data": {"market": "0xefc69f5f48827e331957acbcc2339eb3b15e27e32453b8e6f29b5de67474c986", "price_changes": [{"asset_id": "19619851020796345517172409566066997550761738782112746767326655871669350897686", "price": "0.21", "size": "1110", "side": "BUY", "hash": "6657841fa47a02b4f7b49e688b4d61cb926ab275", "best_bid": "0.55", "best_ask": "0.56"}, {"asset_id": "108798918614128027361814219314538484133284583608074596451665946577336361445917", "price": "0.79", "size": "1110", "side": "SELL", "hash": "c31d5ff2d2bbb6878f1825b3f30324fc389afd72", "best_bid": "0.44", "best_ask": "0.45"}], "timestamp": "1769384516960", "event_type": "price_change"}}
{"_local_timestamp": "2026-01-25T23:42:16.921854+00:00", "data": {"market": "0xefc69f5f48827e331957acbcc2339eb3b15e27e32453b8e6f29b5de67474c986", "price_changes": [{"asset_id": "19619851020796345517172409566066997550761738782112746767326655871669350897686", "price": "0.16", "size": "2624", "side": "BUY", "hash": "a5ac7674c633483100274f36f6be6f17c1488344", "best_bid": "0.55", "best_ask": "0.56"}, {"asset_id": "108798918614128027361814219314538484133284583608074596451665946577336361445917", "price": "0.84", "size": "2624", "side": "SELL", "hash": "6f656683006399a35424b3e6c649af10d6103601", "best_bid": "0.44", "best_ask": "0.45"}], "timestamp": "1769384536829", "event_type": "price_change"}}
{"_local_timestamp": "2026-01-25T23:42:22.360517+00:00", "data": {"market": "0xefc69f5f48827e331957acbcc2339eb3b15e27e32453b8e6f29b5de67474c986", "price_changes": [{"asset_id": "19619851020796345517172409566066997550761738782112746767326655871669350897686", "price": "0.15", "size": "0", "side": "BUY", "hash": "c45057d9e2344cb9be37051c40b042c5998bb648", "best_bid": "0.55", "best_ask": "0.56"}, {"asset_id": "108798918614128027361814219314538484133284583608074596451665946577336361445917", "price": "0.85", "size": "0", "side": "SELL", "hash": "d9a39807c4704d4a3de2c30f06c9e73bc6079abc", "best_bid": "0.44", "best_ask": "0.45"}], "timestamp": "1769384542226", "event_type": "price_change"}}
{"_local_timestamp": "2026-01-25T23:42:22.658484+00:00", "data": {"market": "0xefc69f5f48827e331957acbcc2339eb3b15e27e32453b8e6f29b5de67474c986", "price_changes": [{"asset_id": "19619851020796345517172409566066997550761738782112746767326655871669350897686", "price": "0.2", "size": "420", "side": "BUY", "hash": "655b4f42161a2799e7264b2494cce8fd69bf240f", "best_bid": "0.55", "best_ask": "0.56"}, {"asset_id": "108798918614128027361814219314538484133284583608074596451665946577336361445917", "price": "0.8", "size": "420", "side": "SELL", "hash": "8df1e6dca7ddbf5ed448577bcbea5775a69fa3b1", "best_bid": "0.44", "best_ask": "0.45"}], "timestamp": "1769384542531", "event_type": "price_change"}}
{"_local_timestamp": "2026-01-25T23:42:24.749957+00:00", "data": {"market": "0xefc69f5f48827e331957acbcc2339eb3b15e27e32453b8e6f29b5de67474c986", "price_changes": [{"asset_id": "19619851020796345517172409566066997550761738782112746767326655871669350897686", "price": "0.17", "size": "302.94", "side": "BUY", "hash": "a866639369af2b65f11efec54b9f628777ec2713", "best_bid": "0.55", "best_ask": "0.56"}, {"asset_id": "108798918614128027361814219314538484133284583608074596451665946577336361445917", "price": "0.83", "size": "302.94", "side": "SELL", "hash": "d800160d8fd9c9f626efbb2acf0d31bf0d7b9f35", "best_bid": "0.44", "best_ask": "0.45"}], "timestamp": "1769384544491", "event_type": "price_change"}}
{"_local_timestamp": "2026-01-25T23:42:24.750429+00:00", "data": {"market": "0xefc69f5f48827e331957acbcc2339eb3b15e27e32453b8e6f29b5de67474c986", "price_changes": [{"asset_id": "19619851020796345517172409566066997550761738782112746767326655871669350897686", "price": "0.13", "size": "1655", "side": "BUY", "hash": "a866639369af2b65f11efec54b9f628777ec2713", "best_bid": "0.55", "best_ask": "0.56"}, {"asset_id": "108798918614128027361814219314538484133284583608074596451665946577336361445917", "price": "0.87", "size": "1655", "side": "SELL", "hash": "d800160d8fd9c9f626efbb2acf0d31bf0d7b9f35", "best_bid": "0.44", "best_ask": "0.45"}], "timestamp": "1769384544491", "event_type": "price_change"}}
{"_local_timestamp": "2026-01-25T23:42:25.046734+00:00", "data": {"market": "0xefc69f5f48827e331957acbcc2339eb3b15e27e32453b8e6f29b5de67474c986", "price_changes": [{"asset_id": "19619851020796345517172409566066997550761738782112746767326655871669350897686", "price": "0.21", "size": "1010", "side": "BUY", "hash": "e9425e70515f025ac311da78f969760572a13f74", "best_bid": "0.55", "best_ask": "0.56"}, {"asset_id": "108798918614128027361814219314538484133284583608074596451665946577336361445917", "price": "0.79", "size": "1010", "side": "SELL", "hash": "be35754aeab63f34527a20cac9a6eb7818e9cb9f", "best_bid": "0.44", "best_ask": "0.45"}], "timestamp": "1769384544891", "event_type": "price_change"}}
{"_local_timestamp": "2026-01-25T23:42:25.047341+00:00", "data": {"market": "0xefc69f5f48827e331957acbcc2339eb3b15e27e32453b8e6f29b5de67474c986", "price_changes": [{"asset_id": "19619851020796345517172409566066997550761738782112746767326655871669350897686", "price": "0.17", "size": "152.94", "side": "BUY", "hash": "e9425e70515f025ac311da78f969760572a13f74", "best_bid": "0.55", "best_ask": "0.56"}, {"asset_id": "108798918614128027361814219314538484133284583608074596451665946577336361445917", "price": "0.83", "size": "152.94", "side": "SELL", "hash": "be35754aeab63f34527a20cac9a6eb7818e9cb9f", "best_bid": "0.44", "best_ask": "0.45"}], "timestamp": "1769384544891", "event_type": "price_change"}}
{"_local_timestamp": "2026-01-25T23:42:25.237334+00:00", "data": {"market": "0xefc69f5f48827e331957acbcc2339eb3b15e27e32453b8e6f29b5de67474c986", "price_changes": [{"asset_id": "19619851020796345517172409566066997550761738782112746767326655871669350897686", "price": "0.2", "size": "520", "side": "BUY", "hash": "bc9adb635f3bff97e70de7e2be6e3d05cc3161fb", "best_bid": "0.55", "best_ask": "0.56"}, {"asset_id": "108798918614128027361814219314538484133284583608074596451665946577336361445917", "price": "0.8", "size": "520", "side": "SELL", "hash": "26b636ddc20320eec3cf45d4932173ca1be90cb5", "best_bid": "0.44", "best_ask": "0.45"}], "timestamp": "1769384545078", "event_type": "price_change"}}
{"_local_timestamp": "2026-01-25T23:42:25.237849+00:00", "data": {"market": "0xefc69f5f48827e331957acbcc2339eb3b15e27e32453b8e6f29b5de67474c986", "price_changes": [{"asset_id": "19619851020796345517172409566066997550761738782112746767326655871669350897686", "price": "0.21", "size": "1060", "side": "BUY", "hash": "91f123d24260a22b08499b1c56458d6b5e27ac30", "best_bid": "0.55", "best_ask": "0.56"}, {"asset_id": "108798918614128027361814219314538484133284583608074596451665946577336361445917", "price": "0.79", "size": "1060", "side": "SELL", "hash": "29e61217055c10b44f1b6b3610185467dfdc6bcc", "best_bid": "0.44", "best_ask": "0.45"}], "timestamp": "1769384545079", "event_type": "price_change"}}
{"_local_timestamp": "2026-01-25T23:42:25.239853+00:00", "data": {"market": "0xefc69f5f48827e331957acbcc2339eb3b15e27e32453b8e6f29b5de67474c986", "price_changes": [{"asset_id": "19619851020796345517172409566066997550761738782112746767326655871669350897686", "price": "0.15", "size": "125", "side": "BUY", "hash": "4c9a5b8930eea5925d2bb680432bdcc129faa01b", "best_bid": "0.55", "best_ask": "0.56"}, {"asset_id": "108798918614128027361814219314538484133284583608074596451665946577336361445917", "price": "0.85", "size": "125", "side": "SELL", "hash": "018b9bcf1941a5159a025a3268da36b47123cc1f", "best_bid": "0.44", "best_ask": "0.45"}], "timestamp": "1769384545080", "event_type": "price_change"}}
{"_local_timestamp": "2026-01-25T23:42:25.354377+00:00", "data": {"market": "0xefc69f5f48827e331957acbcc2339eb3b15e27e32453b8e6f29b5de67474c986", "price_changes": [{"asset_id": "19619851020796345517172409566066997550761738782112746767326655871669350897686", "price": "0.2", "size": "670", "side": "BUY", "hash": "99bce17b309ddbc6a44c0192e1c69892a1bb25d8", "best_bid": "0.55", "best_ask": "0.56"}, {"asset_id": "108798918614128027361814219314538484133284583608074596451665946577336361445917", "price": "0.8", "size": "670", "side": "SELL", "hash": "ceb8e2bb52b601b38b16bd4cd5d95705c3b8fbeb", "best_bid": "0.44", "best_ask": "0.45"}], "timestamp": "1769384545163", "event_type": "price_change"}}
{"_local_timestamp": "2026-01-25T23:42:25.364815+00:00", "data": {"market": "0xefc69f5f48827e331957acbcc2339eb3b15e27e32453b8e6f29b5de67474c986", "price_changes": [{"asset_id": "19619851020796345517172409566066997550761738782112746767326655871669350897686", "price": "0.25", "size": "645.73", "side": "BUY", "hash": "b6a87297f1ecd4c4d28fc6de85463279d1d43f14", "best_bid": "0.55", "best_ask": "0.56"}, {"asset_id": "108798918614128027361814219314538484133284583608074596451665946577336361445917", "price": "0.75", "size": "645.73", "side": "SELL", "hash": "f239f5f5d00d1e14ecb490f3fe6c6b3f29b7659b", "best_bid": "0.44", "best_ask": "0.45"}], "timestamp": "1769384545168", "event_type": "price_change"}}
{"_local_timestamp": "2026-01-25T23:42:26.667266+00:00", "data": {"market": "0xefc69f5f48827e331957acbcc2339eb3b15e27e32453b8e6f29b5de67474c986", "price_changes": [{"asset_id": "19619851020796345517172409566066997550761738782112746767326655871669350897686", "price": "0.2", "size": "620", "side": "BUY", "hash": "7c2dc73825e5830527162c68fbd653e1b1b518ca", "best_bid": "0.55", "best_ask": "0.56"}, {"asset_id": "108798918614128027361814219314538484133284583608074596451665946577336361445917", "price": "0.8", "size": "620", "side": "SELL", "hash": "47f477f1bc42ef31b5ad91991cd4eaa5dba0ec6b", "best_bid": "0.44", "best_ask": "0.45"}], "timestamp": "1769384546539", "event_type": "price_change"}}
{"_local_timestamp": "2026-01-25T23:42:26.956531+00:00", "data": {"market": "0xefc69f5f48827e331957acbcc2339eb3b15e27e32453b8e6f29b5de67474c986", "price_changes": [{"asset_id": "19619851020796345517172409566066997550761738782112746767326655871669350897686", "price": "0.13", "size": "1705", "side": "BUY", "hash": "8673c0f164c41f2111989d82fdc03247974d4561", "best_bid": "0.55", "best_ask": "0.56"}, {"asset_id": "108798918614128027361814219314538484133284583608074596451665946577336361445917", "price": "0.87", "size": "1705", "side": "SELL", "hash": "822253c84b99b5a23967938499008c4a1605e3ed", "best_bid": "0.44", "best_ask": "0.45"}], "timestamp": "1769384546823", "event_type": "price_change"}}
{"_local_timestamp": "2026-01-25T23:42:45.469481+00:00", "data": {"market": "0xefc69f5f48827e331957acbcc2339eb3b15e27e32453b8e6f29b5de67474c986", "price_changes": [{"asset_id": "19619851020796345517172409566066997550761738782112746767326655871669350897686", "price": "0.2", "size": "570", "side": "BUY", "hash": "5227a996f04a7474bdc750bfafc202bd4cb502ed", "best_bid": "0.55", "best_ask": "0.56"}, {"asset_id": "108798918614128027361814219314538484133284583608074596451665946577336361445917", "price": "0.8", "size": "570", "side": "SELL", "hash": "5b119208ffebffec46521eefe518c43c75b3da18", "best_bid": "0.44", "best_ask": "0.45"}], "timestamp": "1769384565223", "event_type": "price_change"}}
{"_local_timestamp": "2026-01-25T23:42:45.795796+00:00", "data": {"market": "0xefc69f5f48827e331957acbcc2339eb3b15e27e32453b8e6f29b5de67474c986", "price_changes": [{"asset_id": "19619851020796345517172409566066997550761738782112746767326655871669350897686", "price": "0.21", "size": "1110", "side": "BUY", "hash": "0c0d42640b0718306d33accda343ec1d1a22b5f0", "best_bid": "0.55", "best_ask": "0.56"}, {"asset_id": "108798918614128027361814219314538484133284583608074596451665946577336361445917", "price": "0.79", "size": "1110", "side": "SELL", "hash": "3f8640c3efed7d6b165b1fec630695e5f913cfb7", "best_bid": "0.44", "best_ask": "0.45"}], "timestamp": "1769384565613", "event_type": "price_change"}}
{"_local_timestamp": "2026-01-25T23:42:47.167382+00:00", "data": {"market": "0xefc69f5f48827e331957acbcc2339eb3b15e27e32453b8e6f29b5de67474c986", "price_changes": [{"asset_id": "19619851020796345517172409566066997550761738782112746767326655871669350897686", "price": "0.16", "size": "0", "side": "BUY", "hash": "4371b6e8912345a302f3a2706219ddeac8deee79", "best_bid": "0.55", "best_ask": "0.56"}, {"asset_id": "108798918614128027361814219314538484133284583608074596451665946577336361445917", "price": "0.84", "size": "0", "side": "SELL", "hash": "d51ba7914b5a23cf4ee6c53101c6c0122c3850ee", "best_bid": "0.44", "best_ask": "0.45"}], "timestamp": "1769384566994", "event_type": "price_change"}}
{"_local_timestamp": "2026-01-25T23:42:48.838119+00:00", "data": {"market": "0xefc69f5f48827e331957acbcc2339eb3b15e27e32453b8e6f29b5de67474c986", "price_changes": [{"asset_id": "19619851020796345517172409566066997550761738782112746767326655871669350897686", "price": "0.13", "size": "1655", "side": "BUY", "hash": "beb4a88a1d2a8b72078481373b253c64a03c3976", "best_bid": "0.55", "best_ask": "0.56"}, {"asset_id": "108798918614128027361814219314538484133284583608074596451665946577336361445917", "price": "0.87", "size": "1655", "side": "SELL", "hash": "992857e53a61d3dfe3ff2d5ace1ffc8a1139d51b", "best_bid": "0.44", "best_ask": "0.45"}], "timestamp": "1769384568708", "event_type": "price_change"}}
{"_local_timestamp": "2026-01-25T23:42:49.091918+00:00", "data": {"market": "0xefc69f5f48827e331957acbcc2339eb3b15e27e32453b8e6f29b5de67474c986", "price_changes": [{"asset_id": "19619851020796345517172409566066997550761738782112746767326655871669350897686", "price": "0.16", "size": "50", "side": "BUY", "hash": "eaac6dd9332ae95e46e1a0af4def9ff47ed4769f", "best_bid": "0.55", "best_ask": "0.56"}, {"asset_id": "108798918614128027361814219314538484133284583608074596451665946577336361445917", "price": "0.84", "size": "50", "side": "SELL", "hash": "0defea8ed32b2373b434817ec8728e1dbb98ec31", "best_bid": "0.44", "best_ask": "0.45"}], "timestamp": "1769384568968", "event_type": "price_change"}}
{"_local_timestamp": "2026-01-25T23:42:58.851398+00:00", "data": {"market": "0xefc69f5f48827e331957acbcc2339eb3b15e27e32453b8e6f29b5de67474c986", "price_changes": [{"asset_id": "19619851020796345517172409566066997550761738782112746767326655871669350897686", "price": "0.2", "size": "420", "side": "BUY", "hash": "aae16729596ba198b9042d8e2d66f4e6959c50e4", "best_bid": "0.55", "best_ask": "0.56"}, {"asset_id": "108798918614128027361814219314538484133284583608074596451665946577336361445917", "price": "0.8", "size": "420", "side": "SELL", "hash": "f3ae5273cc2490a89c783dfeca0b72c4ac3127ad", "best_bid": "0.44", "best_ask": "0.45"}], "timestamp": "1769384578723", "event_type": "price_change"}}
{"_local_timestamp": "2026-01-25T23:42:58.852039+00:00", "data": {"market": "0xefc69f5f48827e331957acbcc2339eb3b15e27e32453b8e6f29b5de67474c986", "price_changes": [{"asset_id": "19619851020796345517172409566066997550761738782112746767326655871669350897686", "price": "0.25", "size": "545.73", "side": "BUY", "hash": "aae16729596ba198b9042d8e2d66f4e6959c50e4", "best_bid": "0.55", "best_ask": "0.56"}, {"asset_id": "108798918614128027361814219314538484133284583608074596451665946577336361445917", "price": "0.75", "size": "545.73", "side": "SELL", "hash": "f3ae5273cc2490a89c783dfeca0b72c4ac3127ad", "best_bid": "0.44", "best_ask": "0.45"}], "timestamp": "1769384578723", "event_type": "price_change"}}
{"_local_timestamp": "2026-01-25T23:42:59.103843+00:00", "data": {"market": "0xefc69f5f48827e331957acbcc2339eb3b15e27e32453b8e6f29b5de67474c986", "price_changes": [{"asset_id": "19619851020796345517172409566066997550761738782112746767326655871669350897686", "price": "0.21", "size": "1210", "side": "BUY", "hash": "c5f2edb9ed974a4a7ce50e096e61679cf473cc55", "best_bid": "0.55", "best_ask": "0.56"}, {"asset_id": "108798918614128027361814219314538484133284583608074596451665946577336361445917", "price": "0.79", "size": "1210", "side": "SELL", "hash": "c27ac1837a4c05434d8248377b44e8c70c0bdf14", "best_bid": "0.44", "best_ask": "0.45"}], "timestamp": "1769384578976", "event_type": "price_change"}}
{"_local_timestamp": "2026-01-25T23:42:59.124719+00:00", "data": {"market": "0xefc69f5f48827e331957acbcc2339eb3b15e27e32453b8e6f29b5de67474c986", "price_changes": [{"asset_id": "19619851020796345517172409566066997550761738782112746767326655871669350897686", "price": "0.16", "size": "200", "side": "BUY", "hash": "77220bfad4d3125efdd8a19578cafe3018a197e0", "best_bid": "0.55", "best_ask": "0.56"}, {"asset_id": "108798918614128027361814219314538484133284583608074596451665946577336361445917", "price": "0.84", "size": "200", "side": "SELL", "hash": "002144550eace94775a222f17a80c343c4d0034f", "best_bid": "0.44", "best_ask": "0.45"}], "timestamp": "1769384578985", "event_type": "price_change"}}
{"_local_timestamp": "2026-01-25T23:43:09.127890+00:00", "data": {"market": "0xefc69f5f48827e331957acbcc2339eb3b15e27e32453b8e6f29b5de67474c986", "price_changes": [{"asset_id": "19619851020796345517172409566066997550761738782112746767326655871669350897686", "price": "0.2", "size": "370", "side": "BUY", "hash": "c59a8bd3e545d9b5f1a3a1afdb004b72b671d286", "best_bid": "0.55", "best_ask": "0.56"}, {"asset_id": "108798918614128027361814219314538484133284583608074596451665946577336361445917", "price": "0.8", "size": "370", "side": "SELL", "hash": "14078e457db62b539acdecf326fe80387fd2cdae", "best_bid": "0.44", "best_ask": "0.45"}], "timestamp": "1769384588985", "event_type": "price_change"}}
{"_local_timestamp": "2026-01-25T23:43:09.485290+00:00", "data": {"market": "0xefc69f5f48827e331957acbcc2339eb3b15e27e32453b8e6f29b5de67474c986", "price_changes": [{"asset_id": "19619851020796345517172409566066997550761738782112746767326655871669350897686", "price": "0.16", "size": "250", "side": "BUY", "hash": "67852e53e826d7fb10c040923bc8259da07ee6b4", "best_bid": "0.55", "best_ask": "0.56"}, {"asset_id": "108798918614128027361814219314538484133284583608074596451665946577336361445917", "price": "0.84", "size": "250", "side": "SELL", "hash": "2ca15add3d290278bc9e0e60cf479126035d28b4", "best_bid": "0.44", "best_ask": "0.45"}], "timestamp": "1769384589348", "event_type": "price_change"}}
{"_local_timestamp": "2026-01-25T23:43:11.832292+00:00", "data": {"market": "0xefc69f5f48827e331957acbcc2339eb3b15e27e32453b8e6f29b5de67474c986", "price_changes": [{"asset_id": "19619851020796345517172409566066997550761738782112746767326655871669350897686", "price": "0.16", "size": "200", "side": "BUY", "hash": "8072635531abe967b79fd0de9004b4dd9f958c4b", "best_bid": "0.55", "best_ask": "0.56"}, {"asset_id": "108798918614128027361814219314538484133284583608074596451665946577336361445917", "price": "0.84", "size": "200", "side": "SELL", "hash": "837b8935725483423b2f346db8ba4701f081594d", "best_bid": "0.44", "best_ask": "0.45"}], "timestamp": "1769384591691", "event_type": "price_change"}}
{"_local_timestamp": "2026-01-25T23:43:12.084138+00:00", "data": {"market": "0xefc69f5f48827e331957acbcc2339eb3b15e27e32453b8e6f29b5de67474c986", "price_changes": [{"asset_id": "19619851020796345517172409566066997550761738782112746767326655871669350897686", "price": "0.13", "size": "1705", "side": "BUY", "hash": "ecfc9198b3fc2607f725c03c53e51bd6eef26bd1", "best_bid": "0.55", "best_ask": "0.56"}, {"asset_id": "108798918614128027361814219314538484133284583608074596451665946577336361445917", "price": "0.87", "size": "1705", "side": "SELL", "hash": "2a19dbe7aa818c734ac9ce554b2e9729979c39ed", "best_bid": "0.44", "best_ask": "0.45"}], "timestamp": "1769384591949", "event_type": "price_change"}}
{"_local_timestamp": "2026-01-25T23:43:38.515603+00:00", "data": {"market": "0xefc69f5f48827e331957acbcc2339eb3b15e27e32453b8e6f29b5de67474c986", "price_changes": [{"asset_id": "19619851020796345517172409566066997550761738782112746767326655871669350897686", "price": "0.16", "size": "50", "side": "BUY", "hash": "580ef4c07feb658de9c2d93f1b2304f487aafb02", "best_bid": "0.55", "best_ask": "0.56"}, {"asset_id": "108798918614128027361814219314538484133284583608074596451665946577336361445917", "price": "0.84", "size": "50", "side": "SELL", "hash": "05abdab346934ae28b46fec029f238c7623c8460", "best_bid": "0.44", "best_ask": "0.45"}], "timestamp": "1769384618445", "event_type": "price_change"}}
{"_local_timestamp": "2026-01-25T23:43:38.799202+00:00", "data": {"market": "0xefc69f5f48827e331957acbcc2339eb3b15e27e32453b8e6f29b5de67474c986", "price_changes": [{"asset_id": "19619851020796345517172409566066997550761738782112746767326655871669350897686", "price": "0.2", "size": "520", "side": "BUY", "hash": "5dc851d75072c3baad82ff735d942de8ce1de2e7", "best_bid": "0.55", "best_ask": "0.56"}, {"asset_id": "108798918614128027361814219314538484133284583608074596451665946577336361445917", "price": "0.8", "size": "520", "side": "SELL", "hash": "2f01eea10adfec973c29603c58dd01bccdb652b6", "best_bid": "0.44", "best_ask": "0.45"}], "timestamp": "1769384618716", "event_type": "price_change"}}
{"_local_timestamp": "2026-01-25T23:43:52.479934+00:00", "data": {"market": "0xefc69f5f48827e331957acbcc2339eb3b15e27e32453b8e6f29b5de67474c986", "price_changes": [{"asset_id": "19619851020796345517172409566066997550761738782112746767326655871669350897686", "price": "0.16", "size": "0", "side": "BUY", "hash": "0833f6f54cf91d8c3973f34fc3a04e3c0632e23b", "best_bid": "0.55", "best_ask": "0.56"}, {"asset_id": "108798918614128027361814219314538484133284583608074596451665946577336361445917", "price": "0.84", "size": "0", "side": "SELL", "hash": "b622126cb0b6c45c7c9269b5aa3164616d22691c", "best_bid": "0.44", "best_ask": "0.45"}], "timestamp": "1769384632324", "event_type": "price_change"}}
{"_local_timestamp": "2026-01-25T23:43:52.780389+00:00", "data": {"market": "0xefc69f5f48827e331957acbcc2339eb3b15e27e32453b8e6f29b5de67474c986", "price_changes": [{"asset_id": "19619851020796345517172409566066997550761738782112746767326655871669350897686", "price": "0.13", "size": "1755", "side": "BUY", "hash": "8038c54598db0f6e0ae3f2fa56036b4f3bf39907", "best_bid": "0.55", "best_ask": "0.56"}, {"asset_id": "108798918614128027361814219314538484133284583608074596451665946577336361445917", "price": "0.87", "size": "1755", "side": "SELL", "hash": "6170fd3fc2e16aaaaf8f1a462717e28562693d0b", "best_bid": "0.44", "best_ask": "0.45"}], "timestamp": "1769384632638", "event_type": "price_change"}}
{"_local_timestamp": "2026-01-25T23:44:01.783907+00:00", "data": {"market": "0xefc69f5f48827e331957acbcc2339eb3b15e27e32453b8e6f29b5de67474c986", "price_changes": [{"asset_id": "19619851020796345517172409566066997550761738782112746767326655871669350897686", "price": "0.15", "size": "2923", "side": "BUY", "hash": "9dc757b69ce00a9e0dc988bb18fb34ea6c03a205", "best_bid": "0.55", "best_ask": "0.56"}, {"asset_id": "108798918614128027361814219314538484133284583608074596451665946577336361445917", "price": "0.85", "size": "2923", "side": "SELL", "hash": "9f1600bcaffbddc426943df1b887a5ee2a19e6ec", "best_bid": "0.44", "best_ask": "0.45"}], "timestamp": "1769384641651", "event_type": "price_change"}}
{"_local_timestamp": "2026-01-25T23:44:08.601945+00:00", "data": {"market": "0xefc69f5f48827e331957acbcc2339eb3b15e27e32453b8e6f29b5de67474c986", "price_changes": [{"asset_id": "19619851020796345517172409566066997550761738782112746767326655871669350897686", "price": "0.2", "size": "420", "side": "BUY", "hash": "189fe5345bd97152371b1841c7dec6caa0e56add", "best_bid": "0.55", "best_ask": "0.56"}, {"asset_id": "108798918614128027361814219314538484133284583608074596451665946577336361445917", "price": "0.8", "size": "420", "side": "SELL", "hash": "7433ae4294e19cefe70ee765c6642dad40887516", "best_bid": "0.44", "best_ask": "0.45"}], "timestamp": "1769384648366", "event_type": "price_change"}}
{"_local_timestamp": "2026-01-25T23:44:08.602594+00:00", "data": {"market": "0xefc69f5f48827e331957acbcc2339eb3b15e27e32453b8e6f29b5de67474c986", "price_changes": [{"asset_id": "19619851020796345517172409566066997550761738782112746767326655871669350897686", "price": "0.15", "size": "2798", "side": "BUY", "hash": "189fe5345bd97152371b1841c7dec6caa0e56add", "best_bid": "0.55", "best_ask": "0.56"}, {"asset_id": "108798918614128027361814219314538484133284583608074596451665946577336361445917", "price": "0.85", "size": "2798", "side": "SELL", "hash": "7433ae4294e19cefe70ee765c6642dad40887516", "best_bid": "0.44", "best_ask": "0.45"}], "timestamp": "1769384648366", "event_type": "price_change"}}
{"_local_timestamp": "2026-01-25T23:44:09.098413+00:00", "data": {"market": "0xefc69f5f48827e331957acbcc2339eb3b15e27e32453b8e6f29b5de67474c986", "price_changes": [{"asset_id": "19619851020796345517172409566066997550761738782112746767326655871669350897686", "price": "0.13", "size": "1880", "side": "BUY", "hash": "5a3795e669027a1ef034fceb96ef74dfd648bdf3", "best_bid": "0.55", "best_ask": "0.56"}, {"asset_id": "108798918614128027361814219314538484133284583608074596451665946577336361445917", "price": "0.87", "size": "1880", "side": "SELL", "hash": "300679af058fd0c6bfc06f9099f474eb6c0af563", "best_bid": "0.44", "best_ask": "0.45"}], "timestamp": "1769384648772", "event_type": "price_change"}}
{"_local_timestamp": "2026-01-25T23:44:09.153621+00:00", "data": {"market": "0xefc69f5f48827e331957acbcc2339eb3b15e27e32453b8e6f29b5de67474c986", "price_changes": [{"asset_id": "19619851020796345517172409566066997550761738782112746767326655871669350897686", "price": "0.16", "size": "100", "side": "BUY", "hash": "5719cf3b3f613392fac917f76c8ac593667d03e8", "best_bid": "0.55", "best_ask": "0.56"}, {"asset_id": "108798918614128027361814219314538484133284583608074596451665946577336361445917", "price": "0.84", "size": "100", "side": "SELL", "hash": "6b47dc32affdfcf31716da59e3bd4500cfce1ce2", "best_bid": "0.44", "best_ask": "0.45"}], "timestamp": "1769384648856", "event_type": "price_change"}}
{"_local_timestamp": "2026-01-25T23:44:17.698549+00:00", "data": {"market": "0xefc69f5f48827e331957acbcc2339eb3b15e27e32453b8e6f29b5de67474c986", "price_changes": [{"asset_id": "19619851020796345517172409566066997550761738782112746767326655871669350897686", "price": "0.13", "size": "1830", "side": "BUY", "hash": "919fde323b4424bf2acafa8a6c612176025431ea", "best_bid": "0.55", "best_ask": "0.56"}, {"asset_id": "108798918614128027361814219314538484133284583608074596451665946577336361445917", "price": "0.87", "size": "1830", "side": "SELL", "hash": "b5ac53a6a5cf8f42fccdf43f0bfd194ca4171cc3", "best_bid": "0.44", "best_ask": "0.45"}], "timestamp": "1769384657629", "event_type": "price_change"}}
{"_local_timestamp": "2026-01-25T23:44:17.971709+00:00", "data": {"market": "0xefc69f5f48827e331957acbcc2339eb3b15e27e32453b8e6f29b5de67474c986", "price_changes": [{"asset_id": "19619851020796345517172409566066997550761738782112746767326655871669350897686", "price": "0.15", "size": "2848", "side": "BUY", "hash": "c0e903fda76aeca685bf05e7dbdfee52904c03c1", "best_bid": "0.55", "best_ask": "0.56"}, {"asset_id": "108798918614128027361814219314538484133284583608074596451665946577336361445917", "price": "0.85", "size": "2848", "side": "SELL", "hash": "bc90922f37b1fb4479e832399628a41e1f3c8ee1", "best_bid": "0.44", "best_ask": "0.45"}], "timestamp": "1769384657900", "event_type": "price_change"}}
{"_local_timestamp": "2026-01-25T23:44:20.662825+00:00", "data": {"market": "0xefc69f5f48827e331957acbcc2339eb3b15e27e32453b8e6f29b5de67474c986", "price_changes": [{"asset_id": "19619851020796345517172409566066997550761738782112746767326655871669350897686", "price": "0.2", "size": "270", "side": "BUY", "hash": "5186825049827434845af32c00d5a9e32e0fadd8", "best_bid": "0.55", "best_ask": "0.56"}, {"asset_id": "108798918614128027361814219314538484133284583608074596451665946577336361445917", "price": "0.8", "size": "270", "side": "SELL", "hash": "d2a15a9dda15c9b9630bddeb94d88799c6dc9703", "best_bid": "0.44", "best_ask": "0.45"}], "timestamp": "1769384660476", "event_type": "price_change"}}
{"_local_timestamp": "2026-01-25T23:44:21.390497+00:00", "data": {"market": "0xefc69f5f48827e331957acbcc2339eb3b15e27e32453b8e6f29b5de67474c986", "price_changes": [{"asset_id": "19619851020796345517172409566066997550761738782112746767326655871669350897686", "price": "0.17", "size": "302.94", "side": "BUY", "hash": "59e1b53ff27597612add00968374e128cea01eb2", "best_bid": "0.55", "best_ask": "0.56"}, {"asset_id": "108798918614128027361814219314538484133284583608074596451665946577336361445917", "price": "0.83", "size": "302.94", "side": "SELL", "hash": "63578cc55989b101e932c9599106cc678c2ddeff", "best_bid": "0.44", "best_ask": "0.45"}], "timestamp": "1769384660873", "event_type": "price_change"}}
{"_local_timestamp": "2026-01-25T23:44:32.405524+00:00", "data": {"market": "0xefc69f5f48827e331957acbcc2339eb3b15e27e32453b8e6f29b5de67474c986", "price_changes": [{"asset_id": "19619851020796345517172409566066997550761738782112746767326655871669350897686", "price": "0.15", "size": "50", "side": "BUY", "hash": "cf5bbfcaeaa784bf33dc9993a154974750ca3f29", "best_bid": "0.55", "best_ask": "0.56"}, {"asset_id": "108798918614128027361814219314538484133284583608074596451665946577336361445917", "price": "0.85", "size": "50", "side": "SELL", "hash": "a22f4c15a468abfaf7224b5c48c73c9f842f2f86", "best_bid": "0.44", "best_ask": "0.45"}], "timestamp": "1769384672293", "event_type": "price_change"}}
{"_local_timestamp": "2026-01-25T23:44:37.482779+00:00", "data": {"market": "0xefc69f5f48827e331957acbcc2339eb3b15e27e32453b8e6f29b5de67474c986", "price_changes": [{"asset_id": "19619851020796345517172409566066997550761738782112746767326655871669350897686", "price": "0.13", "size": "1780", "side": "BUY", "hash": "a4ea73055f1410f54ff6332758f60ab77828b858", "best_bid": "0.55", "best_ask": "0.56"}, {"asset_id": "108798918614128027361814219314538484133284583608074596451665946577336361445917", "price": "0.87", "size": "1780", "side": "SELL", "hash": "07db55f4cb3aa766aa1aee542ed414102c75cbf0", "best_bid": "0.44", "best_ask": "0.45"}], "timestamp": "1769384677409", "event_type": "price_change"}}
{"_local_timestamp": "2026-01-25T23:44:37.773268+00:00", "data": {"market": "0xefc69f5f48827e331957acbcc2339eb3b15e27e32453b8e6f29b5de67474c986", "price_changes": [{"asset_id": "19619851020796345517172409566066997550761738782112746767326655871669350897686", "price": "0.15", "size": "100", "side": "BUY", "hash": "f397ffac3b2e16ee45dec7cc56ee259c7162f861", "best_bid": "0.55", "best_ask": "0.56"}, {"asset_id": "108798918614128027361814219314538484133284583608074596451665946577336361445917", "price": "0.85", "size": "100", "side": "SELL", "hash": "2962749a9a11a27ca9d230fcf0f129460630b4f0", "best_bid": "0.44", "best_ask": "0.45"}], "timestamp": "1769384677692", "event_type": "price_change"}}
{"_local_timestamp": "2026-01-25T23:44:57.539316+00:00", "data": {"market": "0xefc69f5f48827e331957acbcc2339eb3b15e27e32453b8e6f29b5de67474c986", "price_changes": [{"asset_id": "19619851020796345517172409566066997550761738782112746767326655871669350897686", "price": "0.13", "size": "1555", "side": "BUY", "hash": "23aac2526ebb5d30273f72ca07c814831b735bdb", "best_bid": "0.55", "best_ask": "0.56"}, {"asset_id": "108798918614128027361814219314538484133284583608074596451665946577336361445917", "price": "0.87", "size": "1555", "side": "SELL", "hash": "3eb776acdb4a18bb230bc9b160d9e05798a8d5bd", "best_bid": "0.44", "best_ask": "0.45"}], "timestamp": "1769384697460", "event_type": "price_change"}}
{"_local_timestamp": "2026-01-25T23:44:57.540041+00:00", "data": {"market": "0xefc69f5f48827e331957acbcc2339eb3b15e27e32453b8e6f29b5de67474c986", "price_changes": [{"asset_id": "19619851020796345517172409566066997550761738782112746767326655871669350897686", "price": "0.2", "size": "120", "side": "BUY", "hash": "23aac2526ebb5d30273f72ca07c814831b735bdb", "best_bid": "0.55", "best_ask": "0.56"}, {"asset_id": "108798918614128027361814219314538484133284583608074596451665946577336361445917", "price": "0.8", "size": "120", "side": "SELL", "hash": "3eb776acdb4a18bb230bc9b160d9e05798a8d5bd", "best_bid": "0.44", "best_ask": "0.45"}], "timestamp": "1769384697460", "event_type": "price_change"}}
{"_local_timestamp": "2026-01-25T23:44:57.868058+00:00", "data": {"market": "0xefc69f5f48827e331957acbcc2339eb3b15e27e32453b8e6f29b5de67474c986", "price_changes": [{"asset_id": "19619851020796345517172409566066997550761738782112746767326655871669350897686", "price": "0.15", "size": "325", "side": "BUY", "hash": "6894a14220cb848bac20bde2f45a68c1b2fefc4f", "best_bid": "0.55", "best_ask": "0.56"}, {"asset_id": "108798918614128027361814219314538484133284583608074596451665946577336361445917", "price": "0.85", "size": "325", "side": "SELL", "hash": "024a38760044a9419056bb851b13946637fe61ea", "best_bid": "0.44", "best_ask": "0.45"}], "timestamp": "1769384697743", "event_type": "price_change"}}
{"_local_timestamp": "2026-01-25T23:44:57.890160+00:00", "data": {"market": "0xefc69f5f48827e331957acbcc2339eb3b15e27e32453b8e6f29b5de67474c986", "price_changes": [{"asset_id": "19619851020796345517172409566066997550761738782112746767326655871669350897686", "price": "0.19", "size": "450", "side": "BUY", "hash": "4805dab6ebf28b3f8902f36f2ad351f305e0bd5b", "best_bid": "0.55", "best_ask": "0.56"}, {"asset_id": "108798918614128027361814219314538484133284583608074596451665946577336361445917", "price": "0.81", "size": "450", "side": "SELL", "hash": "e369faf7d171a323c31118ca170bd818e8e2723e", "best_bid": "0.44", "best_ask": "0.45"}], "timestamp": "1769384697750", "event_type": "price_change"}}
{"_local_timestamp": "2026-01-25T23:45:00.806851+00:00", "data": {"market": "0xefc69f5f48827e331957acbcc2339eb3b15e27e32453b8e6f29b5de67474c986", "price_changes": [{"asset_id": "19619851020796345517172409566066997550761738782112746767326655871669350897686", "price": "0.15", "size": "275", "side": "BUY", "hash": "069dfcc0ef145586ed5d90baa238b78f36a0191d", "best_bid": "0.55", "best_ask": "0.56"}, {"asset_id": "108798918614128027361814219314538484133284583608074596451665946577336361445917", "price": "0.85", "size": "275", "side": "SELL", "hash": "8a924e067778aa5e4c95dcf2444e159103008f85", "best_bid": "0.44", "best_ask": "0.45"}], "timestamp": "1769384700715", "event_type": "price_change"}}
{"_local_timestamp": "2026-01-25T23:45:01.160556+00:00", "data": {"market": "0xefc69f5f48827e331957acbcc2339eb3b15e27e32453b8e6f29b5de67474c986", "price_changes": [{"asset_id": "19619851020796345517172409566066997550761738782112746767326655871669350897686", "price": "0.13", "size": "1605", "side": "BUY", "hash": "11bf072c4871c609ead656fca4399bd52bfe01a7", "best_bid": "0.55", "best_ask": "0.56"}, {"asset_id": "108798918614128027361814219314538484133284583608074596451665946577336361445917", "price": "0.87", "size": "1605", "side": "SELL", "hash": "879da68c4c4f1510f773c214e05d1cd7d5af6db3", "best_bid": "0.44", "best_ask": "0.45"}], "timestamp": "1769384701082", "event_type": "price_change"}}
{"_local_timestamp": "2026-01-25T23:45:01.374625+00:00", "data": {"market": "0xefc69f5f48827e331957acbcc2339eb3b15e27e32453b8e6f29b5de67474c986", "price_changes": [{"asset_id": "19619851020796345517172409566066997550761738782112746767326655871669350897686", "price": "0.16", "size": "2724", "side": "BUY", "hash": "7465cbda7717bc59cee62bca20fd55b28f4f0719", "best_bid": "0.55", "best_ask": "0.56"}, {"asset_id": "108798918614128027361814219314538484133284583608074596451665946577336361445917", "price": "0.84", "size": "2724", "side": "SELL", "hash": "2b9be45d6c4240b44c13a48f57251afca97475bc", "best_bid": "0.44", "best_ask": "0.45"}], "timestamp": "1769384701303", "event_type": "price_change"}}
{"_local_timestamp": "2026-01-25T23:45:06.574535+00:00", "data": {"market": "0xefc69f5f48827e331957acbcc2339eb3b15e27e32453b8e6f29b5de67474c986", "price_changes": [{"asset_id": "19619851020796345517172409566066997550761738782112746767326655871669350897686", "price": "0.21", "size": "200", "side": "BUY", "hash": "ee7f7bb37be83626b2d0053599ef32a6a97e56d1", "best_bid": "0.55", "best_ask": "0.56"}, {"asset_id": "108798918614128027361814219314538484133284583608074596451665946577336361445917", "price": "0.79", "size": "200", "side": "SELL", "hash": "42d3bbd915198d49cbe5afca7e64fd7579570387", "best_bid": "0.44", "best_ask": "0.45"}], "timestamp": "1769384706508", "event_type": "price_change"}}
{"_local_timestamp": "2026-01-25T23:45:21.084080+00:00", "data": {"market": "0xefc69f5f48827e331957acbcc2339eb3b15e27e32453b8e6f29b5de67474c986", "price_changes": [{"asset_id": "19619851020796345517172409566066997550761738782112746767326655871669350897686", "price": "0.13", "size": "1555", "side": "BUY", "hash": "3e48df3ea8f4368cc5c3d387c570cbab799be67b", "best_bid": "0.55", "best_ask": "0.56"}, {"asset_id": "108798918614128027361814219314538484133284583608074596451665946577336361445917", "price": "0.87", "size": "1555", "side": "SELL", "hash": "3140c2d0599fac0c2fa7b4d137a7e0a6ea7ae4bb", "best_bid": "0.44", "best_ask": "0.45"}], "timestamp": "1769384720999", "event_type": "price_change"}}
{"_local_timestamp": "2026-01-25T23:45:21.322027+00:00", "data": {"market": "0xefc69f5f48827e331957acbcc2339eb3b15e27e32453b8e6f29b5de67474c986", "price_changes": [{"asset_id": "19619851020796345517172409566066997550761738782112746767326655871669350897686", "price": "0.16", "size": "2774", "side": "BUY", "hash": "9f2efd2c8958371428833c2a805acde12d10e784", "best_bid": "0.55", "best_ask": "0.56"}, {"asset_id": "108798918614128027361814219314538484133284583608074596451665946577336361445917", "price": "0.84", "size": "2774", "side": "SELL", "hash": "f2a55844b4b1f153d4825f2917ca6f633e80a2af", "best_bid": "0.44", "best_ask": "0.45"}], "timestamp": "1769384721250", "event_type": "price_change"}}
{"_local_timestamp": "2026-01-25T23:45:23.839350+00:00", "data": {"market": "0xefc69f5f48827e331957acbcc2339eb3b15e27e32453b8e6f29b5de67474c986", "price_changes": [{"asset_id": "19619851020796345517172409566066997550761738782112746767326655871669350897686", "price": "0.15", "size": "225", "side": "BUY", "hash": "8665b7c2926625c256bf95ec6f093080cace961d", "best_bid": "0.55", "best_ask": "0.56"}, {"asset_id": "108798918614128027361814219314538484133284583608074596451665946577336361445917", "price": "0.85", "size": "225", "side": "SELL", "hash": "8267c364932e71a803c4066bca60e4a4c293f384", "best_bid": "0.44", "best_ask": "0.45"}], "timestamp": "1769384723757", "event_type": "price_change"}}
{"_local_timestamp": "2026-01-25T23:45:24.122531+00:00", "data": {"market": "0xefc69f5f48827e331957acbcc2339eb3b15e27e32453b8e6f29b5de67474c986", "price_changes": [{"asset_id": "19619851020796345517172409566066997550761738782112746767326655871669350897686", "price": "0.13", "size": "1605", "side": "BUY", "hash": "6d6a2575b537991f18ccdc7d7e2377b5d8d30990", "best_bid": "0.55", "best_ask": "0.56"}, {"asset_id": "108798918614128027361814219314538484133284583608074596451665946577336361445917", "price": "0.87", "size": "1605", "side": "SELL", "hash": "03ff71540ec89759241011ec6c204a8b2472e557", "best_bid": "0.44", "best_ask": "0.45"}], "timestamp": "1769384724046", "event_type": "price_change"}}
{"_local_timestamp": "2026-01-25T23:45:38.915464+00:00", "data": {"market": "0xefc69f5f48827e331957acbcc2339eb3b15e27e32453b8e6f29b5de67474c986", "price_changes": [{"asset_id": "19619851020796345517172409566066997550761738782112746767326655871669350897686", "price": "0.15", "size": "0", "side": "BUY", "hash": "5ad570382e0a5ac83c4596e5dfc56b42a744b11b", "best_bid": "0.55", "best_ask": "0.56"}, {"asset_id": "108798918614128027361814219314538484133284583608074596451665946577336361445917", "price": "0.85", "size": "0", "side": "SELL", "hash": "9ca2cdec1fbacb5841ac80ca7878c09892a07176", "best_bid": "0.44", "best_ask": "0.45"}], "timestamp": "1769384738814", "event_type": "price_change"}}
{"_local_timestamp": "2026-01-25T23:45:38.916354+00:00", "data": {"market": "0xefc69f5f48827e331957acbcc2339eb3b15e27e32453b8e6f29b5de67474c986", "price_changes": [{"asset_id": "19619851020796345517172409566066997550761738782112746767326655871669350897686", "price": "0.19", "size": "300", "side": "BUY", "hash": "5ad570382e0a5ac83c4596e5dfc56b42a744b11b", "best_bid": "0.55", "best_ask": "0.56"}, {"asset_id": "108798918614128027361814219314538484133284583608074596451665946577336361445917", "price": "0.81", "size": "300", "side": "SELL", "hash": "9ca2cdec1fbacb5841ac80ca7878c09892a07176", "best_bid": "0.44", "best_ask": "0.45"}], "timestamp": "1769384738814", "event_type": "price_change"}}
{"_local_timestamp": "2026-01-25T23:45:39.179867+00:00", "data": {"market": "0xefc69f5f48827e331957acbcc2339eb3b15e27e32453b8e6f29b5de67474c986", "price_changes": [{"asset_id": "19619851020796345517172409566066997550761738782112746767326655871669350897686", "price": "0.16", "size": "2924", "side": "BUY", "hash": "5b56091465c630cae33932fb64a79b4adb44881a", "best_bid": "0.55", "best_ask": "0.56"}, {"asset_id": "108798918614128027361814219314538484133284583608074596451665946577336361445917", "price": "0.84", "size": "2924", "side": "SELL", "hash": "c9c0dd045c224b510d64e9dadbfbaf8ab17838d5", "best_bid": "0.44", "best_ask": "0.45"}], "timestamp": "1769384739076", "event_type": "price_change"}}
{"_local_timestamp": "2026-01-25T23:45:39.209600+00:00", "data": {"market": "0xefc69f5f48827e331957acbcc2339eb3b15e27e32453b8e6f29b5de67474c986", "price_changes": [{"asset_id": "19619851020796345517172409566066997550761738782112746767326655871669350897686", "price": "0.13", "size": "1830", "side": "BUY", "hash": "1876328b350cab3bfe13548fc277fa1afe6fc063", "best_bid": "0.55", "best_ask": "0.56"}, {"asset_id": "108798918614128027361814219314538484133284583608074596451665946577336361445917", "price": "0.87", "size": "1830", "side": "SELL", "hash": "dae6f14466fbb2450819212a50c40c808a9b8f6e", "best_bid": "0.44", "best_ask": "0.45"}], "timestamp": "1769384739087", "event_type": "price_change"}}
{"_local_timestamp": "2026-01-25T23:45:53.201153+00:00", "data": {"market": "0xefc69f5f48827e331957acbcc2339eb3b15e27e32453b8e6f29b5de67474c986", "price_changes": [{"asset_id": "19619851020796345517172409566066997550761738782112746767326655871669350897686", "price": "0.13", "size": "1705", "side": "BUY", "hash": "110fccfb9110dd07797671d2956c9cd6b5d61bc4", "best_bid": "0.55", "best_ask": "0.56"}, {"asset_id": "108798918614128027361814219314538484133284583608074596451665946577336361445917", "price": "0.87", "size": "1705", "side": "SELL", "hash": "789a7e12c78968129a4fca018ebddb7d9eee080e", "best_bid": "0.44", "best_ask": "0.45"}], "timestamp": "1769384753013", "event_type": "price_change"}}
{"_local_timestamp": "2026-01-25T23:45:53.201923+00:00", "data": {"market": "0xefc69f5f48827e331957acbcc2339eb3b15e27e32453b8e6f29b5de67474c986", "price_changes": [{"asset_id": "19619851020796345517172409566066997550761738782112746767326655871669350897686", "price": "0.16", "size": "2824", "side": "BUY", "hash": "110fccfb9110dd07797671d2956c9cd6b5d61bc4", "best_bid": "0.55", "best_ask": "0.56"}, {"asset_id": "108798918614128027361814219314538484133284583608074596451665946577336361445917", "price": "0.84", "size": "2824", "side": "SELL", "hash": "789a7e12c78968129a4fca018ebddb7d9eee080e", "best_bid": "0.44", "best_ask": "0.45"}], "timestamp": "1769384753013", "event_type": "price_change"}}
{"_local_timestamp": "2026-01-25T23:45:53.742610+00:00", "data": {"market": "0xefc69f5f48827e331957acbcc2339eb3b15e27e32453b8e6f29b5de67474c986", "price_changes": [{"asset_id": "19619851020796345517172409566066997550761738782112746767326655871669350897686", "price": "0.19", "size": "400", "side": "BUY", "hash": "c7ffb502637b56c8fd9d9a2b96649f602ba7b4d4", "best_bid": "0.55", "best_ask": "0.56"}, {"asset_id": "108798918614128027361814219314538484133284583608074596451665946577336361445917", "price": "0.81", "size": "400", "side": "SELL", "hash": "ff217708fd75b2e4298f740a0b72d7c74671cc98", "best_bid": "0.44", "best_ask": "0.45"}], "timestamp": "1769384753536", "event_type": "price_change"}}
{"_local_timestamp": "2026-01-25T23:45:53.755120+00:00", "data": {"market": "0xefc69f5f48827e331957acbcc2339eb3b15e27e32453b8e6f29b5de67474c986", "price_changes": [{"asset_id": "19619851020796345517172409566066997550761738782112746767326655871669350897686", "price": "0.15", "size": "125", "side": "BUY", "hash": "3b667dc1a3e9f38149841789401c1e6738d7c5c0", "best_bid": "0.55", "best_ask": "0.56"}, {"asset_id": "108798918614128027361814219314538484133284583608074596451665946577336361445917", "price": "0.85", "size": "125", "side": "SELL", "hash": "a6a6890e753a90711d48e57c7457734350ed7a82", "best_bid": "0.44", "best_ask": "0.45"}], "timestamp": "1769384753561", "event_type": "price_change"}}
{"_local_timestamp": "2026-01-25T23:45:56.420895+00:00", "data": {"market": "0xefc69f5f48827e331957acbcc2339eb3b15e27e32453b8e6f29b5de67474c986", "price_changes": [{"asset_id": "19619851020796345517172409566066997550761738782112746767326655871669350897686", "price": "0.19", "size": "100", "side": "BUY", "hash": "8dd5e7d938d46e4e6df7adf491fa69c6a1eb94d8", "best_bid": "0.55", "best_ask": "0.56"}, {"asset_id": "108798918614128027361814219314538484133284583608074596451665946577336361445917", "price": "0.81", "size": "100", "side": "SELL", "hash": "c05d3e5b5c9521053c0c82ce130fe147db93cdc4", "best_bid": "0.44", "best_ask": "0.45"}], "timestamp": "1769384756076", "event_type": "price_change"}}
{"_local_timestamp": "2026-01-25T23:45:56.430892+00:00", "data": {"market": "0xefc69f5f48827e331957acbcc2339eb3b15e27e32453b8e6f29b5de67474c986", "price_changes": [{"asset_id": "108798918614128027361814219314538484133284583608074596451665946577336361445917", "price": "0.17", "size": "0", "side": "BUY", "hash": "e667e9aa64c5b42018c77343c4b86a89d06b89f9", "best_bid": "0.44", "best_ask": "0.45"}, {"asset_id": "19619851020796345517172409566066997550761738782112746767326655871669350897686", "price": "0.83", "size": "0", "side": "SELL", "hash": "8a20ed607b5b40396aad7cf124788c57b302d0e7", "best_bid": "0.55", "best_ask": "0.56"}], "timestamp": "1769384756118", "event_type": "price_change"}}
{"_local_timestamp": "2026-01-25T23:45:57.231591+00:00", "data": {"market": "0xefc69f5f48827e331957acbcc2339eb3b15e27e32453b8e6f29b5de67474c986", "price_changes": [{"asset_id": "19619851020796345517172409566066997550761738782112746767326655871669350897686", "price": "0.56", "size": "15.02", "side": "SELL", "hash": "fe80ec717d7a1d36c6e69baea7952dce84ef7677", "best_bid": "0.55", "best_ask": "0.56"}, {"asset_id": "108798918614128027361814219314538484133284583608074596451665946577336361445917", "price": "0.44", "size": "15.02", "side": "BUY", "hash": "98cae296b28ff10c32857ce7c18626aba423d695", "best_bid": "0.44", "best_ask": "0.45"}], "timestamp": "1769384756390", "event_type": "price_change"}}
{"_local_timestamp": "2026-01-25T23:45:57.933826+00:00", "data": {"market": "0xefc69f5f48827e331957acbcc2339eb3b15e27e32453b8e6f29b5de67474c986", "price_changes": [{"asset_id": "19619851020796345517172409566066997550761738782112746767326655871669350897686", "price": "0.53", "size": "389", "side": "BUY", "hash": "7b1248b70cea2401b08bd206dcb22b828d584efe", "best_bid": "0.55", "best_ask": "0.56"}, {"asset_id": "108798918614128027361814219314538484133284583608074596451665946577336361445917", "price": "0.47", "size": "389", "side": "SELL", "hash": "90081152263cdd81f17fd1ca1359197c7d7e3b06", "best_bid": "0.44", "best_ask": "0.45"}], "timestamp": "1769384757817", "event_type": "price_change"}}
{"_local_timestamp": "2026-01-25T23:45:57.934437+00:00", "data": {"market": "0xefc69f5f48827e331957acbcc2339eb3b15e27e32453b8e6f29b5de67474c986", "price_changes": [{"asset_id": "108798918614128027361814219314538484133284583608074596451665946577336361445917", "price": "0.44", "size": "125.02", "side": "BUY", "hash": "5289d1bd40de3e8df9646237547057fa4e7e5cce", "best_bid": "0.44", "best_ask": "0.45"}, {"asset_id": "19619851020796345517172409566066997550761738782112746767326655871669350897686", "price": "0.56", "size": "125.02", "side": "SELL", "hash": "cab3420e51f51158be5f1a17d53e17b20310f883", "best_bid": "0.55", "best_ask": "0.56"}], "timestamp": "1769384757830", "event_type": "price_change"}}
{"_local_timestamp": "2026-01-25T23:45:58.087479+00:00", "data": {"market": "0xefc69f5f48827e331957acbcc2339eb3b15e27e32453b8e6f29b5de67474c986", "price_changes": [{"asset_id": "19619851020796345517172409566066997550761738782112746767326655871669350897686", "price": "0.42", "size": "122", "side": "BUY", "hash": "1184344bf4a70c75f69736a6e81474fecfc142f1", "best_bid": "0.55", "best_ask": "0.56"}, {"asset_id": "108798918614128027361814219314538484133284583608074596451665946577336361445917", "price": "0.58", "size": "122", "side": "SELL", "hash": "7e1c90c513349bec96a72de07f52db70781ce73c", "best_bid": "0.44", "best_ask": "0.45"}], "timestamp": "1769384758000", "event_type": "price_change"}}
{"_local_timestamp": "2026-01-25T23:45:58.100259+00:00", "data": {"market": "0xefc69f5f48827e331957acbcc2339eb3b15e27e32453b8e6f29b5de67474c986", "price_changes": [{"asset_id": "19619851020796345517172409566066997550761738782112746767326655871669350897686", "price": "0.25", "size": "525.73", "side": "BUY", "hash": "1c42160568f496ce977e87b3c4d0ed9b9e1d9c72", "best_bid": "0.55", "best_ask": "0.56"}, {"asset_id": "108798918614128027361814219314538484133284583608074596451665946577336361445917", "price": "0.75", "size": "525.73", "side": "SELL", "hash": "d4922354c8d91dea25b816cab700a971f8ebd94f", "best_bid": "0.44", "best_ask": "0.45"}], "timestamp": "1769384758003", "event_type": "price_change"}}
