{"_local_timestamp": "2026-01-25T23:40:29.608728+00:00", "data": [{"market": "0xe9c127a8c35f045d37b5344b0a36711084fa20c2fc1618bf178a5386f90610be", "asset_id": "80230236018433940569996058935444651347308266584430516013229815570706872276819", "timestamp": "1769384429155", "hash": "cd0429b77e6d880184aebfebf97ec70b31224d42", "bids": [{"price": "0.001", "size": "12487.06"}, {"price": "0.002", "size": "450.28"}, {"price": "0.003", "size": "344.69"}, {"price": "0.004", "size": "149.15"}, {"price": "0.005", "size": "24.22"}, {"price": "0.007", "size": "2.46"}], "asks": [{"price": "0.999", "size": "827726.43"}, {"price": "0.998", "size": "1255.1"}, {"price": "0.997", "size": "1400"}, {"price": "0.996", "size": "9.87"}, {"price": "0.994", "size": "200"}, {"price": "0.99", "size": "2000"}, {"price": "0.989", "size": "10.62"}, {"price": "0.98", "size": "1000"}, {"price": "0.979", "size": "5000"}, {"price": "0.978", "size": "181.81"}, {"price": "0.97", "size": "300"}, {"price": "0.968", "size": "5200"}, {"price": "0.967", "size": "121.21"}, {"price": "0.959", "size": "97.56"}, {"price": "0.958", "size": "5.6"}, {"price": "0.95", "size": "30"}, {"price": "0.949", "size": "39"}, {"price": "0.94", "size": "500"}, {"price": "0.937", "size": "63.49"}, {"price": "0.936", "size": "62.5"}, {"price": "0.9", "size": "560"}, {"price": "0.895", "size": "38.09"}, {"price": "0.894", "size": "37.73"}, {"price": "0.893", "size": "5.54"}, {"price": "0.876", "size": "32.25"}, {"price": "0.875", "size": "32"}, {"price": "0.85", "size": "776.66"}, {"price": "0.849", "size": "26.49"}, {"price": "0.829", "size": "23.39"}, {"price": "0.827", "size": "23.12"}, {"price": "0.826", "size": "22.98"}, {"price": "0.8", "size": "660"}, {"price": "0.799", "size": "39.8"}, {"price": "0.75", "size": "362"}, {"price": "0.749", "size": "31.86"}, {"price": "0.7", "size": "186.66"}, {"price": "0.699", "size": "13.28"}, {"price": "0.65", "size": "68.57"}, {"price": "0.649", "size": "11.39"}, {"price": "0.64", "size": "38.54"}, {"price": "0.639", "size": "7050"}, {"price": "0.638", "size": "250"}, {"price": "0.636", "size": "10.98"}, {"price": "0.635", "size": "10.95"}, {"price": "0.6", "size": "125"}, {"price": "0.597", "size": "5"}, {"price": "0.596", "size": "9.9"}, {"price": "0.541", "size": "8.71"}, {"price": "0.54", "size": "8.69"}, {"price": "0.4", "size": "30"}, {"price": "0.17", "size": "100"}, {"price": "0.08", "size": "108.33"}, {"price": "0.034", "size": "500"}, {"price": "0.033", "size": "2000"}, {"price": "0.03", "size": "2953"}, {"price": "0.029", "size": "24.5"}, {"price": "0.028", "size": "367"}, {"price": "0.013", "size": "25"}, {"price": "0.012", "size": "15"}, {"price": "0.011", "size": "5.24"}], "event_type": "book", "last_trade_price": "0.007"}, {"market": "0xe9c127a8c35f045d37b5344b0a36711084fa20c2fc1618bf178a5386f90610be", "asset_id": "107000426448217931795450451304515386602910396776318075817601265223856116134349", "timestamp": "1769384429155", "hash": "757beef4c4c3b16c9e5124639cb96da7a0c30119", "bids": [{"price": "0.001", "size": "827726.43"}, {"price": "0.002", "size": "1255.1"}, {"price": "0.003", "size": "1400"}, {"price": "0.004", "size": "9.87"}, {"price": "0.006", "size": "200"}, {"price": "0.01", "size": "2000"}, {"price": "0.011", "size": "10.62"}, {"price": "0.02", "size": "1000"}, {"price": "0.021", "size": "5000"}, {"price": "0.022", "size": "181.81"}, {"price": "0.03", "size": "300"}, {"price": "0.032", "size": "5200"}, {"price": "0.033", "size": "121.21"}, {"price": "0.041", "size": "97.56"}, {"price": "0.042", "size": "5.6"}, {"price": "0.05", "size": "30"}, {"price": "0.051", "size": "39"}, {"price": "0.06", "size": "500"}, {"price": "0.063", "size": "63.49"}, {"price": "0.064", "size": "62.5"}, {"price": "0.1", "size": "560"}, {"price": "0.105", "size": "38.09"}, {"price": "0.106", "size": "37.73"}, {"price": "0.107", "size": "5.54"}, {"price": "0.124", "size": "32.25"}, {"price": "0.125", "size": "32"}, {"price": "0.15", "size": "776.66"}, {"price": "0.151", "size": "26.49"}, {"price": "0.171", "size": "23.39"}, {"price": "0.173", "size": "23.12"}, {"price": "0.174", "size": "22.98"}, {"price": "0.2", "size": "660"}, {"price": "0.201", "size": "39.8"}, {"price": "0.25", "size": "362"}, {"price": "0.251", "size": "31.86"}, {"price": "0.3", "size": "186.66"}, {"price": "0.301", "size": "13.28"}, {"price": "0.35", "size": "68.57"}, {"price": "0.351", "size": "11.39"}, {"price": "0.36", "size": "38.54"}, {"price": "0.361", "size": "7050"}, {"price": "0.362", "size": "250"}, {"price": "0.364", "size": "10.98"}, {"price": "0.365", "size": "10.95"}, {"price": "0.4", "size": "125"}, {"price": "0.403", "size": "5"}, {"price": "0.404", "size": "9.9"}, {"price": "0.459", "size": "8.71"}, {"price": "0.46", "size": "8.69"}, {"price": "0.6", "size": "30"}, {"price": "0.83", "size": "100"}, {"price": "0.92", "size": "108.33"}, {"price": "0.966", "size": "500"}, {"price": "0.967", "size": "2000"}, {"price": "0.97", "size": "2953"}, {"price": "0.971", "size": "24.5"}, {"price": "0.972", "size": "367"}, {"price": "0.987", "size": "25"}, {"price": "0.988", "size": "15"}, {"price": "0.989", "size": "5.24"}], "asks": [{"price": "0.999", "size": "12487.06"}, {"price": "0.998", "size": "450.28"}, {"price": "0.997", "size": "344.69"}, {"price": "0.996", "size": "149.15"}, {"price": "0.995", "size": "24.22"}, {"price": "0.993", "size": "2.46"}], "event_type": "book", "last_trade_price": "0.007"}]}
{"_local_timestamp": "2026-01-25T23:40:31.126225+00:00", "data": {"market": "0xe9c127a8c35f045d37b5344b0a36711084fa20c2fc1618bf178a5386f90610be", "price_changes": [{"asset_id": "80230236018433940569996058935444651347308266584430516013229815570706872276819", "price": "0.002", "size": "428.25", "side": "BUY", "hash": "8e7d91ef19aa42412732377ebe49810572565e39", "best_bid": "0.007", "best_ask": "0.011"}, {"asset_id": "107000426448217931795450451304515386602910396776318075817601265223856116134349", "price": "0.998", "size": "428.25", "side": "SELL", "hash": "12e20e02697c74e22f6ef14c4b40eeb8cfc4e900", "best_bid": "0.989", "best_ask": "0.993"}], "timestamp": "1769384431034", "event_type": "price_change"}}
{"_local_timestamp": "2026-01-25T23:40:32.103479+00:00", "data": {"market": "0xe9c127a8c35f045d37b5344b0a36711084fa20c2fc1618bf178a5386f90610be", "price_changes": [{"asset_id": "80230236018433940569996058935444651347308266584430516013229815570706872276819", "price": "0.002", "size": "406.22", "side": "BUY", "hash": "8901c0407b91660f10e5f439746e22cbbfbae7bc", "best_bid": "0.007", "best_ask": "0.011"}, {"asset_id": "107000426448217931795450451304515386602910396776318075817601265223856116134349", "price": "0.998", "size": "406.22", "side": "SELL", "hash": "c32c3fd8bd1052fd7db0157897ad5a8d3faf61ac", "best_bid": "0.989", "best_ask": "0.993"}], "timestamp": "1769384432019", "event_type": "price_change"}}
{"_local_timestamp": "2026-01-25T23:40:32.518680+00:00", "data": {"market": "0xe9c127a8c35f045d37b5344b0a36711084fa20c2fc1618bf178a5386f90610be", "price_changes": [{"asset_id": "80230236018433940569996058935444651347308266584430516013229815570706872276819", "price": "0.002", "size": "428.25", "side": "BUY", "hash": "2d0c94a77284ebf894f3bc394c69a090222dee77", "best_bid": "0.007", "best_ask": "0.011"}, {"asset_id": "107000426448217931795450451304515386602910396776318075817601265223856116134349", "price": "0.998", "size": "428.25", "side": "SELL", "hash": "1294626c560b16978acc90cf759a5b320d121f3c", "best_bid": "0.989", "best_ask": "0.993"}], "timestamp": "1769384432432", "event_type": "price_change"}}
{"_local_timestamp": "2026-01-25T23:40:32.520186+00:00", "data": {"market": "0xe9c127a8c35f045d37b5344b0a36711084fa20c2fc1618bf178a5386f90610be", "price_changes": [{"asset_id": "80230236018433940569996058935444651347308266584430516013229815570706872276819", "price": "0.002", "size": "450.28", "side": "BUY", "hash": "825727cc4cfeba6d5fb48716df6883ad3084dfcf", "best_bid": "0.007", "best_ask": "0.011"}, {"asset_id": "107000426448217931795450451304515386602910396776318075817601265223856116134349", "price": "0.998", "size": "450.28", "side": "SELL", "hash": "62b9677ac44508ff689bf36a14404d58e9b720c1", "best_bid": "0.989", "best_ask": "0.993"}], "timestamp": "1769384432436", "event_type": "price_change"}}
{"_local_timestamp": "2026-01-25T23:40:32.930811+00:00", "data": {"market": "0xe9c127a8c35f045d37b5344b0a36711084fa20c2fc1618bf178a5386f90610be", "price_changes": [{"asset_id": "80230236018433940569996058935444651347308266584430516013229815570706872276819", "price": "0.002", "size": "428.25", "side": "BUY", "hash": "bfc8426e89f6eaaa907d3dc83e86affaf7cb7862", "best_bid": "0.007", "best_ask": "0.011"}, {"asset_id": "107000426448217931795450451304515386602910396776318075817601265223856116134349", "price": "0.998", "size": "428.25", "side": "SELL", "hash": "cb0206af2b0470dd2c6afa5c0d2f84f0d8c556a1", "best_bid": "0.989", "best_ask": "0.993"}], "timestamp": "1769384432865", "event_type": "price_change"}}
{"_local_timestamp": "2026-01-25T23:40:34.046156+00:00", "data": {"market": "0xe9c127a8c35f045d37b5344b0a36711084fa20c2fc1618bf178a5386f90610be", "price_changes": [{"asset_id": "107000426448217931795450451304515386602910396776318075817601265223856116134349", "price": "0.6", "size": "0", "side": "BUY", "hash": "ae29a6d2088dee39199303f92d0e561fd79946cb", "best_bid": "0.989", "best_ask": "0.993"}, {"asset_id": "80230236018433940569996058935444651347308266584430516013229815570706872276819", "price": "0.4", "size": "0", "side": "SELL", "hash": "5b4aaf01aa05c00020171b5a7e9d879d3765f7f4", "best_bid": "0.007", "best_ask": "0.011"}], "timestamp": "1769384433982", "event_type": "price_change"}}
{"_local_timestamp": "2026-01-25T23:40:34.290376+00:00", "data": {"market": "0xe9c127a8c35f045d37b5344b0a36711084fa20c2fc1618bf178a5386f90610be", "price_changes": [{"asset_id": "80230236018433940569996058935444651347308266584430516013229815570706872276819", "price": "0.002", "size": "406.22", "side": "BUY", "hash": "8f1f44f37c21e1f2f289f49a5858d77883bfdcf4", "best_bid": "0.007", "best_ask": "0.011"}, {"asset_id": "107000426448217931795450451304515386602910396776318075817601265223856116134349", "price": "0.998", "size": "406.22", "side": "SELL", "hash": "73c96020ef4ab90eda18dad83422b7337a058305", "best_bid": "0.989", "best_ask": "0.993"}], "timestamp": "1769384434210", "event_type": "price_change"}}
{"_local_timestamp": "2026-01-25T23:40:34.700803+00:00", "data": {"market": "0xe9c127a8c35f045d37b5344b0a36711084fa20c2fc1618bf178a5386f90610be", "price_changes": [{"asset_id": "80230236018433940569996058935444651347308266584430516013229815570706872276819", "price": "0.002", "size": "428.25", "side": "BUY", "hash": "fd8a5942e021fbb8a26b973db780f85c515f9bb5", "best_bid": "0.007", "best_ask": "0.011"}, {"asset_id": "107000426448217931795450451304515386602910396776318075817601265223856116134349", "price": "0.998", "size": "428.25", "side": "SELL", "hash": "06ac1267949cf10b4c4789e0b1d598b11c1ad08f", "best_bid": "0.989", "best_ask": "0.993"}], "timestamp": "1769384434625", "event_type": "price_change"}}
{"_local_timestamp": "2026-01-25T23:40:34.702258+00:00", "data": {"market": "0xe9c127a8c35f045d37b5344b0a36711084fa20c2fc1618bf178a5386f90610be", "price_changes": [{"asset_id": "80230236018433940569996058935444651347308266584430516013229815570706872276819", "price": "0.002", "size": "450.28", "side": "BUY", "hash": "1e03de97afdca6b9970a1b97b911717bf4606843", "best_bid": "0.007", "best_ask": "0.011"}, {"asset_id": "107000426448217931795450451304515386602910396776318075817601265223856116134349", "price": "0.998", "size": "450.28", "side": "SELL", "hash": "dd3622f98b0295eac4f9f57b791d54b87f115bf2", "best_bid": "0.989", "best_ask": "0.993"}], "timestamp": "1769384434629", "event_type": "price_change"}}
{"_local_timestamp": "2026-01-25T23:40:36.092470+00:00", "data": {"market": "0xe9c127a8c35f045d37b5344b0a36711084fa20c2fc1618bf178a5386f90610be", "price_changes": [{"asset_id": "80230236018433940569996058935444651347308266584430516013229815570706872276819", "price": "0.002", "size": "428.25", "side": "BUY", "hash": "d15cecf3be011e9a869f6b947ec8796d702ab0c5", "best_bid": "0.007", "best_ask": "0.011"}, {"asset_id": "107000426448217931795450451304515386602910396776318075817601265223856116134349", "price": "0.998", "size": "428.25", "side": "SELL", "hash": "615e7ef92a84e3c5e4e86496a3fa914556a043e4", "best_bid": "0.989", "best_ask": "0.993"}], "timestamp": "1769384436004", "event_type": "price_change"}}
{"_local_timestamp": "2026-01-25T23:40:36.126042+00:00", "data": {"market": "0xe9c127a8c35f045d37b5344b0a36711084fa20c2fc1618bf178a5386f90610be", "price_changes": [{"asset_id": "107000426448217931795450451304515386602910396776318075817601265223856116134349", "price": "0.6", "size": "30", "side": "BUY", "hash": "2056573af438b6be577cb5d1f180d1502f314dca", "best_bid": "0.989", "best_ask": "0.993"}, {"asset_id": "80230236018433940569996058935444651347308266584430516013229815570706872276819", "price": "0.4", "size": "30", "side": "SELL", "hash": "bc9384e5b23972c93428e7697623c40529a69ecb", "best_bid": "0.007", "best_ask": "0.011"}], "timestamp": "1769384436061", "event_type": "price_change"}}
{"_local_timestamp": "2026-01-25T23:40:37.397105+00:00", "data": {"market": "0xe9c127a8c35f045d37b5344b0a36711084fa20c2fc1618bf178a5386f90610be", "price_changes": [{"asset_id": "80230236018433940569996058935444651347308266584430516013229815570706872276819", "price": "0.002", "size": "406.22", "side": "BUY", "hash": "1ecc0e296dad5ee0fd42d629b714b3aa7c77f8ea", "best_bid": "0.007", "best_ask": "0.011"}, {"asset_id": "107000426448217931795450451304515386602910396776318075817601265223856116134349", "price": "0.998", "size": "406.22", "side": "SELL", "hash": "fc6a7bd12d81354995b88aa56d58145fc78006fa", "best_bid": "0.989", "best_ask": "0.993"}], "timestamp": "1769384437296", "event_type": "price_change"}}
{"_local_timestamp": "2026-01-25T23:40:37.713065+00:00", "data": {"market": "0xe9c127a8c35f045d37b5344b0a36711084fa20c2fc1618bf178a5386f90610be", "price_changes": [{"asset_id": "80230236018433940569996058935444651347308266584430516013229815570706872276819", "price": "0.002", "size": "428.25", "side": "BUY", "hash": "e7123c6aedc2a7c351a1d3dfb8ae64174e7f7646", "best_bid": "0.007", "best_ask": "0.011"}, {"asset_id": "107000426448217931795450451304515386602910396776318075817601265223856116134349", "price": "0.998", "size": "428.25", "side": "SELL", "hash": "8a24ab866613a912a5ac77f0f4054ba106348973", "best_bid": "0.989", "best_ask": "0.993"}], "timestamp": "1769384437644", "event_type": "price_change"}}
{"_local_timestamp": "2026-01-25T23:40:37.724927+00:00", "data": {"market": "0xe9c127a8c35f045d37b5344b0a36711084fa20c2fc1618bf178a5386f90610be", "price_changes": [{"asset_id": "80230236018433940569996058935444651347308266584430516013229815570706872276819", "price": "0.002", "size": "450.28", "side": "BUY", "hash": "3190235b635d23e4a4d8cb0d7f196585ff266898", "best_bid": "0.007", "best_ask": "0.011"}, {"asset_id": "107000426448217931795450451304515386602910396776318075817601265223856116134349", "price": "0.998", "size": "450.28", "side": "SELL", "hash": "37ed994cb135500f2b0989c77cff118aecb25ff6", "best_bid": "0.989", "best_ask": "0.993"}], "timestamp": "1769384437648", "event_type": "price_change"}}
{"_local_timestamp": "2026-01-25T23:40:38.965654+00:00", "data": {"market": "0xe9c127a8c35f045d37b5344b0a36711084fa20c2fc1618bf178a5386f90610be", "price_changes": [{"asset_id": "80230236018433940569996058935444651347308266584430516013229815570706872276819", "price": "0.002", "size": "428.25", "side": "BUY", "hash": "1f3f9cf7adbf516ca863e123cec521b5988cacd2", "best_bid": "0.007", "best_ask": "0.011"}, {"asset_id": "107000426448217931795450451304515386602910396776318075817601265223856116134349", "price": "0.998", "size": "428.25", "side": "SELL", "hash": "5ab49095ff34ca462214741ce0b97480e491e250", "best_bid": "0.989", "best_ask": "0.993"}], "timestamp": "1769384438894", "event_type": "price_change"}}
{"_local_timestamp": "2026-01-25T23:40:39.892219+00:00", "data": {"market": "0xe9c127a8c35f045d37b5344b0a36711084fa20c2fc1618bf178a5386f90610be", "price_changes": [{"asset_id": "80230236018433940569996058935444651347308266584430516013229815570706872276819", "price": "0.002", "size": "406.22", "side": "BUY", "hash": "ffc62bf8b798abc02926decc29dd7640825fee3c", "best_bid": "0.007", "best_ask": "0.011"}, {"asset_id": "107000426448217931795450451304515386602910396776318075817601265223856116134349", "price": "0.998", "size": "406.22", "side": "SELL", "hash": "357785c60f92abad6ba97a7d6a7b1718ef22c0e5", "best_bid": "0.989", "best_ask": "0.993"}], "timestamp": "1769384439816", "event_type": "price_change"}}
{"_local_timestamp": "2026-01-25T23:40:40.205701+00:00", "data": {"market": "0xe9c127a8c35f045d37b5344b0a36711084fa20c2fc1618bf178a5386f90610be", "price_changes": [{"asset_id": "80230236018433940569996058935444651347308266584430516013229815570706872276819", "price": "0.002", "size": "428.25", "side": "BUY", "hash": "46ecb266810f32eff755db5f97c65e3eeeb27a83", "best_bid": "0.007", "best_ask": "0.011"}, {"asset_id": "107000426448217931795450451304515386602910396776318075817601265223856116134349", "price": "0.998", "size": "428.25", "side": "SELL", "hash": "5dabf6a370a6cdee706027840767bd81d8bd27d4", "best_bid": "0.989", "best_ask": "0.993"}], "timestamp": "1769384440136", "event_type": "price_change"}}
{"_local_timestamp": "2026-01-25T23:40:40.216535+00:00", "data": {"market": "0xe9c127a8c35f045d37b5344b0a36711084fa20c2fc1618bf178a5386f90610be", "price_changes": [{"asset_id": "80230236018433940569996058935444651347308266584430516013229815570706872276819", "price": "0.002", "size": "450.28", "side": "BUY", "hash": "e9a572776dbc2724c5769748d20af4cbad6669ad", "best_bid": "0.007", "best_ask": "0.011"}, {"asset_id": "107000426448217931795450451304515386602910396776318075817601265223856116134349", "price": "0.998", "size": "450.28", "side": "SELL", "hash": "d5659249f0c42bbe118a6e147d0f739eeeca9535", "best_bid": "0.989", "best_ask": "0.993"}], "timestamp": "1769384440145", "event_type": "price_change"}}
{"_local_timestamp": "2026-01-25T23:40:41.180240+00:00", "data": {"market": "0xe9c127a8c35f045d37b5344b0a36711084fa20c2fc1618bf178a5386f90610be", "price_changes": [{"asset_id": "80230236018433940569996058935444651347308266584430516013229815570706872276819", "price": "0.002", "size": "428.25", "side": "BUY", "hash": "d9baa78baebae6f976272f5c23789fb3df732802", "best_bid": "0.007", "best_ask": "0.011"}, {"asset_id": "107000426448217931795450451304515386602910396776318075817601265223856116134349", "price": "0.998", "size": "428.25", "side": "SELL", "hash": "5fc4ecac0dfbaef143c51f1ad3b43a5a9f474546", "best_bid": "0.989", "best_ask": "0.993"}], "timestamp": "1769384441100", "event_type": "price_change"}}
{"_local_timestamp": "2026-01-25T23:40:42.456866+00:00", "data": {"market": "0xe9c127a8c35f045d37b5344b0a36711084fa20c2fc1618bf178a5386f90610be", "price_changes": [{"asset_id": "80230236018433940569996058935444651347308266584430516013229815570706872276819", "price": "0.002", "size": "406.22", "side": "BUY", "hash": "3f0d75a5aac94bac42e9166d5537836f4944f215", "best_bid": "0.007", "best_ask": "0.011"}, {"asset_id": "107000426448217931795450451304515386602910396776318075817601265223856116134349", "price": "0.998", "size": "406.22", "side": "SELL", "hash": "4ef817e7cbb5ac9e2484f3c14f44ecadbc6ae805", "best_bid": "0.989", "best_ask": "0.993"}], "timestamp": "1769384442383", "event_type": "price_change"}}
{"_local_timestamp": "2026-01-25T23:40:42.822981+00:00", "data": {"market": "0xe9c127a8c35f045d37b5344b0a36711084fa20c2fc1618bf178a5386f90610be", "price_changes": [{"asset_id": "80230236018433940569996058935444651347308266584430516013229815570706872276819", "price": "0.002", "size": "428.25", "side": "BUY", "hash": "58165d33773a672e29eb7bb61897a41cf1533462", "best_bid": "0.007", "best_ask": "0.011"}, {"asset_id": "107000426448217931795450451304515386602910396776318075817601265223856116134349", "price": "0.998", "size": "428.25", "side": "SELL", "hash": "e953c8b9e2b7f60699f0c237e1c8dcb90eb994c7", "best_bid": "0.989", "best_ask": "0.993"}], "timestamp": "1769384442749", "event_type": "price_change"}}
{"_local_timestamp": "2026-01-25T23:40:42.830063+00:00", "data": {"market": "0xe9c127a8c35f045d37b5344b0a36711084fa20c2fc1618bf178a5386f90610be", "price_changes": [{"asset_id": "80230236018433940569996058935444651347308266584430516013229815570706872276819", "price": "0.002", "size": "450.28", "side": "BUY", "hash": "77cfc319d33eff410c19475d738716787c633cd5", "best_bid": "0.007", "best_ask": "0.011"}, {"asset_id": "107000426448217931795450451304515386602910396776318075817601265223856116134349", "price": "0.998", "size": "450.28", "side": "SELL", "hash": "0ce5beae0a646f58071c4faa48d6c644dbd894e8", "best_bid": "0.989", "best_ask": "0.993"}], "timestamp": "1769384442754", "event_type": "price_change"}}
{"_local_timestamp": "2026-01-25T23:40:43.471227+00:00", "data": {"market": "0xe9c127a8c35f045d37b5344b0a36711084fa20c2fc1618bf178a5386f90610be", "price_changes": [{"asset_id": "80230236018433940569996058935444651347308266584430516013229815570706872276819", "price": "0.002", "size": "428.25", "side": "BUY", "hash": "41a62264491751ac062b3c5fefa77f70825677c4", "best_bid": "0.007", "best_ask": "0.011"}, {"asset_id": "107000426448217931795450451304515386602910396776318075817601265223856116134349", "price": "0.998", "size": "428.25", "side": "SELL", "hash": "c331b36680ffeb11b9ebb7c43c7cc6b7d4f340d7", "best_bid": "0.989", "best_ask": "0.993"}], "timestamp": "1769384443400", "event_type": "price_change"}}
{"_local_timestamp": "2026-01-25T23:40:45.307480+00:00", "data": {"market": "0xe9c127a8c35f045d37b5344b0a36711084fa20c2fc1618bf178a5386f90610be", "price_changes": [{"asset_id": "80230236018433940569996058935444651347308266584430516013229815570706872276819", "price": "0.002", "size": "406.22", "side": "BUY", "hash": "d1f1f421a430a9537d7f2aaa5addf1f35657d062", "best_bid": "0.007", "best_ask": "0.011"}, {"asset_id": "107000426448217931795450451304515386602910396776318075817601265223856116134349", "price": "0.998", "size": "406.22", "side": "SELL", "hash": "14032c94bb7615eb54aa1d6d99aee07466e93ba7", "best_bid": "0.989", "best_ask": "0.993"}], "timestamp": "1769384445214", "event_type": "price_change"}}
{"_local_timestamp": "2026-01-25T23:40:45.659148+00:00", "data": {"market": "0xe9c127a8c35f045d37b5344b0a36711084fa20c2fc1618bf178a5386f90610be", "price_changes": [{"asset_id": "80230236018433940569996058935444651347308266584430516013229815570706872276819", "price": "0.002", "size": "428.25", "side": "BUY", "hash": "cb6438d17d24a11e887aea0f4413ed00fc50108c", "best_bid": "0.007", "best_ask": "0.011"}, {"asset_id": "107000426448217931795450451304515386602910396776318075817601265223856116134349", "price": "0.998", "size": "428.25", "side": "SELL", "hash": "8a12170fed5788947ead02cd9c95db0325b545f6", "best_bid": "0.989", "best_ask": "0.993"}], "timestamp": "1769384445584", "event_type": "price_change"}}
{"_local_timestamp": "2026-01-25T23:40:45.660832+00:00", "data": {"market": "0xe9c127a8c35f045d37b5344b0a36711084fa20c2fc1618bf178a5386f90610be", "price_changes": [{"asset_id": "80230236018433940569996058935444651347308266584430516013229815570706872276819", "price": "0.002", "size": "450.28", "side": "BUY", "hash": "0d8d1196c9da5a973d1061461da8c0623be2ce82", "best_bid": "0.007", "best_ask": "0.011"}, {"asset_id": "107000426448217931795450451304515386602910396776318075817601265223856116134349", "price": "0.998", "size": "450.28", "side": "SELL", "hash": "acc7a3b3b4ae159ffe56c3b030cc79c5f6c794c1", "best_bid": "0.989", "best_ask": "0.993"}], "timestamp": "1769384445588", "event_type": "price_change"}}
{"_local_timestamp": "2026-01-25T23:40:47.048364+00:00", "data": {"market": "0xe9c127a8c35f045d37b5344b0a36711084fa20c2fc1618bf178a5386f90610be", "price_changes": [{"asset_id": "80230236018433940569996058935444651347308266584430516013229815570706872276819", "price": "0.002", "size": "428.25", "side": "BUY", "hash": "8b07d046e9d3ccff2b0cd6ae38dcef8491835994", "best_bid": "0.007", "best_ask": "0.011"}, {"asset_id": "107000426448217931795450451304515386602910396776318075817601265223856116134349", "price": "0.998", "size": "428.25", "side": "SELL", "hash": "5ee02db18e402ab8a5a117bb1da1104a5c5eac37", "best_bid": "0.989", "best_ask": "0.993"}], "timestamp": "1769384446972", "event_type": "price_change"}}
{"_local_timestamp": "2026-01-25T23:40:47.903539+00:00", "data": {"market": "0xe9c127a8c35f045d37b5344b0a36711084fa20c2fc1618bf178a5386f90610be", "price_changes": [{"asset_id": "80230236018433940569996058935444651347308266584430516013229815570706872276819", "price": "0.002", "size": "406.22", "side": "BUY", "hash": "384a05b88f82035d15dddcf05902765bcdfc9450", "best_bid": "0.007", "best_ask": "0.011"}, {"asset_id": "107000426448217931795450451304515386602910396776318075817601265223856116134349", "price": "0.998", "size": "406.22", "side": "SELL", "hash": "1d9d8beb00ef3d2586141a5b0e65e8f3d85aa255", "best_bid": "0.989", "best_ask": "0.993"}], "timestamp": "1769384447827", "event_type": "price_change"}}
{"_local_timestamp": "2026-01-25T23:40:48.379851+00:00", "data": {"market": "0xe9c127a8c35f045d37b5344b0a36711084fa20c2fc1618bf178a5386f90610be", "price_changes": [{"asset_id": "80230236018433940569996058935444651347308266584430516013229815570706872276819", "price": "0.002", "size": "428.25", "side": "BUY", "hash": "a9996b422634e41b93dffd920a7114b91b5d5d41", "best_bid": "0.007", "best_ask": "0.011"}, {"asset_id": "107000426448217931795450451304515386602910396776318075817601265223856116134349", "price": "0.998", "size": "428.25", "side": "SELL", "hash": "4d44324fe5279b926b56a17beb7ebfbb6cbfab20", "best_bid": "0.989", "best_ask": "0.993"}], "timestamp": "1769384448299", "event_type": "price_change"}}
{"_local_timestamp": "2026-01-25T23:40:48.382455+00:00", "data": {"market": "0xe9c127a8c35f045d37b5344b0a36711084fa20c2fc1618bf178a5386f90610be", "price_changes": [{"asset_id": "80230236018433940569996058935444651347308266584430516013229815570706872276819", "price": "0.002", "size": "450.28", "side": "BUY", "hash": "d6b0726352513b628f287690f3e4c4cf4b1e1df8", "best_bid": "0.007", "best_ask": "0.011"}, {"asset_id": "107000426448217931795450451304515386602910396776318075817601265223856116134349", "price": "0.998", "size": "450.28", "side": "SELL", "hash": "72d1c83aa97a80955586e297bc39b2abcf12e21e", "best_bid": "0.989", "best_ask": "0.993"}], "timestamp": "1769384448303", "event_type": "price_change"}}
{"_local_timestamp": "2026-01-25T23:40:50.518234+00:00", "data": {"market": "0xe9c127a8c35f045d37b5344b0a36711084fa20c2fc1618bf178a5386f90610be", "price_changes": [{"asset_id": "80230236018433940569996058935444651347308266584430516013229815570706872276819", "price": "0.002", "size": "428.25", "side": "BUY", "hash": "4570b05ca4fdf638a69664dd546418c33be2dbe8", "best_bid": "0.007", "best_ask": "0.011"}, {"asset_id": "107000426448217931795450451304515386602910396776318075817601265223856116134349", "price": "0.998", "size": "428.25", "side": "SELL", "hash": "c97badca440d32e014d0776d0b92fc83fae1a3ad", "best_bid": "0.989", "best_ask": "0.993"}], "timestamp": "1769384450436", "event_type": "price_change"}}
{"_local_timestamp": "2026-01-25T23:40:52.520369+00:00", "data": {"market": "0xe9c127a8c35f045d37b5344b0a36711084fa20c2fc1618bf178a5386f90610be", "price_changes": [{"asset_id": "80230236018433940569996058935444651347308266584430516013229815570706872276819", "price": "0.002", "size": "406.22", "side": "BUY", "hash": "e8a6bf562540463bbbfcf73bc84154a280d6d940", "best_bid": "0.007", "best_ask": "0.011"}, {"asset_id": "107000426448217931795450451304515386602910396776318075817601265223856116134349", "price": "0.998", "size": "406.22", "side": "SELL", "hash": "4d02e6b0ba18f7e2a516d100be6b9fc6488c30e2", "best_bid": "0.989", "best_ask": "0.993"}], "timestamp": "1769384452438", "event_type": "price_change"}}
{"_local_timestamp": "2026-01-25T23:40:52.795348+00:00", "data": {"market": "0xe9c127a8c35f045d37b5344b0a36711084fa20c2fc1618bf178a5386f90610be", "price_changes": [{"asset_id": "80230236018433940569996058935444651347308266584430516013229815570706872276819", "price": "0.002", "size": "428.25", "side": "BUY", "hash": "3b90b7563f9cb766b5cf989fa233f7d386affd22", "best_bid": "0.007", "best_ask": "0.011"}, {"asset_id": "107000426448217931795450451304515386602910396776318075817601265223856116134349", "price": "0.998", "size": "428.25", "side": "SELL", "hash": "08fd1128380b3f7c02722fcf1faea8551b2778bf", "best_bid": "0.989", "best_ask": "0.993"}], "timestamp": "1769384452725", "event_type": "price_change"}}
{"_local_timestamp": "2026-01-25T23:40:52.797454+00:00", "data": {"market": "0xe9c127a8c35f045d37b5344b0a36711084fa20c2fc1618bf178a5386f90610be", "price_changes": [{"asset_id": "80230236018433940569996058935444651347308266584430516013229815570706872276819", "price": "0.002", "size": "450.28", "side": "BUY", "hash": "8c5a9471192d87d98938db421f635a61d0d41052", "best_bid": "0.007", "best_ask": "0.011"}, {"asset_id": "107000426448217931795450451304515386602910396776318075817601265223856116134349", "price": "0.998", "size": "450.28", "side": "SELL", "hash": "eb71ec5094dfc2e0ef4528f560baf5f723b19b2b", "best_bid": "0.989", "best_ask": "0.993"}], "timestamp": "1769384452729", "event_type": "price_change"}}
{"_local_timestamp": "2026-01-25T23:40:53.809235+00:00", "data": {"market": "0xe9c127a8c35f045d37b5344b0a36711084fa20c2fc1618bf178a5386f90610be", "price_changes": [{"asset_id": "80230236018433940569996058935444651347308266584430516013229815570706872276819", "price": "0.002", "size": "428.25", "side": "BUY", "hash": "79579eeeddb292ce9038e47f0e13c4da2cd2286f", "best_bid": "0.007", "best_ask": "0.011"}, {"asset_id": "107000426448217931795450451304515386602910396776318075817601265223856116134349", "price": "0.998", "size": "428.25", "side": "SELL", "hash": "7fcf78d52d77d6f375ecc199c9909c5af02585c8", "best_bid": "0.989", "best_ask": "0.993"}], "timestamp": "1769384453735", "event_type": "price_change"}}
{"_local_timestamp": "2026-01-25T23:40:55.354980+00:00", "data": {"market": "0xe9c127a8c35f045d37b5344b0a36711084fa20c2fc1618bf178a5386f90610be", "price_changes": [{"asset_id": "80230236018433940569996058935444651347308266584430516013229815570706872276819", "price": "0.002", "size": "406.22", "side": "BUY", "hash": "fdff8d3db0521a57b4ce09a7ec0b5e7d93f590d1", "best_bid": "0.007", "best_ask": "0.011"}, {"asset_id": "107000426448217931795450451304515386602910396776318075817601265223856116134349", "price": "0.998", "size": "406.22", "side": "SELL", "hash": "903db84135530201212dde25fcc261507cc5aafc", "best_bid": "0.989", "best_ask": "0.993"}], "timestamp": "1769384455283", "event_type": "price_change"}}
{"_local_timestamp": "2026-01-25T23:40:55.640402+00:00", "data": {"market": "0xe9c127a8c35f045d37b5344b0a36711084fa20c2fc1618bf178a5386f90610be", "price_changes": [{"asset_id": "80230236018433940569996058935444651347308266584430516013229815570706872276819", "price": "0.002", "size": "428.25", "side": "BUY", "hash": "7b19e574f86d5abc69fa4db8f6708a9be841831f", "best_bid": "0.007", "best_ask": "0.011"}, {"asset_id": "107000426448217931795450451304515386602910396776318075817601265223856116134349", "price": "0.998", "size": "428.25", "side": "SELL", "hash": "85c4e4fa95602ca684fa7c5c4e9c14d8f1e651b6", "best_bid": "0.989", "best_ask": "0.993"}], "timestamp": "1769384455565", "event_type": "price_change"}}
{"_local_timestamp": "2026-01-25T23:40:55.642607+00:00", "data": {"market": "0xe9c127a8c35f045d37b5344b0a36711084fa20c2fc1618bf178a5386f90610be", "price_changes": [{"asset_id": "80230236018433940569996058935444651347308266584430516013229815570706872276819", "price": "0.002", "size": "450.28", "side": "BUY", "hash": "c97843f1733c736ad15c0c285fbc2057d8fa3e3a", "best_bid": "0.007", "best_ask": "0.011"}, {"asset_id": "107000426448217931795450451304515386602910396776318075817601265223856116134349", "price": "0.998", "size": "450.28", "side": "SELL", "hash": "b0c2684fbf2783bbad78eb8ec92db48b97352bf0", "best_bid": "0.989", "best_ask": "0.993"}], "timestamp": "1769384455569", "event_type": "price_change"}}
{"_local_timestamp": "2026-01-25T23:40:56.651306+00:00", "data": {"market": "0xe9c127a8c35f045d37b5344b0a36711084fa20c2fc1618bf178a5386f90610be", "price_changes": [{"asset_id": "80230236018433940569996058935444651347308266584430516013229815570706872276819", "price": "0.002", "size": "428.25", "side": "BUY", "hash": "5b61d1ffde374e8487f4f8e60eeb4262eae9c564", "best_bid": "0.007", "best_ask": "0.011"}, {"asset_id": "107000426448217931795450451304515386602910396776318075817601265223856116134349", "price": "0.998", "size": "428.25", "side": "SELL", "hash": "493498ee1a8b0ca9cf94e58d434774281fa05fce", "best_bid": "0.989", "best_ask": "0.993"}], "timestamp": "1769384456578", "event_type": "price_change"}}
{"_local_timestamp": "2026-01-25T23:40:58.357250+00:00", "data": {"market": "0xe9c127a8c35f045d37b5344b0a36711084fa20c2fc1618bf178a5386f90610be", "price_changes": [{"asset_id": "80230236018433940569996058935444651347308266584430516013229815570706872276819", "price": "0.002", "size": "406.22", "side": "BUY", "hash": "e11b815dae93226b63695feaae38ba9e82090a49", "best_bid": "0.007", "best_ask": "0.011"}, {"asset_id": "107000426448217931795450451304515386602910396776318075817601265223856116134349", "price": "0.998", "size": "406.22", "side": "SELL", "hash": "37f2309d14a24d42ca2a41a16cb306fafc8e7138", "best_bid": "0.989", "best_ask": "0.993"}], "timestamp": "1769384458285", "event_type": "price_change"}}
{"_local_timestamp": "2026-01-25T23:40:58.678478+00:00", "data": {"market": "0xe9c127a8c35f045d37b5344b0a36711084fa20c2fc1618bf178a5386f90610be", "price_changes": [{"asset_id": "80230236018433940569996058935444651347308266584430516013229815570706872276819", "price": "0.002", "size": "428.25", "side": "BUY", "hash": "f2331be1c4964b912fd2dead12fd397e903f2b92", "best_bid": "0.007", "best_ask": "0.011"}, {"asset_id": "107000426448217931795450451304515386602910396776318075817601265223856116134349", "price": "0.998", "size": "428.25", "side": "SELL", "hash": "0d58301946b3d5f16d8524b83e093be53e9a68d3", "best_bid": "0.989", "best_ask": "0.993"}], "timestamp": "1769384458614", "event_type": "price_change"}}
{"_local_timestamp": "2026-01-25T23:40:58.682334+00:00", "data": {"market": "0xe9c127a8c35f045d37b5344b0a36711084fa20c2fc1618bf178a5386f90610be", "price_changes": [{"asset_id": "80230236018433940569996058935444651347308266584430516013229815570706872276819", "price": "0.002", "size": "450.28", "side": "BUY", "hash": "28676c6b423d2a9ab900e20fe1fcc242e3fb4c0a", "best_bid": "0.007", "best_ask": "0.011"}, {"asset_id": "107000426448217931795450451304515386602910396776318075817601265223856116134349", "price": "0.998", "size": "450.28", "side": "SELL", "hash": "e1f4be99763aadbe86d5392883a39eeff3d4d627", "best_bid": "0.989", "best_ask": "0.993"}], "timestamp": "1769384458618", "event_type": "price_change"}}
{"_local_timestamp": "2026-01-25T23:41:00.112909+00:00", "data": {"market": "0xe9c127a8c35f045d37b5344b0a36711084fa20c2fc1618bf178a5386f90610be", "price_changes": [{"asset_id": "80230236018433940569996058935444651347308266584430516013229815570706872276819", "price": "0.002", "size": "428.25", "side": "BUY", "hash": "33b4c32c00002b05410282b2d6082ef43586971c", "best_bid": "0.007", "best_ask": "0.011"}, {"asset_id": "107000426448217931795450451304515386602910396776318075817601265223856116134349", "price": "0.998", "size": "428.25", "side": "SELL", "hash": "fdf092ce74a50c251a3d5e554fd7efc55cef6bc2", "best_bid": "0.989", "best_ask": "0.993"}], "timestamp": "1769384460045", "event_type": "price_change"}}
{"_local_timestamp": "2026-01-25T23:41:01.596090+00:00", "data": {"market": "0xe9c127a8c35f045d37b5344b0a36711084fa20c2fc1618bf178a5386f90610be", "price_changes": [{"asset_id": "80230236018433940569996058935444651347308266584430516013229815570706872276819", "price": "0.002", "size": "406.22", "side": "BUY", "hash": "54099cba51d519a2c97ad9eefa38991b2ff1ccd0", "best_bid": "0.007", "best_ask": "0.011"}, {"asset_id": "107000426448217931795450451304515386602910396776318075817601265223856116134349", "price": "0.998", "size": "406.22", "side": "SELL", "hash": "0cf365aff3944f544b12f2ada5bc01daca6acb39", "best_bid": "0.989", "best_ask": "0.993"}], "timestamp": "1769384461523", "event_type": "price_change"}}
{"_local_timestamp": "2026-01-25T23:41:02.017417+00:00", "data": {"market": "0xe9c127a8c35f045d37b5344b0a36711084fa20c2fc1618bf178a5386f90610be", "price_changes": [{"asset_id": "80230236018433940569996058935444651347308266584430516013229815570706872276819", "price": "0.002", "size": "428.25", "side": "BUY", "hash": "42ae62c9565c1fb30a04311c7b7a8bacd56c53c4", "best_bid": "0.007", "best_ask": "0.011"}, {"asset_id": "107000426448217931795450451304515386602910396776318075817601265223856116134349", "price": "0.998", "size": "428.25", "side": "SELL", "hash": "5028dfd8298b9f88c6d65a8616d9872982db25b8", "best_bid": "0.989", "best_ask": "0.993"}], "timestamp": "1769384461947", "event_type": "price_change"}}
{"_local_timestamp": "2026-01-25T23:41:02.019080+00:00", "data": {"market": "0xe9c127a8c35f045d37b5344b0a36711084fa20c2fc1618bf178a5386f90610be", "price_changes": [{"asset_id": "80230236018433940569996058935444651347308266584430516013229815570706872276819", "price": "0.002", "size": "450.28", "side": "BUY", "hash": "ed0722b4c5f41212bef30902fbe98d425a74a033", "best_bid": "0.007", "best_ask": "0.011"}, {"asset_id": "107000426448217931795450451304515386602910396776318075817601265223856116134349", "price": "0.998", "size": "450.28", "side": "SELL", "hash": "91832f84345e618d365a5d57368a7ae54f820652", "best_bid": "0.989", "best_ask": "0.993"}], "timestamp": "1769384461951", "event_type": "price_change"}}
{"_local_timestamp": "2026-01-25T23:41:04.184338+00:00", "data": {"market": "0xe9c127a8c35f045d37b5344b0a36711084fa20c2fc1618bf178a5386f90610be", "price_changes": [{"asset_id": "80230236018433940569996058935444651347308266584430516013229815570706872276819", "price": "0.002", "size": "428.25", "side": "BUY", "hash": "cc147d5c7ca00d895ad5cb71f3608b752fffed7a", "best_bid": "0.007", "best_ask": "0.011"}, {"asset_id": "107000426448217931795450451304515386602910396776318075817601265223856116134349", "price": "0.998", "size": "428.25", "side": "SELL", "hash": "983d7b24451ce18429d47ff17cc188c661c7cec8", "best_bid": "0.989", "best_ask": "0.993"}], "timestamp": "1769384464111", "event_type": "price_change"}}
{"_local_timestamp": "2026-01-25T23:41:06.025930+00:00", "data": {"market": "0xe9c127a8c35f045d37b5344b0a36711084fa20c2fc1618bf178a5386f90610be", "price_changes": [{"asset_id": "80230236018433940569996058935444651347308266584430516013229815570706872276819", "price": "0.002", "size": "406.22", "side": "BUY", "hash": "87a3e9f3a8c73643f39fc761f288cc1044a48875", "best_bid": "0.007", "best_ask": "0.011"}, {"asset_id": "107000426448217931795450451304515386602910396776318075817601265223856116134349", "price": "0.998", "size": "406.22", "side": "SELL", "hash": "760728d877aafdce8db8657defc6283b0e6c3373", "best_bid": "0.989", "best_ask": "0.993"}], "timestamp": "1769384465928", "event_type": "price_change"}}
{"_local_timestamp": "2026-01-25T23:41:06.430064+00:00", "data": {"market": "0xe9c127a8c35f045d37b5344b0a36711084fa20c2fc1618bf178a5386f90610be", "price_changes": [{"asset_id": "80230236018433940569996058935444651347308266584430516013229815570706872276819", "price": "0.002", "size": "428.25", "side": "BUY", "hash": "effe00a01318d23338c25a6de81162faf810a5a9", "best_bid": "0.007", "best_ask": "0.011"}, {"asset_id": "107000426448217931795450451304515386602910396776318075817601265223856116134349", "price": "0.998", "size": "428.25", "side": "SELL", "hash": "1c853315f3c8879ddef9f03c97d78dd620e814ff", "best_bid": "0.989", "best_ask": "0.993"}], "timestamp": "1769384466351", "event_type": "price_change"}}
{"_local_timestamp": "2026-01-25T23:41:06.464708+00:00", "data": {"market": "0xe9c127a8c35f045d37b5344b0a36711084fa20c2fc1618bf178a5386f90610be", "price_changes": [{"asset_id": "80230236018433940569996058935444651347308266584430516013229815570706872276819", "price": "0.002", "size": "450.28", "side": "BUY", "hash": "79c8010d63a74fccf2323c7267210288da1ebee2", "best_bid": "0.007", "best_ask": "0.011"}, {"asset_id": "107000426448217931795450451304515386602910396776318075817601265223856116134349", "price": "0.998", "size": "450.28", "side": "SELL", "hash": "c84559e402e04c7f96258c665ced1d28209779cc", "best_bid": "0.989", "best_ask": "0.993"}], "timestamp": "1769384466355", "event_type": "price_change"}}
{"_local_timestamp": "2026-01-25T23:41:07.838101+00:00", "data": {"market": "0xe9c127a8c35f045d37b5344b0a36711084fa20c2fc1618bf178a5386f90610be", "price_changes": [{"asset_id": "80230236018433940569996058935444651347308266584430516013229815570706872276819", "price": "0.002", "size": "428.25", "side": "BUY", "hash": "fab3f85b66cf3d64a50eaf932468418e73044f3c", "best_bid": "0.007", "best_ask": "0.011"}, {"asset_id": "107000426448217931795450451304515386602910396776318075817601265223856116134349", "price": "0.998", "size": "428.25", "side": "SELL", "hash": "51e57014640cbca3bdb8807d9ec8b78d0903f2cd", "best_bid": "0.989", "best_ask": "0.993"}], "timestamp": "1769384467755", "event_type": "price_change"}}
{"_local_timestamp": "2026-01-25T23:41:08.695322+00:00", "data": {"market": "0xe9c127a8c35f045d37b5344b0a36711084fa20c2fc1618bf178a5386f90610be", "price_changes": [{"asset_id": "80230236018433940569996058935444651347308266584430516013229815570706872276819", "price": "0.002", "size": "406.22", "side": "BUY", "hash": "f62b4c6f96d41c50fe2fb0262f7aa41bc9c676b2", "best_bid": "0.007", "best_ask": "0.011"}, {"asset_id": "107000426448217931795450451304515386602910396776318075817601265223856116134349", "price": "0.998", "size": "406.22", "side": "SELL", "hash": "9efb066b59d8c4fd06042cc0b1d5d45f34d63ef2", "best_bid": "0.989", "best_ask": "0.993"}], "timestamp": "1769384468616", "event_type": "price_change"}}
{"_local_timestamp": "2026-01-25T23:41:09.133330+00:00", "data": {"market": "0xe9c127a8c35f045d37b5344b0a36711084fa20c2fc1618bf178a5386f90610be", "price_changes": [{"asset_id": "80230236018433940569996058935444651347308266584430516013229815570706872276819", "price": "0.002", "size": "428.25", "side": "BUY", "hash": "830be0703941e12590591d357e7c50e40b569382", "best_bid": "0.007", "best_ask": "0.011"}, {"asset_id": "107000426448217931795450451304515386602910396776318075817601265223856116134349", "price": "0.998", "size": "428.25", "side": "SELL", "hash": "b61bb6d58b9a2c9071b236d3820788f871a4a322", "best_bid": "0.989", "best_ask": "0.993"}], "timestamp": "1769384469064", "event_type": "price_change"}}
{"_local_timestamp": "2026-01-25T23:41:09.139873+00:00", "data": {"market": "0xe9c127a8c35f045d37b5344b0a36711084fa20c2fc1618bf178a5386f90610be", "price_changes": [{"asset_id": "80230236018433940569996058935444651347308266584430516013229815570706872276819", "price": "0.002", "size": "450.28", "side": "BUY", "hash": "33f52adf11f19bc2fc38caa920e70b627bbd5ae5", "best_bid": "0.007", "best_ask": "0.011"}, {"asset_id": "107000426448217931795450451304515386602910396776318075817601265223856116134349", "price": "0.998", "size": "450.28", "side": "SELL", "hash": "233d2d413a7c6c576744f1910727351743f11b92", "best_bid": "0.989", "best_ask": "0.993"}], "timestamp": "1769384469068", "event_type": "price_change"}}
{"_local_timestamp": "2026-01-25T23:41:11.174863+00:00", "data": {"market": "0xe9c127a8c35f045d37b5344b0a36711084fa20c2fc1618bf178a5386f90610be", "price_changes": [{"asset_id": "80230236018433940569996058935444651347308266584430516013229815570706872276819", "price": "0.002", "size": "428.25", "side": "BUY", "hash": "e885fb11eac5bf2a6c7b7253a2a3f85f9c833237", "best_bid": "0.007", "best_ask": "0.011"}, {"asset_id": "107000426448217931795450451304515386602910396776318075817601265223856116134349", "price": "0.998", "size": "428.25", "side": "SELL", "hash": "0d43380cc52227814a120344e063bb02c811b39b", "best_bid": "0.989", "best_ask": "0.993"}], "timestamp": "1769384470994", "event_type": "price_change"}}
{"_local_timestamp": "2026-01-25T23:41:11.970171+00:00", "data": {"market": "0xe9c127a8c35f045d37b5344b0a36711084fa20c2fc1618bf178a5386f90610be", "price_changes": [{"asset_id": "80230236018433940569996058935444651347308266584430516013229815570706872276819", "price": "0.002", "size": "406.22", "side": "BUY", "hash": "6942bb26bb45fd0fbe119cfe6392d2dfd77dc03f", "best_bid": "0.007", "best_ask": "0.011"}, {"asset_id": "107000426448217931795450451304515386602910396776318075817601265223856116134349", "price": "0.998", "size": "406.22", "side": "SELL", "hash": "d7133d11e4c5cc92f536d021a214b0073e94e71a", "best_bid": "0.989", "best_ask": "0.993"}], "timestamp": "1769384471891", "event_type": "price_change"}}
{"_local_timestamp": "2026-01-25T23:41:12.383920+00:00", "data": {"market": "0xe9c127a8c35f045d37b5344b0a36711084fa20c2fc1618bf178a5386f90610be", "price_changes": [{"asset_id": "80230236018433940569996058935444651347308266584430516013229815570706872276819", "price": "0.002", "size": "428.25", "side": "BUY", "hash": "ac1dded884aea067611d2310d99f88ff223c82f1", "best_bid": "0.007", "best_ask": "0.011"}, {"asset_id": "107000426448217931795450451304515386602910396776318075817601265223856116134349", "price": "0.998", "size": "428.25", "side": "SELL", "hash": "4479e9322735b0ad3ee963c116f71b9f70f5a605", "best_bid": "0.989", "best_ask": "0.993"}], "timestamp": "1769384472315", "event_type": "price_change"}}
{"_local_timestamp": "2026-01-25T23:41:12.402424+00:00", "data": {"market": "0xe9c127a8c35f045d37b5344b0a36711084fa20c2fc1618bf178a5386f90610be", "price_changes": [{"asset_id": "80230236018433940569996058935444651347308266584430516013229815570706872276819", "price": "0.002", "size": "450.28", "side": "BUY", "hash": "a2cd8c4a0b76542e6cabc7a72bb142a669cc1e25", "best_bid": "0.007", "best_ask": "0.011"}, {"asset_id": "107000426448217931795450451304515386602910396776318075817601265223856116134349", "price": "0.998", "size": "450.28", "side": "SELL", "hash": "fb1f65f1f54088c5bfdb4c8fea04559e16ea3fe6", "best_bid": "0.989", "best_ask": "0.993"}], "timestamp": "1769384472323", "event_type": "price_change"}}
{"_local_timestamp": "2026-01-25T23:41:13.935447+00:00", "data": {"market": "0xe9c127a8c35f045d37b5344b0a36711084fa20c2fc1618bf178a5386f90610be", "price_changes": [{"asset_id": "80230236018433940569996058935444651347308266584430516013229815570706872276819", "price": "0.002", "size": "428.25", "side": "BUY", "hash": "45ff6378b593775adf5dcb9e06391812dd0fb9f5", "best_bid": "0.007", "best_ask": "0.011"}, {"asset_id": "107000426448217931795450451304515386602910396776318075817601265223856116134349", "price": "0.998", "size": "428.25", "side": "SELL", "hash": "23e08311952122f73f1212256da4b8fc95a6079a", "best_bid": "0.989", "best_ask": "0.993"}], "timestamp": "1769384473859", "event_type": "price_change"}}
{"_local_timestamp": "2026-01-25T23:41:15.291195+00:00", "data": {"market": "0xe9c127a8c35f045d37b5344b0a36711084fa20c2fc1618bf178a5386f90610be", "price_changes": [{"asset_id": "80230236018433940569996058935444651347308266584430516013229815570706872276819", "price": "0.002", "size": "406.22", "side": "BUY", "hash": "d55e68ae88b00f2dcb08b1e6631c3caac197a67a", "best_bid": "0.007", "best_ask": "0.011"}, {"asset_id": "107000426448217931795450451304515386602910396776318075817601265223856116134349", "price": "0.998", "size": "406.22", "side": "SELL", "hash": "cc1f4dcb37ea5fd65fb452e023846ea73d315172", "best_bid": "0.989", "best_ask": "0.993"}], "timestamp": "1769384475219", "event_type": "price_change"}}
{"_local_timestamp": "2026-01-25T23:41:15.617822+00:00", "data": {"market": "0xe9c127a8c35f045d37b5344b0a36711084fa20c2fc1618bf178a5386f90610be", "price_changes": [{"asset_id": "80230236018433940569996058935444651347308266584430516013229815570706872276819", "price": "0.002", "size": "428.25", "side": "BUY", "hash": "0ec2637117b3526e78450807836c804754ba9955", "best_bid": "0.007", "best_ask": "0.011"}, {"asset_id": "107000426448217931795450451304515386602910396776318075817601265223856116134349", "price": "0.998", "size": "428.25", "side": "SELL", "hash": "c642b72f9c6891dcc46ffb65bc8ca5ae71e32e3d", "best_bid": "0.989", "best_ask": "0.993"}], "timestamp": "1769384475540", "event_type": "price_change"}}
{"_local_timestamp": "2026-01-25T23:41:15.621650+00:00", "data": {"market": "0xe9c127a8c35f045d37b5344b0a36711084fa20c2fc1618bf178a5386f90610be", "price_changes": [{"asset_id": "80230236018433940569996058935444651347308266584430516013229815570706872276819", "price": "0.002", "size": "450.28", "side": "BUY", "hash": "2d4b2a2721ff5e017e666eeee95e766ed4120436", "best_bid": "0.007", "best_ask": "0.011"}, {"asset_id": "107000426448217931795450451304515386602910396776318075817601265223856116134349", "price": "0.998", "size": "450.28", "side": "SELL", "hash": "ba18f6e67a474524b7926a26ec48caf36b46f28b", "best_bid": "0.989", "best_ask": "0.993"}], "timestamp": "1769384475544", "event_type": "price_change"}}
{"_local_timestamp": "2026-01-25T23:41:17.441723+00:00", "data": {"market": "0xe9c127a8c35f045d37b5344b0a36711084fa20c2fc1618bf178a5386f90610be", "price_changes": [{"asset_id": "80230236018433940569996058935444651347308266584430516013229815570706872276819", "price": "0.002", "size": "428.25", "side": "BUY", "hash": "8f8887dcb56805bdc082cb44678f195318d44a9f", "best_bid": "0.007", "best_ask": "0.011"}, {"asset_id": "107000426448217931795450451304515386602910396776318075817601265223856116134349", "price": "0.998", "size": "428.25", "side": "SELL", "hash": "f7169737093adc41344ca65815acc0e1cac828a0", "best_bid": "0.989", "best_ask": "0.993"}], "timestamp": "1769384477363", "event_type": "price_change"}}
{"_local_timestamp": "2026-01-25T23:41:17.969219+00:00", "data": {"market": "0xe9c127a8c35f045d37b5344b0a36711084fa20c2fc1618bf178a5386f90610be", "price_changes": [{"asset_id": "80230236018433940569996058935444651347308266584430516013229815570706872276819", "price": "0.029", "size": "0", "side": "SELL", "hash": "74ece5ab306923ed492dc292db9e9bb4451862b4", "best_bid": "0.007", "best_ask": "0.011"}, {"asset_id": "107000426448217931795450451304515386602910396776318075817601265223856116134349", "price": "0.971", "size": "0", "side": "BUY", "hash": "4b690f6ad44d065c2e0454b910965bf4ea6f370b", "best_bid": "0.989", "best_ask": "0.993"}], "timestamp": "1769384477841", "event_type": "price_change"}}
{"_local_timestamp": "2026-01-25T23:41:19.051846+00:00", "data": {"market": "0xe9c127a8c35f045d37b5344b0a36711084fa20c2fc1618bf178a5386f90610be", "price_changes": [{"asset_id": "80230236018433940569996058935444651347308266584430516013229815570706872276819", "price": "0.029", "size": "24.5", "side": "SELL", "hash": "bca776595cee0990f69efbed40452c00a34d9706", "best_bid": "0.007", "best_ask": "0.011"}, {"asset_id": "107000426448217931795450451304515386602910396776318075817601265223856116134349", "price": "0.971", "size": "24.5", "side": "BUY", "hash": "66ce6e6d4ebc759ea7bc6899ac66face246e6a15", "best_bid": "0.989", "best_ask": "0.993"}], "timestamp": "1769384478981", "event_type": "price_change"}}
{"_local_timestamp": "2026-01-25T23:41:19.066214+00:00", "data": {"market": "0xe9c127a8c35f045d37b5344b0a36711084fa20c2fc1618bf178a5386f90610be", "price_changes": [{"asset_id": "80230236018433940569996058935444651347308266584430516013229815570706872276819", "price": "0.002", "size": "406.22", "side": "BUY", "hash": "f12b2c3a17124c8f9fab081318a1df247f5a2a85", "best_bid": "0.007", "best_ask": "0.011"}, {"asset_id": "107000426448217931795450451304515386602910396776318075817601265223856116134349", "price": "0.998", "size": "406.22", "side": "SELL", "hash": "23d92d016e2e47d34c8f70f65c30ef9bdbf3911e", "best_bid": "0.989", "best_ask": "0.993"}], "timestamp": "1769384478992", "event_type": "price_change"}}
{"_local_timestamp": "2026-01-25T23:41:19.552146+00:00", "data": {"market": "0xe9c127a8c35f045d37b5344b0a36711084fa20c2fc1618bf178a5386f90610be", "price_changes": [{"asset_id": "80230236018433940569996058935444651347308266584430516013229815570706872276819", "price": "0.002", "size": "428.25", "side": "BUY", "hash": "634e84f8d204b62b27b9143aaf19c2b3cc149323", "best_bid": "0.007", "best_ask": "0.011"}, {"asset_id": "107000426448217931795450451304515386602910396776318075817601265223856116134349", "price": "0.998", "size": "428.25", "side": "SELL", "hash": "259fcd0398b7b10ccb77862b60fed196ecf7f4a8", "best_bid": "0.989", "best_ask": "0.993"}], "timestamp": "1769384479481", "event_type": "price_change"}}
{"_local_timestamp": "2026-01-25T23:41:19.556841+00:00", "data": {"market": "0xe9c127a8c35f045d37b5344b0a36711084fa20c2fc1618bf178a5386f90610be", "price_changes": [{"asset_id": "80230236018433940569996058935444651347308266584430516013229815570706872276819", "price": "0.002", "size": "450.28", "side": "BUY", "hash": "ca67178887e1d2f1493cfb4ff38e7d87f21c6e7f", "best_bid": "0.007", "best_ask": "0.011"}, {"asset_id": "107000426448217931795450451304515386602910396776318075817601265223856116134349", "price": "0.998", "size": "450.28", "side": "SELL", "hash": "0c4cea803201533600864ce65a0698fb2c27ed0b", "best_bid": "0.989", "best_ask": "0.993"}], "timestamp": "1769384479486", "event_type": "price_change"}}
{"_local_timestamp": "2026-01-25T23:41:21.484671+00:00", "data": {"market": "0xe9c127a8c35f045d37b5344b0a36711084fa20c2fc1618bf178a5386f90610be", "price_changes": [{"asset_id": "80230236018433940569996058935444651347308266584430516013229815570706872276819", "price": "0.002", "size": "428.25", "side": "BUY", "hash": "c0adc4f26d234bed59ad640814bee097febcec2a", "best_bid": "0.007", "best_ask": "0.011"}, {"asset_id": "107000426448217931795450451304515386602910396776318075817601265223856116134349", "price": "0.998", "size": "428.25", "side": "SELL", "hash": "5e8445585a76671d9f51b100fb36eb03a7e44923", "best_bid": "0.989", "best_ask": "0.993"}], "timestamp": "1769384481405", "event_type": "price_change"}}
{"_local_timestamp": "2026-01-25T23:41:22.392642+00:00", "data": {"market": "0xe9c127a8c35f045d37b5344b0a36711084fa20c2fc1618bf178a5386f90610be", "price_changes": [{"asset_id": "80230236018433940569996058935444651347308266584430516013229815570706872276819", "price": "0.002", "size": "406.22", "side": "BUY", "hash": "062be4412ae518da10a4c3d8f52d57bb16070e67", "best_bid": "0.007", "best_ask": "0.011"}, {"asset_id": "107000426448217931795450451304515386602910396776318075817601265223856116134349", "price": "0.998", "size": "406.22", "side": "SELL", "hash": "8875fc504dc13578828181b44d5df385bc2e9f90", "best_bid": "0.989", "best_ask": "0.993"}], "timestamp": "1769384482319", "event_type": "price_change"}}
{"_local_timestamp": "2026-01-25T23:41:22.669902+00:00", "data": {"market": "0xe9c127a8c35f045d37b5344b0a36711084fa20c2fc1618bf178a5386f90610be", "price_changes": [{"asset_id": "80230236018433940569996058935444651347308266584430516013229815570706872276819", "price": "0.002", "size": "428.25", "side": "BUY", "hash": "488611104f44566ae2518bdb39485025a7978a98", "best_bid": "0.007", "best_ask": "0.011"}, {"asset_id": "107000426448217931795450451304515386602910396776318075817601265223856116134349", "price": "0.998", "size": "428.25", "side": "SELL", "hash": "aad8783daaeabbeea4e283c085d8be85ec0aafab", "best_bid": "0.989", "best_ask": "0.993"}], "timestamp": "1769384482592", "event_type": "price_change"}}
{"_local_timestamp": "2026-01-25T23:41:22.680729+00:00", "data": {"market": "0xe9c127a8c35f045d37b5344b0a36711084fa20c2fc1618bf178a5386f90610be", "price_changes": [{"asset_id": "80230236018433940569996058935444651347308266584430516013229815570706872276819", "price": "0.002", "size": "450.28", "side": "BUY", "hash": "bc064031e0673f0d551c754afc9c8cf31fd2d644", "best_bid": "0.007", "best_ask": "0.011"}, {"asset_id": "107000426448217931795450451304515386602910396776318075817601265223856116134349", "price": "0.998", "size": "450.28", "side": "SELL", "hash": "315422e28a73bd11d1a68b1beb8849777411ee61", "best_bid": "0.989", "best_ask": "0.993"}], "timestamp": "1769384482597", "event_type": "price_change"}}
{"_local_timestamp": "2026-01-25T23:41:24.117389+00:00", "data": {"market": "0xe9c127a8c35f045d37b5344b0a36711084fa20c2fc1618bf178a5386f90610be", "price_changes": [{"asset_id": "80230236018433940569996058935444651347308266584430516013229815570706872276819", "price": "0.002", "size": "428.25", "side": "BUY", "hash": "e4e8dee341e591181c6718833e4a48ef067e1396", "best_bid": "0.007", "best_ask": "0.011"}, {"asset_id": "107000426448217931795450451304515386602910396776318075817601265223856116134349", "price": "0.998", "size": "428.25", "side": "SELL", "hash": "c4482d9e63141895547684ca192d2bda93759098", "best_bid": "0.989", "best_ask": "0.993"}], "timestamp": "1769384484032", "event_type": "price_change"}}
{"_local_timestamp": "2026-01-25T23:41:24.993136+00:00", "data": {"market": "0xe9c127a8c35f045d37b5344b0a36711084fa20c2fc1618bf178a5386f90610be", "price_changes": [{"asset_id": "80230236018433940569996058935444651347308266584430516013229815570706872276819", "price": "0.002", "size": "406.22", "side": "BUY", "hash": "693560b8807ab1c55977119722ff42f405f96a5f", "best_bid": "0.007", "best_ask": "0.011"}, {"asset_id": "107000426448217931795450451304515386602910396776318075817601265223856116134349", "price": "0.998", "size": "406.22", "side": "SELL", "hash": "fc3d79999a4baeb0a19408370861e9d396942688", "best_bid": "0.989", "best_ask": "0.993"}], "timestamp": "1769384484923", "event_type": "price_change"}}
{"_local_timestamp": "2026-01-25T23:41:25.320217+00:00", "data": {"market": "0xe9c127a8c35f045d37b5344b0a36711084fa20c2fc1618bf178a5386f90610be", "price_changes": [{"asset_id": "80230236018433940569996058935444651347308266584430516013229815570706872276819", "price": "0.002", "size": "428.25", "side": "BUY", "hash": "ff23c59d60d2135bec49a0072fdfdb8d4c56294e", "best_bid": "0.007", "best_ask": "0.011"}, {"asset_id": "107000426448217931795450451304515386602910396776318075817601265223856116134349", "price": "0.998", "size": "428.25", "side": "SELL", "hash": "ef2024fd8f814e5df5567f1f90fb3b22344dcca8", "best_bid": "0.989", "best_ask": "0.993"}], "timestamp": "1769384485249", "event_type": "price_change"}}
{"_local_timestamp": "2026-01-25T23:41:25.328471+00:00", "data": {"market": "0xe9c127a8c35f045d37b5344b0a36711084fa20c2fc1618bf178a5386f90610be", "price_changes": [{"asset_id": "80230236018433940569996058935444651347308266584430516013229815570706872276819", "price": "0.002", "size": "450.28", "side": "BUY", "hash": "c5a03e1c9a4ac3dc45b6f17d56a4682d98518be7", "best_bid": "0.007", "best_ask": "0.011"}, {"asset_id": "107000426448217931795450451304515386602910396776318075817601265223856116134349", "price": "0.998", "size": "450.28", "side": "SELL", "hash": "e7795f1adc66c45447811a9ec52a7f2be29c80d2", "best_bid": "0.989", "best_ask": "0.993"}], "timestamp": "1769384485254", "event_type": "price_change"}}
{"_local_timestamp": "2026-01-25T23:41:25.907287+00:00", "data": {"market": "0xe9c127a8c35f045d37b5344b0a36711084fa20c2fc1618bf178a5386f90610be", "price_changes": [{"asset_id": "80230236018433940569996058935444651347308266584430516013229815570706872276819", "price": "0.002", "size": "428.25", "side": "BUY", "hash": "64c25d091a5ed7a6e24f5b560d90ec050ee50838", "best_bid": "0.007", "best_ask": "0.011"}, {"asset_id": "107000426448217931795450451304515386602910396776318075817601265223856116134349", "price": "0.998", "size": "428.25", "side": "SELL", "hash": "f719d2698ac2423938fc9b26c3c057c6b8606706", "best_bid": "0.989", "best_ask": "0.993"}], "timestamp": "1769384485823", "event_type": "price_change"}}
{"_local_timestamp": "2026-01-25T23:41:27.235691+00:00", "data": {"market": "0xe9c127a8c35f045d37b5344b0a36711084fa20c2fc1618bf178a5386f90610be", "price_changes": [{"asset_id": "80230236018433940569996058935444651347308266584430516013229815570706872276819", "price": "0.002", "size": "406.22", "side": "BUY", "hash": "2b169ad173325b046d40c0d3e1a0cb5e96b1821a", "best_bid": "0.007", "best_ask": "0.011"}, {"asset_id": "107000426448217931795450451304515386602910396776318075817601265223856116134349", "price": "0.998", "size": "406.22", "side": "SELL", "hash": "2a0d087048ebd91049968f4fdfd434aaa7c0b329", "best_bid": "0.989", "best_ask": "0.993"}], "timestamp": "1769384487167", "event_type": "price_change"}}
{"_local_timestamp": "2026-01-25T23:41:27.615719+00:00", "data": {"market": "0xe9c127a8c35f045d37b5344b0a36711084fa20c2fc1618bf178a5386f90610be", "price_changes": [{"asset_id": "80230236018433940569996058935444651347308266584430516013229815570706872276819", "price": "0.002", "size": "428.25", "side": "BUY", "hash": "044961c8c6f989f0a62e16539fdd218a7e731dca", "best_bid": "0.007", "best_ask": "0.011"}, {"asset_id": "107000426448217931795450451304515386602910396776318075817601265223856116134349", "price": "0.998", "size": "428.25", "side": "SELL", "hash": "81b598556329e8ea22f984d39ae58e786821de69", "best_bid": "0.989", "best_ask": "0.993"}], "timestamp": "1769384487539", "event_type": "price_change"}}
{"_local_timestamp": "2026-01-25T23:41:27.617890+00:00", "data": {"market": "0xe9c127a8c35f045d37b5344b0a36711084fa20c2fc1618bf178a5386f90610be", "price_changes": [{"asset_id": "80230236018433940569996058935444651347308266584430516013229815570706872276819", "price": "0.002", "size": "450.28", "side": "BUY", "hash": "60a06ba59ce490d6b0c5a2a0306df7aa632e3585", "best_bid": "0.007", "best_ask": "0.011"}, {"asset_id": "107000426448217931795450451304515386602910396776318075817601265223856116134349", "price": "0.998", "size": "450.28", "side": "SELL", "hash": "b9cf922b4a3548e4997f1e2892995b031dd1e861", "best_bid": "0.989", "best_ask": "0.993"}], "timestamp": "1769384487548", "event_type": "price_change"}}
{"_local_timestamp": "2026-01-25T23:41:28.703554+00:00", "data": {"market": "0xe9c127a8c35f045d37b5344b0a36711084fa20c2fc1618bf178a5386f90610be", "price_changes": [{"asset_id": "80230236018433940569996058935444651347308266584430516013229815570706872276819", "price": "0.002", "size": "428.25", "side": "BUY", "hash": "77e3e637bcc35caa479fdde816b22d344f8c6b48", "best_bid": "0.007", "best_ask": "0.011"}, {"asset_id": "107000426448217931795450451304515386602910396776318075817601265223856116134349", "price": "0.998", "size": "428.25", "side": "SELL", "hash": "4509358e17975d292e1e7ff5fda0f6528054a98c", "best_bid": "0.989", "best_ask": "0.993"}], "timestamp": "1769384488627", "event_type": "price_change"}}
{"_local_timestamp": "2026-01-25T23:41:29.573249+00:00", "data": {"market": "0xe9c127a8c35f045d37b5344b0a36711084fa20c2fc1618bf178a5386f90610be", "price_changes": [{"asset_id": "80230236018433940569996058935444651347308266584430516013229815570706872276819", "price": "0.002", "size": "406.22", "side": "BUY", "hash": "8baaab7b587631d6eb35dbaa9c6d1b29ee656730", "best_bid": "0.007", "best_ask": "0.011"}, {"asset_id": "107000426448217931795450451304515386602910396776318075817601265223856116134349", "price": "0.998", "size": "406.22", "side": "SELL", "hash": "ae89811043ac59140872f441af4ab112dd6cd6b9", "best_bid": "0.989", "best_ask": "0.993"}], "timestamp": "1769384489500", "event_type": "price_change"}}
{"_local_timestamp": "2026-01-25T23:41:29.916033+00:00", "data": {"market": "0xe9c127a8c35f045d37b5344b0a36711084fa20c2fc1618bf178a5386f90610be", "price_changes": [{"asset_id": "80230236018433940569996058935444651347308266584430516013229815570706872276819", "price": "0.002", "size": "428.25", "side": "BUY", "hash": "30b8b08e28c2906e58bbf1b60a95811e78b76531", "best_bid": "0.007", "best_ask": "0.011"}, {"asset_id": "107000426448217931795450451304515386602910396776318075817601265223856116134349", "price": "0.998", "size": "428.25", "side": "SELL", "hash": "d388de544f0db68ba44ddd9e0ff62bfc0cb1093a", "best_bid": "0.989", "best_ask": "0.993"}], "timestamp": "1769384489844", "event_type": "price_change"}}
{"_local_timestamp": "2026-01-25T23:41:29.917565+00:00", "data": {"market": "0xe9c127a8c35f045d37b5344b0a36711084fa20c2fc1618bf178a5386f90610be", "price_changes": [{"asset_id": "80230236018433940569996058935444651347308266584430516013229815570706872276819", "price": "0.002", "size": "450.28", "side": "BUY", "hash": "66a1356c9378815287d511ad2607bb768a144214", "best_bid": "0.007", "best_ask": "0.011"}, {"asset_id": "107000426448217931795450451304515386602910396776318075817601265223856116134349", "price": "0.998", "size": "450.28", "side": "SELL", "hash": "0dc44d170378a6d53a72734dc067290837e440a0", "best_bid": "0.989", "best_ask": "0.993"}], "timestamp": "1769384489848", "event_type": "price_change"}}
{"_local_timestamp": "2026-01-25T23:41:31.565765+00:00", "data": {"market": "0xe9c127a8c35f045d37b5344b0a36711084fa20c2fc1618bf178a5386f90610be", "price_changes": [{"asset_id": "80230236018433940569996058935444651347308266584430516013229815570706872276819", "price": "0.002", "size": "428.25", "side": "BUY", "hash": "fadf1162c051d590f26194ade895463c91e1129a", "best_bid": "0.007", "best_ask": "0.011"}, {"asset_id": "107000426448217931795450451304515386602910396776318075817601265223856116134349", "price": "0.998", "size": "428.25", "side": "SELL", "hash": "80ec1c69c9e27ad2632807c90810ce3d64d89ec2", "best_bid": "0.989", "best_ask": "0.993"}], "timestamp": "1769384491498", "event_type": "price_change"}}
{"_local_timestamp": "2026-01-25T23:41:33.561215+00:00", "data": {"market": "0xe9c127a8c35f045d37b5344b0a36711084fa20c2fc1618bf178a5386f90610be", "price_changes": [{"asset_id": "80230236018433940569996058935444651347308266584430516013229815570706872276819", "price": "0.002", "size": "406.22", "side": "BUY", "hash": "0d21f55024c8efcdf92c393991b8ba09f2565724", "best_bid": "0.007", "best_ask": "0.011"}, {"asset_id": "107000426448217931795450451304515386602910396776318075817601265223856116134349", "price": "0.998", "size": "406.22", "side": "SELL", "hash": "54d5ae406fc24ceb5eb9f7da405a539ae77ed68c", "best_bid": "0.989", "best_ask": "0.993"}], "timestamp": "1769384493468", "event_type": "price_change"}}
{"_local_timestamp": "2026-01-25T23:41:33.925416+00:00", "data": {"market": "0xe9c127a8c35f045d37b5344b0a36711084fa20c2fc1618bf178a5386f90610be", "price_changes": [{"asset_id": "80230236018433940569996058935444651347308266584430516013229815570706872276819", "price": "0.002", "size": "428.25", "side": "BUY", "hash": "db1356561dd967c40d7b29be49b3f79140fe3272", "best_bid": "0.007", "best_ask": "0.011"}, {"asset_id": "107000426448217931795450451304515386602910396776318075817601265223856116134349", "price": "0.998", "size": "428.25", "side": "SELL", "hash": "233fb72ed3faaf693d2f8466e2808ab69cc3e356", "best_bid": "0.989", "best_ask": "0.993"}], "timestamp": "1769384493853", "event_type": "price_change"}}
{"_local_timestamp": "2026-01-25T23:41:33.934409+00:00", "data": {"market": "0xe9c127a8c35f045d37b5344b0a36711084fa20c2fc1618bf178a5386f90610be", "price_changes": [{"asset_id": "80230236018433940569996058935444651347308266584430516013229815570706872276819", "price": "0.002", "size": "450.28", "side": "BUY", "hash": "abd60db4414062e02d9bc4c1b58b2a016a3addb6", "best_bid": "0.007", "best_ask": "0.011"}, {"asset_id": "107000426448217931795450451304515386602910396776318075817601265223856116134349", "price": "0.998", "size": "450.28", "side": "SELL", "hash": "871f57a01d331ee422a033dcb6750a9344324e9f", "best_bid": "0.989", "best_ask": "0.993"}], "timestamp": "1769384493858", "event_type": "price_change"}}
{"_local_timestamp": "2026-01-25T23:41:34.123663+00:00", "data": {"market": "0xe9c127a8c35f045d37b5344b0a36711084fa20c2fc1618bf178a5386f90610be", "price_changes": [{"asset_id": "107000426448217931795450451304515386602910396776318075817601265223856116134349", "price": "0.6", "size": "0", "side": "BUY", "hash": "07d602aaaa1d6ef322b13d1b597d2e3bc911d122", "best_bid": "0.989", "best_ask": "0.993"}, {"asset_id": "80230236018433940569996058935444651347308266584430516013229815570706872276819", "price": "0.4", "size": "0", "side": "SELL", "hash": "8f770916de0d17b23237e6c31160fd7daa5dc94f", "best_bid": "0.007", "best_ask": "0.011"}], "timestamp": "1769384494053", "event_type": "price_change"}}
{"_local_timestamp": "2026-01-25T23:41:35.592404+00:00", "data": {"market": "0xe9c127a8c35f045d37b5344b0a36711084fa20c2fc1618bf178a5386f90610be", "price_changes": [{"asset_id": "80230236018433940569996058935444651347308266584430516013229815570706872276819", "price": "0.002", "size": "428.25", "side": "BUY", "hash": "c179f76dcf9fd5857b9d104ba9b3924436eeb0c6", "best_bid": "0.007", "best_ask": "0.011"}, {"asset_id": "107000426448217931795450451304515386602910396776318075817601265223856116134349", "price": "0.998", "size": "428.25", "side": "SELL", "hash": "5155375f217792d78899e3120d20db0c0d26a523", "best_bid": "0.989", "best_ask": "0.993"}], "timestamp": "1769384495515", "event_type": "price_change"}}
{"_local_timestamp": "2026-01-25T23:41:36.183518+00:00", "data": {"market": "0xe9c127a8c35f045d37b5344b0a36711084fa20c2fc1618bf178a5386f90610be", "price_changes": [{"asset_id": "107000426448217931795450451304515386602910396776318075817601265223856116134349", "price": "0.6", "size": "30", "side": "BUY", "hash": "8c74371147c887fba1508f14608c59f7c80c1008", "best_bid": "0.989", "best_ask": "0.993"}, {"asset_id": "80230236018433940569996058935444651347308266584430516013229815570706872276819", "price": "0.4", "size": "30", "side": "SELL", "hash": "15d5fa00b0004d86b165a2cf9c39ae6c19c80274", "best_bid": "0.007", "best_ask": "0.011"}], "timestamp": "1769384496119", "event_type": "price_change"}}
{"_local_timestamp": "2026-01-25T23:41:36.463988+00:00", "data": {"market": "0xe9c127a8c35f045d37b5344b0a36711084fa20c2fc1618bf178a5386f90610be", "price_changes": [{"asset_id": "80230236018433940569996058935444651347308266584430516013229815570706872276819", "price": "0.002", "size": "406.22", "side": "BUY", "hash": "b1149005999a43fb7d203cc277c6f1b09cde4344", "best_bid": "0.007", "best_ask": "0.011"}, {"asset_id": "107000426448217931795450451304515386602910396776318075817601265223856116134349", "price": "0.998", "size": "406.22", "side": "SELL", "hash": "b05689d87577501fccdf8f34a992eb56cae93467", "best_bid": "0.989", "best_ask": "0.993"}], "timestamp": "1769384496395", "event_type": "price_change"}}
{"_local_timestamp": "2026-01-25T23:41:37.019217+00:00", "data": {"market": "0xe9c127a8c35f045d37b5344b0a36711084fa20c2fc1618bf178a5386f90610be", "price_changes": [{"asset_id": "80230236018433940569996058935444651347308266584430516013229815570706872276819", "price": "0.002", "size": "428.25", "side": "BUY", "hash": "21204f90a56b5ed1b4c52dceb0fce3fb5bbc7415", "best_bid": "0.007", "best_ask": "0.011"}, {"asset_id": "107000426448217931795450451304515386602910396776318075817601265223856116134349", "price": "0.998", "size": "428.25", "side": "SELL", "hash": "71907a6a2508045934830cdc7528230f72b5881c", "best_bid": "0.989", "best_ask": "0.993"}], "timestamp": "1769384496935", "event_type": "price_change"}}
{"_local_timestamp": "2026-01-25T23:41:37.021102+00:00", "data": {"market": "0xe9c127a8c35f045d37b5344b0a36711084fa20c2fc1618bf178a5386f90610be", "price_changes": [{"asset_id": "80230236018433940569996058935444651347308266584430516013229815570706872276819", "price": "0.002", "size": "450.28", "side": "BUY", "hash": "8f25989c9f701f20160630465cdbd8557c993cd8", "best_bid": "0.007", "best_ask": "0.011"}, {"asset_id": "107000426448217931795450451304515386602910396776318075817601265223856116134349", "price": "0.998", "size": "450.28", "side": "SELL", "hash": "63743549fb3e94c14f88617eb471d7d6565c94f0", "best_bid": "0.989", "best_ask": "0.993"}], "timestamp": "1769384496939", "event_type": "price_change"}}
{"_local_timestamp": "2026-01-25T23:41:38.254068+00:00", "data": {"market": "0xe9c127a8c35f045d37b5344b0a36711084fa20c2fc1618bf178a5386f90610be", "price_changes": [{"asset_id": "80230236018433940569996058935444651347308266584430516013229815570706872276819", "price": "0.002", "size": "428.25", "side": "BUY", "hash": "a7cc993ff9b9bbe012870c5e02de0e5fd1bda89f", "best_bid": "0.007", "best_ask": "0.011"}, {"asset_id": "107000426448217931795450451304515386602910396776318075817601265223856116134349", "price": "0.998", "size": "428.25", "side": "SELL", "hash": "c0b5c13c489060ae86f9e41872cb19d9d077bcca", "best_bid": "0.989", "best_ask": "0.993"}], "timestamp": "1769384498183", "event_type": "price_change"}}
{"_local_timestamp": "2026-01-25T23:41:39.285909+00:00", "data": {"market": "0xe9c127a8c35f045d37b5344b0a36711084fa20c2fc1618bf178a5386f90610be", "price_changes": [{"asset_id": "80230236018433940569996058935444651347308266584430516013229815570706872276819", "price": "0.002", "size": "406.22", "side": "BUY", "hash": "0777ae55ac23975b7a8e596fe013742a40a5e140", "best_bid": "0.007", "best_ask": "0.011"}, {"asset_id": "107000426448217931795450451304515386602910396776318075817601265223856116134349", "price": "0.998", "size": "406.22", "side": "SELL", "hash": "e7831653184d638393f9575fd0fb212d9b5e7506", "best_bid": "0.989", "best_ask": "0.993"}], "timestamp": "1769384499212", "event_type": "price_change"}}
{"_local_timestamp": "2026-01-25T23:41:39.681632+00:00", "data": {"market": "0xe9c127a8c35f045d37b5344b0a36711084fa20c2fc1618bf178a5386f90610be", "price_changes": [{"asset_id": "80230236018433940569996058935444651347308266584430516013229815570706872276819", "price": "0.002", "size": "428.25", "side": "BUY", "hash": "9fcaaa3a3942e3f79d07c2b02ec6316df89b1d64", "best_bid": "0.007", "best_ask": "0.011"}, {"asset_id": "107000426448217931795450451304515386602910396776318075817601265223856116134349", "price": "0.998", "size": "428.25", "side": "SELL", "hash": "8373f093364d7221563ad46b2ea4d75429bbb708", "best_bid": "0.989", "best_ask": "0.993"}], "timestamp": "1769384499592", "event_type": "price_change"}}
{"_local_timestamp": "2026-01-25T23:41:39.683282+00:00", "data": {"market": "0xe9c127a8c35f045d37b5344b0a36711084fa20c2fc1618bf178a5386f90610be", "price_changes": [{"asset_id": "80230236018433940569996058935444651347308266584430516013229815570706872276819", "price": "0.002", "size": "450.28", "side": "BUY", "hash": "1519b97c78cece95bfb593818972f936fdd646ff", "best_bid": "0.007", "best_ask": "0.011"}, {"asset_id": "107000426448217931795450451304515386602910396776318075817601265223856116134349", "price": "0.998", "size": "450.28", "side": "SELL", "hash": "6f7c21fdae3e1f1b5ac37a4e92399b0a479b3278", "best_bid": "0.989", "best_ask": "0.993"}], "timestamp": "1769384499600", "event_type": "price_change"}}
{"_local_timestamp": "2026-01-25T23:41:40.980577+00:00", "data": {"market": "0xe9c127a8c35f045d37b5344b0a36711084fa20c2fc1618bf178a5386f90610be", "price_changes": [{"asset_id": "80230236018433940569996058935444651347308266584430516013229815570706872276819", "price": "0.002", "size": "428.25", "side": "BUY", "hash": "8b858bfd25cb5201c3c244a7c8c36f626d7ac50e", "best_bid": "0.007", "best_ask": "0.011"}, {"asset_id": "107000426448217931795450451304515386602910396776318075817601265223856116134349", "price": "0.998", "size": "428.25", "side": "SELL", "hash": "000547d3e5edacabb681f244ab42a2bd4757cd98", "best_bid": "0.989", "best_ask": "0.993"}], "timestamp": "1769384500913", "event_type": "price_change"}}
{"_local_timestamp": "2026-01-25T23:41:41.849316+00:00", "data": {"market": "0xe9c127a8c35f045d37b5344b0a36711084fa20c2fc1618bf178a5386f90610be", "price_changes": [{"asset_id": "80230236018433940569996058935444651347308266584430516013229815570706872276819", "price": "0.002", "size": "406.22", "side": "BUY", "hash": "c6623a4ea8dda085e55738481f45aae9381b6c5c", "best_bid": "0.007", "best_ask": "0.011"}, {"asset_id": "107000426448217931795450451304515386602910396776318075817601265223856116134349", "price": "0.998", "size": "406.22", "side": "SELL", "hash": "3141f692d78fc4f9652b1e5e19721f01f31cc051", "best_bid": "0.989", "best_ask": "0.993"}], "timestamp": "1769384501769", "event_type": "price_change"}}
{"_local_timestamp": "2026-01-25T23:41:42.160856+00:00", "data": {"market": "0xe9c127a8c35f045d37b5344b0a36711084fa20c2fc1618bf178a5386f90610be", "price_changes": [{"asset_id": "80230236018433940569996058935444651347308266584430516013229815570706872276819", "price": "0.002", "size": "428.25", "side": "BUY", "hash": "d80eabd9280b135c65d7315429ae60cf3c0d5621", "best_bid": "0.007", "best_ask": "0.011"}, {"asset_id": "107000426448217931795450451304515386602910396776318075817601265223856116134349", "price": "0.998", "size": "428.25", "side": "SELL", "hash": "fc0bf18858470594ce52da2b1196b7c592bbc87f", "best_bid": "0.989", "best_ask": "0.993"}], "timestamp": "1769384502092", "event_type": "price_change"}}
{"_local_timestamp": "2026-01-25T23:41:42.165828+00:00", "data": {"market": "0xe9c127a8c35f045d37b5344b0a36711084fa20c2fc1618bf178a5386f90610be", "price_changes": [{"asset_id": "80230236018433940569996058935444651347308266584430516013229815570706872276819", "price": "0.002", "size": "450.28", "side": "BUY", "hash": "475609a7cb3e06303f23c785456f73637c68741c", "best_bid": "0.007", "best_ask": "0.011"}, {"asset_id": "107000426448217931795450451304515386602910396776318075817601265223856116134349", "price": "0.998", "size": "450.28", "side": "SELL", "hash": "f7e7d0fd64d906cc9d7c2cbb3c417203e4b5f424", "best_bid": "0.989", "best_ask": "0.993"}], "timestamp": "1769384502096", "event_type": "price_change"}}
{"_local_timestamp": "2026-01-25T23:41:43.265505+00:00", "data": {"market": "0xe9c127a8c35f045d37b5344b0a36711084fa20c2fc1618bf178a5386f90610be", "price_changes": [{"asset_id": "80230236018433940569996058935444651347308266584430516013229815570706872276819", "price": "0.002", "size": "428.25", "side": "BUY", "hash": "e847b1fc8807ab40a29b621e978e412ddcce047b", "best_bid": "0.007", "best_ask": "0.011"}, {"asset_id": "107000426448217931795450451304515386602910396776318075817601265223856116134349", "price": "0.998", "size": "428.25", "side": "SELL", "hash": "d45676d0a66c2ae7286e0d2ba89f3427625f98f2", "best_bid": "0.989", "best_ask": "0.993"}], "timestamp": "1769384503189", "event_type": "price_change"}}
{"_local_timestamp": "2026-01-25T23:41:44.126439+00:00", "data": {"market": "0xe9c127a8c35f045d37b5344b0a36711084fa20c2fc1618bf178a5386f90610be", "price_changes": [{"asset_id": "80230236018433940569996058935444651347308266584430516013229815570706872276819", "price": "0.002", "size": "406.22", "side": "BUY", "hash": "ba85e136403eba34ecb33f1528ff276e2fff1978", "best_bid": "0.007", "best_ask": "0.011"}, {"asset_id": "107000426448217931795450451304515386602910396776318075817601265223856116134349", "price": "0.998", "size": "406.22", "side": "SELL", "hash": "5109a5c8fe81a705ac5e3363f83b8b0ab048ea1e", "best_bid": "0.989", "best_ask": "0.993"}], "timestamp": "1769384504060", "event_type": "price_change"}}
{"_local_timestamp": "2026-01-25T23:41:44.411029+00:00", "data": {"market": "0xe9c127a8c35f045d37b5344b0a36711084fa20c2fc1618bf178a5386f90610be", "price_changes": [{"asset_id": "80230236018433940569996058935444651347308266584430516013229815570706872276819", "price": "0.002", "size": "428.25", "side": "BUY", "hash": "2a310ef76270189f361c41172ead174c8477ffc1", "best_bid": "0.007", "best_ask": "0.011"}, {"asset_id": "107000426448217931795450451304515386602910396776318075817601265223856116134349", "price": "0.998", "size": "428.25", "side": "SELL", "hash": "17190bb28eaabdc4ed2e009dca2f3491b15bd960", "best_bid": "0.989", "best_ask": "0.993"}], "timestamp": "1769384504329", "event_type": "price_change"}}
{"_local_timestamp": "2026-01-25T23:41:44.412627+00:00", "data": {"market": "0xe9c127a8c35f045d37b5344b0a36711084fa20c2fc1618bf178a5386f90610be", "price_changes": [{"asset_id": "80230236018433940569996058935444651347308266584430516013229815570706872276819", "price": "0.002", "size": "450.28", "side": "BUY", "hash": "f0df2375575a3b8e9110ba6a1ee146e88e468341", "best_bid": "0.007", "best_ask": "0.011"}, {"asset_id": "107000426448217931795450451304515386602910396776318075817601265223856116134349", "price": "0.998", "size": "450.28", "side": "SELL", "hash": "fec2199b675dc1cae9067b33de4eaf4cce3de188", "best_bid": "0.989", "best_ask": "0.993"}], "timestamp": "1769384504334", "event_type": "price_change"}}
{"_local_timestamp": "2026-01-25T23:41:45.982368+00:00", "data": {"market": "0xe9c127a8c35f045d37b5344b0a36711084fa20c2fc1618bf178a5386f90610be", "price_changes": [{"asset_id": "80230236018433940569996058935444651347308266584430516013229815570706872276819", "price": "0.002", "size": "428.25", "side": "BUY", "hash": "a81d30fbc86770d1761c272484593ec62c1adeb7", "best_bid": "0.007", "best_ask": "0.011"}, {"asset_id": "107000426448217931795450451304515386602910396776318075817601265223856116134349", "price": "0.998", "size": "428.25", "side": "SELL", "hash": "13bdffacc2d774d808bfd93f8084e2cb6dd8d6f6", "best_bid": "0.989", "best_ask": "0.993"}], "timestamp": "1769384505907", "event_type": "price_change"}}
{"_local_timestamp": "2026-01-25T23:41:46.923138+00:00", "data": {"market": "0xe9c127a8c35f045d37b5344b0a36711084fa20c2fc1618bf178a5386f90610be", "price_changes": [{"asset_id": "80230236018433940569996058935444651347308266584430516013229815570706872276819", "price": "0.002", "size": "406.22", "side": "BUY", "hash": "9031a18f061c65552a9714fffb015a6bbd130d90", "best_bid": "0.007", "best_ask": "0.011"}, {"asset_id": "107000426448217931795450451304515386602910396776318075817601265223856116134349", "price": "0.998", "size": "406.22", "side": "SELL", "hash": "f3eb2360d73d69ea1053a044819d94345cb24646", "best_bid": "0.989", "best_ask": "0.993"}], "timestamp": "1769384506847", "event_type": "price_change"}}
{"_local_timestamp": "2026-01-25T23:41:47.352546+00:00", "data": {"market": "0xe9c127a8c35f045d37b5344b0a36711084fa20c2fc1618bf178a5386f90610be", "price_changes": [{"asset_id": "80230236018433940569996058935444651347308266584430516013229815570706872276819", "price": "0.002", "size": "428.25", "side": "BUY", "hash": "694fda721bc900978385338dec66af8265c69e9c", "best_bid": "0.007", "best_ask": "0.011"}, {"asset_id": "107000426448217931795450451304515386602910396776318075817601265223856116134349", "price": "0.998", "size": "428.25", "side": "SELL", "hash": "f8be1824d073856cd8644f5cc2a94255970a8ea1", "best_bid": "0.989", "best_ask": "0.993"}], "timestamp": "1769384507273", "event_type": "price_change"}}
{"_local_timestamp": "2026-01-25T23:41:47.354090+00:00", "data": {"market": "0xe9c127a8c35f045d37b5344b0a36711084fa20c2fc1618bf178a5386f90610be", "price_changes": [{"asset_id": "80230236018433940569996058935444651347308266584430516013229815570706872276819", "price": "0.002", "size": "450.28", "side": "BUY", "hash": "f936a5f8ce3573e9d6265c42ae9838251d3e0e59", "best_bid": "0.007", "best_ask": "0.011"}, {"asset_id": "107000426448217931795450451304515386602910396776318075817601265223856116134349", "price": "0.998", "size": "450.28", "side": "SELL", "hash": "e53318040586851068326b656129038193ca687a", "best_bid": "0.989", "best_ask": "0.993"}], "timestamp": "1769384507277", "event_type": "price_change"}}
{"_local_timestamp": "2026-01-25T23:41:48.563123+00:00", "data": {"market": "0xe9c127a8c35f045d37b5344b0a36711084fa20c2fc1618bf178a5386f90610be", "price_changes": [{"asset_id": "80230236018433940569996058935444651347308266584430516013229815570706872276819", "price": "0.002", "size": "428.25", "side": "BUY", "hash": "b3449e7157810907144384d3112ead463ef3b1c0", "best_bid": "0.007", "best_ask": "0.011"}, {"asset_id": "107000426448217931795450451304515386602910396776318075817601265223856116134349", "price": "0.998", "size": "428.25", "side": "SELL", "hash": "9ada0ef36a939f50c365f1c4c67d4cfe4e700dd4", "best_bid": "0.989", "best_ask": "0.993"}], "timestamp": "1769384508492", "event_type": "price_change"}}
{"_local_timestamp": "2026-01-25T23:41:50.351385+00:00", "data": {"market": "0xe9c127a8c35f045d37b5344b0a36711084fa20c2fc1618bf178a5386f90610be", "price_changes": [{"asset_id": "80230236018433940569996058935444651347308266584430516013229815570706872276819", "price": "0.002", "size": "406.22", "side": "BUY", "hash": "5df62ef770a672c59600d9f29f66c61035a1ebbe", "best_bid": "0.007", "best_ask": "0.011"}, {"asset_id": "107000426448217931795450451304515386602910396776318075817601265223856116134349", "price": "0.998", "size": "406.22", "side": "SELL", "hash": "ff66414812d7c4c096e0b215f5fd4d78221b8804", "best_bid": "0.989", "best_ask": "0.993"}], "timestamp": "1769384510281", "event_type": "price_change"}}
{"_local_timestamp": "2026-01-25T23:41:50.707483+00:00", "data": {"market": "0xe9c127a8c35f045d37b5344b0a36711084fa20c2fc1618bf178a5386f90610be", "price_changes": [{"asset_id": "80230236018433940569996058935444651347308266584430516013229815570706872276819", "price": "0.002", "size": "428.25", "side": "BUY", "hash": "d3cc1e6e7e8d95fd04aea6d24017161349df53c7", "best_bid": "0.007", "best_ask": "0.011"}, {"asset_id": "107000426448217931795450451304515386602910396776318075817601265223856116134349", "price": "0.998", "size": "428.25", "side": "SELL", "hash": "f403d82e9b88f06951eefc0c96656a14e40a05da", "best_bid": "0.989", "best_ask": "0.993"}], "timestamp": "1769384510640", "event_type": "price_change"}}
{"_local_timestamp": "2026-01-25T23:41:50.716785+00:00", "data": {"market": "0xe9c127a8c35f045d37b5344b0a36711084fa20c2fc1618bf178a5386f90610be", "price_changes": [{"asset_id": "80230236018433940569996058935444651347308266584430516013229815570706872276819", "price": "0.002", "size": "450.28", "side": "BUY", "hash": "6b179f1af91609e06e509d492209c9062f5caf91", "best_bid": "0.007", "best_ask": "0.011"}, {"asset_id": "107000426448217931795450451304515386602910396776318075817601265223856116134349", "price": "0.998", "size": "450.28", "side": "SELL", "hash": "f2c68119d6a1e4372454bbd155b0f61156509592", "best_bid": "0.989", "best_ask": "0.993"}], "timestamp": "1769384510645", "event_type": "price_change"}}
{"_local_timestamp": "2026-01-25T23:41:51.167571+00:00", "data": {"market": "0xe9c127a8c35f045d37b5344b0a36711084fa20c2fc1618bf178a5386f90610be", "price_changes": [{"asset_id": "80230236018433940569996058935444651347308266584430516013229815570706872276819", "price": "0.002", "size": "428.25", "side": "BUY", "hash": "dbfd2024a5597d1c4ccc4bf357fa1e479d908eb3", "best_bid": "0.007", "best_ask": "0.011"}, {"asset_id": "107000426448217931795450451304515386602910396776318075817601265223856116134349", "price": "0.998", "size": "428.25", "side": "SELL", "hash": "9fad9318ce4cdeb94d431952fd4c6a3a7b08b9dc", "best_bid": "0.989", "best_ask": "0.993"}], "timestamp": "1769384511070", "event_type": "price_change"}}
{"_local_timestamp": "2026-01-25T23:41:52.023280+00:00", "data": {"market": "0xe9c127a8c35f045d37b5344b0a36711084fa20c2fc1618bf178a5386f90610be", "price_changes": [{"asset_id": "80230236018433940569996058935444651347308266584430516013229815570706872276819", "price": "0.002", "size": "406.22", "side": "BUY", "hash": "bfadcd84a6221b555f064474a8a03a551b9d7363", "best_bid": "0.007", "best_ask": "0.011"}, {"asset_id": "107000426448217931795450451304515386602910396776318075817601265223856116134349", "price": "0.998", "size": "406.22", "side": "SELL", "hash": "90ee4188a7c296c8298473071b1e138be96aea13", "best_bid": "0.989", "best_ask": "0.993"}], "timestamp": "1769384511939", "event_type": "price_change"}}
{"_local_timestamp": "2026-01-25T23:41:52.378284+00:00", "data": {"market": "0xe9c127a8c35f045d37b5344b0a36711084fa20c2fc1618bf178a5386f90610be", "price_changes": [{"asset_id": "80230236018433940569996058935444651347308266584430516013229815570706872276819", "price": "0.002", "size": "428.25", "side": "BUY", "hash": "d02a8929b9fc228fec84df7caf9ff19d51c5838f", "best_bid": "0.007", "best_ask": "0.011"}, {"asset_id": "107000426448217931795450451304515386602910396776318075817601265223856116134349", "price": "0.998", "size": "428.25", "side": "SELL", "hash": "d78be2927b81b8c2144025ed32c35e212f962702", "best_bid": "0.989", "best_ask": "0.993"}], "timestamp": "1769384512305", "event_type": "price_change"}}
{"_local_timestamp": "2026-01-25T23:41:52.393308+00:00", "data": {"market": "0xe9c127a8c35f045d37b5344b0a36711084fa20c2fc1618bf178a5386f90610be", "price_changes": [{"asset_id": "80230236018433940569996058935444651347308266584430516013229815570706872276819", "price": "0.002", "size": "450.28", "side": "BUY", "hash": "c69fcb8940138571cf6b26919ad93a1d630fc9b6", "best_bid": "0.007", "best_ask": "0.011"}, {"asset_id": "107000426448217931795450451304515386602910396776318075817601265223856116134349", "price": "0.998", "size": "450.28", "side": "SELL", "hash": "5acec01d6723f67e3b3f5642e731153fcf2ebb1f", "best_bid": "0.989", "best_ask": "0.993"}], "timestamp": "1769384512314", "event_type": "price_change"}}
{"_local_timestamp": "2026-01-25T23:41:53.767021+00:00", "data": {"market": "0xe9c127a8c35f045d37b5344b0a36711084fa20c2fc1618bf178a5386f90610be", "price_changes": [{"asset_id": "80230236018433940569996058935444651347308266584430516013229815570706872276819", "price": "0.002", "size": "428.25", "side": "BUY", "hash": "fffa476ea8f4daccec4b4e8973dc568055451edc", "best_bid": "0.007", "best_ask": "0.011"}, {"asset_id": "107000426448217931795450451304515386602910396776318075817601265223856116134349", "price": "0.998", "size": "428.25", "side": "SELL", "hash": "a0ce73f7529996b36144395bf764d20a1ffed472", "best_bid": "0.989", "best_ask": "0.993"}], "timestamp": "1769384513698", "event_type": "price_change"}}
{"_local_timestamp": "2026-01-25T23:41:54.672612+00:00", "data": {"market": "0xe9c127a8c35f045d37b5344b0a36711084fa20c2fc1618bf178a5386f90610be", "price_changes": [{"asset_id": "80230236018433940569996058935444651347308266584430516013229815570706872276819", "price": "0.002", "size": "406.22", "side": "BUY", "hash": "1f9ee519a1bcbf26e0cb85b912f65c196f5182e7", "best_bid": "0.007", "best_ask": "0.011"}, {"asset_id": "107000426448217931795450451304515386602910396776318075817601265223856116134349", "price": "0.998", "size": "406.22", "side": "SELL", "hash": "a5bf8ae5f260e65830c6096c24b97d31e893879d", "best_bid": "0.989", "best_ask": "0.993"}], "timestamp": "1769384514597", "event_type": "price_change"}}
{"_local_timestamp": "2026-01-25T23:41:55.023357+00:00", "data": {"market": "0xe9c127a8c35f045d37b5344b0a36711084fa20c2fc1618bf178a5386f90610be", "price_changes": [{"asset_id": "80230236018433940569996058935444651347308266584430516013229815570706872276819", "price": "0.002", "size": "428.25", "side": "BUY", "hash": "dd70390dca40a8d27b47fc16469054c660a7c535", "best_bid": "0.007", "best_ask": "0.011"}, {"asset_id": "107000426448217931795450451304515386602910396776318075817601265223856116134349", "price": "0.998", "size": "428.25", "side": "SELL", "hash": "1c16a6f463b37621ad6049862fcd594f29c56607", "best_bid": "0.989", "best_ask": "0.993"}], "timestamp": "1769384514955", "event_type": "price_change"}}
{"_local_timestamp": "2026-01-25T23:41:55.035901+00:00", "data": {"market": "0xe9c127a8c35f045d37b5344b0a36711084fa20c2fc1618bf178a5386f90610be", "price_changes": [{"asset_id": "80230236018433940569996058935444651347308266584430516013229815570706872276819", "price": "0.002", "size": "450.28", "side": "BUY", "hash": "727d04be7f398ba02f40afab5696c1eeb73659a9", "best_bid": "0.007", "best_ask": "0.011"}, {"asset_id": "107000426448217931795450451304515386602910396776318075817601265223856116134349", "price": "0.998", "size": "450.28", "side": "SELL", "hash": "b980af6864abbe40a76f4e404a422756d035634b", "best_bid": "0.989", "best_ask": "0.993"}], "timestamp": "1769384514960", "event_type": "price_change"}}
{"_local_timestamp": "2026-01-25T23:41:56.446826+00:00", "data": {"market": "0xe9c127a8c35f045d37b5344b0a36711084fa20c2fc1618bf178a5386f90610be", "price_changes": [{"asset_id": "80230236018433940569996058935444651347308266584430516013229815570706872276819", "price": "0.002", "size": "428.25", "side": "BUY", "hash": "0503fe19de05688ada1854289209702bd070d3c6", "best_bid": "0.007", "best_ask": "0.011"}, {"asset_id": "107000426448217931795450451304515386602910396776318075817601265223856116134349", "price": "0.998", "size": "428.25", "side": "SELL", "hash": "f7315a696a2a738e99a3abddcab8d3f8ba73ceab", "best_bid": "0.989", "best_ask": "0.993"}], "timestamp": "1769384516372", "event_type": "price_change"}}
{"_local_timestamp": "2026-01-25T23:41:57.324222+00:00", "data": {"market": "0xe9c127a8c35f045d37b5344b0a36711084fa20c2fc1618bf178a5386f90610be", "price_changes": [{"asset_id": "80230236018433940569996058935444651347308266584430516013229815570706872276819", "price": "0.002", "size": "406.22", "side": "BUY", "hash": "4aab7c8bcd21cbb2eb73b34432f553ee070c2513", "best_bid": "0.007", "best_ask": "0.011"}, {"asset_id": "107000426448217931795450451304515386602910396776318075817601265223856116134349", "price": "0.998", "size": "406.22", "side": "SELL", "hash": "e4dfff71a83c7e909fab779eb5ebb6eca50cf5ef", "best_bid": "0.989", "best_ask": "0.993"}], "timestamp": "1769384517248", "event_type": "price_change"}}
{"_local_timestamp": "2026-01-25T23:41:57.801748+00:00", "data": {"market": "0xe9c127a8c35f045d37b5344b0a36711084fa20c2fc1618bf178a5386f90610be", "price_changes": [{"asset_id": "80230236018433940569996058935444651347308266584430516013229815570706872276819", "price": "0.002", "size": "428.25", "side": "BUY", "hash": "654cd0a9ea619816aead5dfdc941ca603ae469fc", "best_bid": "0.007", "best_ask": "0.011"}, {"asset_id": "107000426448217931795450451304515386602910396776318075817601265223856116134349", "price": "0.998", "size": "428.25", "side": "SELL", "hash": "cd29f35648af70ac2f426d7294381775a4d95954", "best_bid": "0.989", "best_ask": "0.993"}], "timestamp": "1769384517727", "event_type": "price_change"}}
{"_local_timestamp": "2026-01-25T23:41:57.803537+00:00", "data": {"market": "0xe9c127a8c35f045d37b5344b0a36711084fa20c2fc1618bf178a5386f90610be", "price_changes": [{"asset_id": "80230236018433940569996058935444651347308266584430516013229815570706872276819", "price": "0.002", "size": "450.28", "side": "BUY", "hash": "54067f1c347417f56a60ec49bade746a80e34868", "best_bid": "0.007", "best_ask": "0.011"}, {"asset_id": "107000426448217931795450451304515386602910396776318075817601265223856116134349", "price": "0.998", "size": "450.28", "side": "SELL", "hash": "cc81e30530574f94a7066d08e8d805e52dd83825", "best_bid": "0.989", "best_ask": "0.993"}], "timestamp": "1769384517731", "event_type": "price_change"}}
{"_local_timestamp": "2026-01-25T23:41:59.039618+00:00", "data": {"market": "0xe9c127a8c35f045d37b5344b0a36711084fa20c2fc1618bf178a5386f90610be", "price_changes": [{"asset_id": "80230236018433940569996058935444651347308266584430516013229815570706872276819", "price": "0.002", "size": "428.25", "side": "BUY", "hash": "cb706692fcb0865258722b48ceb58a6c8f11e0a1", "best_bid": "0.007", "best_ask": "0.011"}, {"asset_id": "107000426448217931795450451304515386602910396776318075817601265223856116134349", "price": "0.998", "size": "428.25", "side": "SELL", "hash": "e14a995c654273b6b639c3cf038aee2f62775132", "best_bid": "0.989", "best_ask": "0.993"}], "timestamp": "1769384518969", "event_type": "price_change"}}
{"_local_timestamp": "2026-01-25T23:42:00.761612+00:00", "data": {"market": "0xe9c127a8c35f045d37b5344b0a36711084fa20c2fc1618bf178a5386f90610be", "price_changes": [{"asset_id": "80230236018433940569996058935444651347308266584430516013229815570706872276819", "price": "0.002", "size": "406.22", "side": "BUY", "hash": "3b79bc787da50e92a2907abf2a45124a3529f6d7", "best_bid": "0.007", "best_ask": "0.011"}, {"asset_id": "107000426448217931795450451304515386602910396776318075817601265223856116134349", "price": "0.998", "size": "406.22", "side": "SELL", "hash": "7957e3e652c4e7be2b4db6c23fa8750938c19a19", "best_bid": "0.989", "best_ask": "0.993"}], "timestamp": "1769384520688", "event_type": "price_change"}}
{"_local_timestamp": "2026-01-25T23:42:01.116015+00:00", "data": {"market": "0xe9c127a8c35f045d37b5344b0a36711084fa20c2fc1618bf178a5386f90610be", "price_changes": [{"asset_id": "80230236018433940569996058935444651347308266584430516013229815570706872276819", "price": "0.002", "size": "428.25", "side": "BUY", "hash": "9d23f57b1669c03785e6b94262f67f05e51b5c87", "best_bid": "0.007", "best_ask": "0.011"}, {"asset_id": "107000426448217931795450451304515386602910396776318075817601265223856116134349", "price": "0.998", "size": "428.25", "side": "SELL", "hash": "7d6ac10a45421f262cf5c0a1e193a32ad23c635e", "best_bid": "0.989", "best_ask": "0.993"}], "timestamp": "1769384521026", "event_type": "price_change"}}
{"_local_timestamp": "2026-01-25T23:42:01.120725+00:00", "data": {"market": "0xe9c127a8c35f045d37b5344b0a36711084fa20c2fc1618bf178a5386f90610be", "price_changes": [{"asset_id": "80230236018433940569996058935444651347308266584430516013229815570706872276819", "price": "0.002", "size": "450.28", "side": "BUY", "hash": "4408d882d3ff4786de195c6a04aaaa4ce7fcb340", "best_bid": "0.007", "best_ask": "0.011"}, {"asset_id": "107000426448217931795450451304515386602910396776318075817601265223856116134349", "price": "0.998", "size": "450.28", "side": "SELL", "hash": "cddde1b3dd7ed719c3b7a8b5416834cb64854527", "best_bid": "0.989", "best_ask": "0.993"}], "timestamp": "1769384521030", "event_type": "price_change"}}
{"_local_timestamp": "2026-01-25T23:42:02.274326+00:00", "data": {"market": "0xe9c127a8c35f045d37b5344b0a36711084fa20c2fc1618bf178a5386f90610be", "price_changes": [{"asset_id": "80230236018433940569996058935444651347308266584430516013229815570706872276819", "price": "0.002", "size": "428.25", "side": "BUY", "hash": "db1acedc74a55aa1654c9659af0536d27509662b", "best_bid": "0.007", "best_ask": "0.011"}, {"asset_id": "107000426448217931795450451304515386602910396776318075817601265223856116134349", "price": "0.998", "size": "428.25", "side": "SELL", "hash": "2fae68bbebdb3fefc2054138318381055caf0780", "best_bid": "0.989", "best_ask": "0.993"}], "timestamp": "1769384522203", "event_type": "price_change"}}
{"_local_timestamp": "2026-01-25T23:42:03.575419+00:00", "data": {"market": "0xe9c127a8c35f045d37b5344b0a36711084fa20c2fc1618bf178a5386f90610be", "price_changes": [{"asset_id": "80230236018433940569996058935444651347308266584430516013229815570706872276819", "price": "0.002", "size": "406.22", "side": "BUY", "hash": "02aeeb8131606ce6cb6384019e78fa8e2b9b5a81", "best_bid": "0.007", "best_ask": "0.011"}, {"asset_id": "107000426448217931795450451304515386602910396776318075817601265223856116134349", "price": "0.998", "size": "406.22", "side": "SELL", "hash": "a84a0815832b453181841ef430430c470948523b", "best_bid": "0.989", "best_ask": "0.993"}], "timestamp": "1769384523503", "event_type": "price_change"}}
{"_local_timestamp": "2026-01-25T23:42:03.853203+00:00", "data": {"market": "0xe9c127a8c35f045d37b5344b0a36711084fa20c2fc1618bf178a5386f90610be", "price_changes": [{"asset_id": "80230236018433940569996058935444651347308266584430516013229815570706872276819", "price": "0.002", "size": "428.25", "side": "BUY", "hash": "479938f79608cb64c93cf6fe6dc1520147c582d5", "best_bid": "0.007", "best_ask": "0.011"}, {"asset_id": "107000426448217931795450451304515386602910396776318075817601265223856116134349", "price": "0.998", "size": "428.25", "side": "SELL", "hash": "6e0e6545d7706909f592aae27178c1294473bcef", "best_bid": "0.989", "best_ask": "0.993"}], "timestamp": "1769384523784", "event_type": "price_change"}}
