{"_local_timestamp": "2026-01-25T23:33:21.349588+00:00", "data": [{"market": "0x09bd898af149ff142f72abd30709dadf4fedafcce3b00ef37fd62a733063d7c9", "asset_id": "17540726999074768109459325330147925578223846904053718101370100723042933774840", "timestamp": "1769383859049", "hash": "744da30b54a88858925714ffbe38ced2288badd9", "bids": [{"price": "0.01", "size": "110000"}, {"price": "0.02", "size": "13472.51"}, {"price": "0.03", "size": "4282.76"}, {"price": "0.04", "size": "23402.67"}, {"price": "0.05", "size": "6807.47"}, {"price": "0.06", "size": "2845"}], "asks": [{"price": "0.99", "size": "215314.35"}, {"price": "0.98", "size": "3500"}, {"price": "0.97", "size": "13200"}, {"price": "0.96", "size": "1264.23"}, {"price": "0.95", "size": "3030"}, {"price": "0.94", "size": "6633"}, {"price": "0.91", "size": "400"}, {"price": "0.9", "size": "6.27"}, {"price": "0.89", "size": "250"}, {"price": "0.88", "size": "550"}, {"price": "0.86", "size": "242.85"}, {"price": "0.81", "size": "168.42"}, {"price": "0.8", "size": "700"}, {"price": "0.77", "size": "844"}, {"price": "0.76", "size": "116.66"}, {"price": "0.75", "size": "250"}, {"price": "0.74", "size": "300"}, {"price": "0.73", "size": "1804"}, {"price": "0.72", "size": "24.01"}, {"price": "0.71", "size": "89.65"}, {"price": "0.7", "size": "300"}, {"price": "0.67", "size": "72.72"}, {"price": "0.66", "size": "50"}, {"price": "0.62", "size": "52.63"}, {"price": "0.56", "size": "234.02"}, {"price": "0.55", "size": "1392"}, {"price": "0.35", "size": "568.04"}, {"price": "0.33", "size": "200"}, {"price": "0.3", "size": "500"}, {"price": "0.29", "size": "300"}, {"price": "0.28", "size": "100"}, {"price": "0.26", "size": "219.23"}, {"price": "0.25", "size": "142.07"}, {"price": "0.24", "size": "330"}, {"price": "0.23", "size": "296.2"}, {"price": "0.22", "size": "6"}, {"price": "0.21", "size": "200"}, {"price": "0.2", "size": "590"}, {"price": "0.19", "size": "216"}, {"price": "0.18", "size": "678.77"}, {"price": "0.16", "size": "6"}, {"price": "0.15", "size": "1575.4"}, {"price": "0.14", "size": "5039.7"}, {"price": "0.13", "size": "113"}, {"price": "0.1", "size": "1227.72"}, {"price": "0.09", "size": "889.91"}, {"price": "0.08", "size": "2592.97"}, {"price": "0.07", "size": "1479.95"}], "event_type": "book", "last_trade_price": "0.930"}, {"market": "0x09bd898af149ff142f72abd30709dadf4fedafcce3b00ef37fd62a733063d7c9", "asset_id": "23292838992754288443599105453645327195065821436549655583078911490396768004449", "timestamp": "1769383859049", "hash": "0195b51c6d4fc526a742bdb39303c74a1f74cd7f", "bids": [{"price": "0.01", "size": "215314.35"}, {"price": "0.02", "size": "3500"}, {"price": "0.03", "size": "13200"}, {"price": "0.04", "size": "1264.23"}, {"price": "0.05", "size": "3030"}, {"price": "0.06", "size": "6633"}, {"price": "0.09", "size": "400"}, {"price": "0.1", "size": "6.27"}, {"price": "0.11", "size": "250"}, {"price": "0.12", "size": "550"}, {"price": "0.14", "size": "242.85"}, {"price": "0.19", "size": "168.42"}, {"price": "0.2", "size": "700"}, {"price": "0.23", "size": "844"}, {"price": "0.24", "size": "116.66"}, {"price": "0.25", "size": "250"}, {"price": "0.26", "size": "300"}, {"price": "0.27", "size": "1804"}, {"price": "0.28", "size": "24.01"}, {"price": "0.29", "size": "89.65"}, {"price": "0.3", "size": "300"}, {"price": "0.33", "size": "72.72"}, {"price": "0.34", "size": "50"}, {"price": "0.38", "size": "52.63"}, {"price": "0.44", "size": "234.02"}, {"price": "0.45", "size": "1392"}, {"price": "0.65", "size": "568.04"}, {"price": "0.67", "size": "200"}, {"price": "0.7", "size": "500"}, {"price": "0.71", "size": "300"}, {"price": "0.72", "size": "100"}, {"price": "0.74", "size": "219.23"}, {"price": "0.75", "size": "142.07"}, {"price": "0.76", "size": "330"}, {"price": "0.77", "size": "296.2"}, {"price": "0.78", "size": "6"}, {"price": "0.79", "size": "200"}, {"price": "0.8", "size": "590"}, {"price": "0.81", "size": "216"}, {"price": "0.82", "size": "678.77"}, {"price": "0.84", "size": "6"}, {"price": "0.85", "size": "1575.4"}, {"price": "0.86", "size": "5039.7"}, {"price": "0.87", "size": "113"}, {"price": "0.9", "size": "1227.72"}, {"price": "0.91", "size": "889.91"}, {"price": "0.92", "size": "2592.97"}, {"price": "0.93", "size": "1479.95"}], "asks": [{"price": "0.99", "size": "110000"}, {"price": "0.98", "size": "13472.51"}, {"price": "0.97", "size": "4282.76"}, {"price": "0.96", "size": "23402.67"}, {"price": "0.95", "size": "6807.47"}, {"price": "0.94", "size": "2845"}], "event_type": "book", "last_trade_price": "0.930"}]}
{"_local_timestamp": "2026-01-25T23:33:27.900504+00:00", "data": {"market": "0x09bd898af149ff142f72abd30709dadf4fedafcce3b00ef37fd62a733063d7c9", "price_changes": [{"asset_id": "23292838992754288443599105453645327195065821436549655583078911490396768004449", "price": "0.01", "size": "215300", "side": "BUY", "hash": "2f7e31b5663e3302f49cf739b308f53b2484722e", "best_bid": "0.93", "best_ask": "0.94"}, {"asset_id": "17540726999074768109459325330147925578223846904053718101370100723042933774840", "price": "0.99", "size": "215300", "side": "SELL", "hash": "4d0976e9635520acae33495df9e23bb07e303a25", "best_bid": "0.06", "best_ask": "0.07"}], "timestamp": "1769384007824", "event_type": "price_change"}}
{"_local_timestamp": "2026-01-25T23:33:27.901267+00:00", "data": {"market": "0x09bd898af149ff142f72abd30709dadf4fedafcce3b00ef37fd62a733063d7c9", "price_changes": [{"asset_id": "23292838992754288443599105453645327195065821436549655583078911490396768004449", "price": "0.04", "size": "1258.5", "side": "BUY", "hash": "2f7e31b5663e3302f49cf739b308f53b2484722e", "best_bid": "0.93", "best_ask": "0.94"}, {"asset_id": "17540726999074768109459325330147925578223846904053718101370100723042933774840", "price": "0.96", "size": "1258.5", "side": "SELL", "hash": "4d0976e9635520acae33495df9e23bb07e303a25", "best_bid": "0.06", "best_ask": "0.07"}], "timestamp": "1769384007824", "event_type": "price_change"}}
{"_local_timestamp": "2026-01-25T23:33:27.901601+00:00", "data": {"market": "0x09bd898af149ff142f72abd30709dadf4fedafcce3b00ef37fd62a733063d7c9", "price_changes": [{"asset_id": "23292838992754288443599105453645327195065821436549655583078911490396768004449", "price": "0.1", "size": "0", "side": "BUY", "hash": "2f7e31b5663e3302f49cf739b308f53b2484722e", "best_bid": "0.93", "best_ask": "0.94"}, {"asset_id": "17540726999074768109459325330147925578223846904053718101370100723042933774840", "price": "0.9", "size": "0", "side": "SELL", "hash": "4d0976e9635520acae33495df9e23bb07e303a25", "best_bid": "0.06", "best_ask": "0.07"}], "timestamp": "1769384007824", "event_type": "price_change"}}
{"_local_timestamp": "2026-01-25T23:33:28.640513+00:00", "data": {"market": "0x09bd898af149ff142f72abd30709dadf4fedafcce3b00ef37fd62a733063d7c9", "price_changes": [{"asset_id": "23292838992754288443599105453645327195065821436549655583078911490396768004449", "price": "0.01", "size": "215314.33", "side": "BUY", "hash": "a6f761fcf5a12ec15d1b2145b393c376a4bab945", "best_bid": "0.93", "best_ask": "0.94"}, {"asset_id": "17540726999074768109459325330147925578223846904053718101370100723042933774840", "price": "0.99", "size": "215314.33", "side": "SELL", "hash": "3c39d1beeacbe980c183fde6696ff83d34795003", "best_bid": "0.06", "best_ask": "0.07"}], "timestamp": "1769384008568", "event_type": "price_change"}}
{"_local_timestamp": "2026-01-25T23:33:28.641084+00:00", "data": {"market": "0x09bd898af149ff142f72abd30709dadf4fedafcce3b00ef37fd62a733063d7c9", "price_changes": [{"asset_id": "23292838992754288443599105453645327195065821436549655583078911490396768004449", "price": "0.11", "size": "255.41", "side": "BUY", "hash": "014ed272c2cb52dbf42ad6180c63d8d65ff32953", "best_bid": "0.93", "best_ask": "0.94"}, {"asset_id": "17540726999074768109459325330147925578223846904053718101370100723042933774840", "price": "0.89", "size": "255.41", "side": "SELL", "hash": "89acdedf07878eb4754c23a81d26592f69da3f83", "best_bid": "0.06", "best_ask": "0.07"}], "timestamp": "1769384008569", "event_type": "price_change"}}
{"_local_timestamp": "2026-01-25T23:33:28.642234+00:00", "data": {"market": "0x09bd898af149ff142f72abd30709dadf4fedafcce3b00ef37fd62a733063d7c9", "price_changes": [{"asset_id": "23292838992754288443599105453645327195065821436549655583078911490396768004449", "price": "0.04", "size": "1265.02", "side": "BUY", "hash": "e611bd03a3b9e1d6365c0da66ff85571b6d6fd35", "best_bid": "0.93", "best_ask": "0.94"}, {"asset_id": "17540726999074768109459325330147925578223846904053718101370100723042933774840", "price": "0.96", "size": "1265.02", "side": "SELL", "hash": "2d493c65caa9ce38c95a81808e4ef760ff4eccfe", "best_bid": "0.06", "best_ask": "0.07"}], "timestamp": "1769384008570", "event_type": "price_change"}}
