{"_local_timestamp": "2026-01-25T23:33:34.341133+00:00", "data": [{"market": "0x3282e114cce8e48389500ab519cc57c7abc984faa4ded6c9195b5c2fe15cc7a7", "asset_id": "28582281208958142374221800160689041762704718293439482938078632468269513646280", "timestamp": "1769383768608", "hash": "305a9471ecfb70e8b147f8c4e423576fcafad341", "bids": [{"price": "0.01", "size": "610"}, {"price": "0.02", "size": "475.62"}, {"price": "0.03", "size": "221.24"}], "asks": [{"price": "0.99", "size": "43324.24"}, {"price": "0.98", "size": "2300"}, {"price": "0.97", "size": "100"}, {"price": "0.96", "size": "6.49"}, {"price": "0.95", "size": "630"}, {"price": "0.94", "size": "33"}, {"price": "0.92", "size": "100"}, {"price": "0.9", "size": "50"}, {"price": "0.89", "size": "5.43"}, {"price": "0.86", "size": "50"}, {"price": "0.85", "size": "300"}, {"price": "0.8", "size": "200"}, {"price": "0.73", "size": "200"}, {"price": "0.49", "size": "20"}, {"price": "0.37", "size": "1000"}, {"price": "0.09", "size": "869.91"}, {"price": "0.07", "size": "413.6"}, {"price": "0.06", "size": "121.47"}], "event_type": "book", "last_trade_price": "0.060"}, {"market": "0x3282e114cce8e48389500ab519cc57c7abc984faa4ded6c9195b5c2fe15cc7a7", "asset_id": "85991365600139404784497350438528939552273225640614503386970309984688070411865", "timestamp": "1769383768608", "hash": "fe11aea504f4b26fc5ab01c27d0f3cc73460f29f", "bids": [{"price": "0.01", "size": "43324.24"}, {"price": "0.02", "size": "2300"}, {"price": "0.03", "size": "100"}, {"price": "0.04", "size": "6.49"}, {"price": "0.05", "size": "630"}, {"price": "0.06", "size": "33"}, {"price": "0.08", "size": "100"}, {"price": "0.1", "size": "50"}, {"price": "0.11", "size": "5.43"}, {"price": "0.14", "size": "50"}, {"price": "0.15", "size": "300"}, {"price": "0.2", "size": "200"}, {"price": "0.27", "size": "200"}, {"price": "0.51", "size": "20"}, {"price": "0.63", "size": "1000"}, {"price": "0.91", "size": "869.91"}, {"price": "0.93", "size": "413.6"}, {"price": "0.94", "size": "121.47"}], "asks": [{"price": "0.99", "size": "610"}, {"price": "0.98", "size": "475.62"}, {"price": "0.97", "size": "221.24"}], "event_type": "book", "last_trade_price": "0.060"}]}
{"_local_timestamp": "2026-01-25T23:34:27.720774+00:00", "data": {"market": "0x3282e114cce8e48389500ab519cc57c7abc984faa4ded6c9195b5c2fe15cc7a7", "price_changes": [{"asset_id": "28582281208958142374221800160689041762704718293439482938078632468269513646280", "price": "0.02", "size": "450", "side": "BUY", "hash": "8fa273e436716f47f96d87208fe3d808b5639b92", "best_bid": "0.03", "best_ask": "0.06"}, {"asset_id": "85991365600139404784497350438528939552273225640614503386970309984688070411865", "price": "0.98", "size": "450", "side": "SELL", "hash": "4a4eef9e4a6d6b49202f58c926050605ae48bef6", "best_bid": "0.94", "best_ask": "0.97"}], "timestamp": "1769384067505", "event_type": "price_change"}}
{"_local_timestamp": "2026-01-25T23:34:27.721833+00:00", "data": {"market": "0x3282e114cce8e48389500ab519cc57c7abc984faa4ded6c9195b5c2fe15cc7a7", "price_changes": [{"asset_id": "28582281208958142374221800160689041762704718293439482938078632468269513646280", "price": "0.03", "size": "205", "side": "BUY", "hash": "8fa273e436716f47f96d87208fe3d808b5639b92", "best_bid": "0.03", "best_ask": "0.06"}, {"asset_id": "85991365600139404784497350438528939552273225640614503386970309984688070411865", "price": "0.97", "size": "205", "side": "SELL", "hash": "4a4eef9e4a6d6b49202f58c926050605ae48bef6", "best_bid": "0.94", "best_ask": "0.97"}], "timestamp": "1769384067505", "event_type": "price_change"}}
{"_local_timestamp": "2026-01-25T23:34:28.277772+00:00", "data": {"market": "0x3282e114cce8e48389500ab519cc57c7abc984faa4ded6c9195b5c2fe15cc7a7", "price_changes": [{"asset_id": "28582281208958142374221800160689041762704718293439482938078632468269513646280", "price": "0.02", "size": "475.62", "side": "BUY", "hash": "287de2fe22a08d5f94a4d33bc28dde3ddacde1f1", "best_bid": "0.03", "best_ask": "0.06"}, {"asset_id": "85991365600139404784497350438528939552273225640614503386970309984688070411865", "price": "0.98", "size": "475.62", "side": "SELL", "hash": "4b02f72e94cc0577a43001dab7df953a92fccf09", "best_bid": "0.94", "best_ask": "0.97"}], "timestamp": "1769384068042", "event_type": "price_change"}}
{"_local_timestamp": "2026-01-25T23:34:28.278873+00:00", "data": {"market": "0x3282e114cce8e48389500ab519cc57c7abc984faa4ded6c9195b5c2fe15cc7a7", "price_changes": [{"asset_id": "28582281208958142374221800160689041762704718293439482938078632468269513646280", "price": "0.03", "size": "221.24", "side": "BUY", "hash": "f0b924747b32b65bd94a3ab24d71e497fc29bbfb", "best_bid": "0.03", "best_ask": "0.06"}, {"asset_id": "85991365600139404784497350438528939552273225640614503386970309984688070411865", "price": "0.97", "size": "221.24", "side": "SELL", "hash": "59f91a0d5781d2a5ef04364ca27a4e0fc93d9c7e", "best_bid": "0.94", "best_ask": "0.97"}], "timestamp": "1769384068043", "event_type": "price_change"}}
