{"_local_timestamp": "2026-01-25T23:34:15.017846+00:00", "data": [{"market": "0xe470a4c5214be85bba76e31586a6cae64d1847a0283af04ef0a9bece7fef1ed5", "asset_id": "96016509245679039193987671940572827318782050486969878144659404668738888398029", "timestamp": "1769384043645", "hash": "0a50c3783412616ccf0738680dc25bb86268ca5f", "bids": [{"price": "0.01", "size": "4409.69"}, {"price": "0.02", "size": "2400"}, {"price": "0.03", "size": "10.12"}, {"price": "0.05", "size": "1300"}, {"price": "0.06", "size": "33"}, {"price": "0.08", "size": "550"}, {"price": "0.09", "size": "6.66"}, {"price": "0.2", "size": "200"}, {"price": "0.21", "size": "508"}, {"price": "0.22", "size": "50"}, {"price": "0.27", "size": "50"}, {"price": "0.34", "size": "50"}, {"price": "0.5", "size": "165"}, {"price": "0.6", "size": "100"}, {"price": "0.61", "size": "900"}, {"price": "0.62", "size": "189"}, {"price": "0.75", "size": "13.66"}, {"price": "0.8", "size": "50"}, {"price": "0.82", "size": "91.1"}, {"price": "0.85", "size": "500"}, {"price": "0.86", "size": "410"}, {"price": "0.87", "size": "580.74"}, {"price": "0.88", "size": "696.54"}, {"price": "0.89", "size": "200.99"}], "asks": [{"price": "0.99", "size": "650"}, {"price": "0.98", "size": "557.39"}, {"price": "0.97", "size": "13.39"}, {"price": "0.96", "size": "83.91"}, {"price": "0.95", "size": "321.88"}, {"price": "0.94", "size": "17.5"}, {"price": "0.93", "size": "300.87"}, {"price": "0.92", "size": "1418"}, {"price": "0.91", "size": "484.64"}], "event_type": "book", "last_trade_price": "0.090"}, {"market": "0xe470a4c5214be85bba76e31586a6cae64d1847a0283af04ef0a9bece7fef1ed5", "asset_id": "10339072766729796193604876825555830287400741071776960336721025688179587218575", "timestamp": "1769384043645", "hash": "ba372eb286e0914f553657b4f9e3bde5ba05bb23", "bids": [{"price": "0.01", "size": "650"}, {"price": "0.02", "size": "557.39"}, {"price": "0.03", "size": "13.39"}, {"price": "0.04", "size": "83.91"}, {"price": "0.05", "size": "321.88"}, {"price": "0.06", "size": "17.5"}, {"price": "0.07", "size": "300.87"}, {"price": "0.08", "size": "1418"}, {"price": "0.09", "size": "484.64"}], "asks": [{"price": "0.99", "size": "4409.69"}, {"price": "0.98", "size": "2400"}, {"price": "0.97", "size": "10.12"}, {"price": "0.95", "size": "1300"}, {"price": "0.94", "size": "33"}, {"price": "0.92", "size": "550"}, {"price": "0.91", "size": "6.66"}, {"price": "0.8", "size": "200"}, {"price": "0.79", "size": "508"}, {"price": "0.78", "size": "50"}, {"price": "0.73", "size": "50"}, {"price": "0.66", "size": "50"}, {"price": "0.5", "size": "165"}, {"price": "0.4", "size": "100"}, {"price": "0.39", "size": "900"}, {"price": "0.38", "size": "189"}, {"price": "0.25", "size": "13.66"}, {"price": "0.2", "size": "50"}, {"price": "0.18", "size": "91.1"}, {"price": "0.15", "size": "500"}, {"price": "0.14", "size": "410"}, {"price": "0.13", "size": "580.74"}, {"price": "0.12", "size": "696.54"}, {"price": "0.11", "size": "200.99"}], "event_type": "book", "last_trade_price": "0.090"}]}
{"_local_timestamp": "2026-01-25T23:34:19.876049+00:00", "data": {"market": "0xe470a4c5214be85bba76e31586a6cae64d1847a0283af04ef0a9bece7fef1ed5", "price_changes": [{"asset_id": "96016509245679039193987671940572827318782050486969878144659404668738888398029", "price": "0.21", "size": "9", "side": "BUY", "hash": "f5f5e1a68e3c91972d563bf67d761ed999a6ab61", "best_bid": "0.89", "best_ask": "0.91"}, {"asset_id": "10339072766729796193604876825555830287400741071776960336721025688179587218575", "price": "0.79", "size": "9", "side": "SELL", "hash": "e59a915d307d99f681d28c0ccf1980d1075c3926", "best_bid": "0.09", "best_ask": "0.11"}], "timestamp": "1769384059754", "event_type": "price_change"}}
{"_local_timestamp": "2026-01-25T23:34:22.549175+00:00", "data": {"market": "0xe470a4c5214be85bba76e31586a6cae64d1847a0283af04ef0a9bece7fef1ed5", "price_changes": [{"asset_id": "96016509245679039193987671940572827318782050486969878144659404668738888398029", "price": "0.22", "size": "527", "side": "BUY", "hash": "1cbb682a52b0c5d15e7d990bd62e5f97168b7daa", "best_bid": "0.89", "best_ask": "0.91"}, {"asset_id": "10339072766729796193604876825555830287400741071776960336721025688179587218575", "price": "0.78", "size": "527", "side": "SELL", "hash": "962fbcd6cf4c6530b6365aab9a3c02a9a2fef1c7", "best_bid": "0.09", "best_ask": "0.11"}], "timestamp": "1769384062477", "event_type": "price_change"}}
{"_local_timestamp": "2026-01-25T23:35:56.368866+00:00", "data": {"market": "0xe470a4c5214be85bba76e31586a6cae64d1847a0283af04ef0a9bece7fef1ed5", "price_changes": [{"asset_id": "96016509245679039193987671940572827318782050486969878144659404668738888398029", "price": "0.22", "size": "477", "side": "BUY", "hash": "ee66a8f8a09d8ffa2dcf461ec366acd5c8b4a975", "best_bid": "0.89", "best_ask": "0.91"}, {"asset_id": "10339072766729796193604876825555830287400741071776960336721025688179587218575", "price": "0.78", "size": "477", "side": "SELL", "hash": "fecedc231af12f0fcbf25c76a819affb1aaaa6aa", "best_bid": "0.09", "best_ask": "0.11"}], "timestamp": "1769384156275", "event_type": "price_change"}}
{"_local_timestamp": "2026-01-25T23:35:56.872817+00:00", "data": {"market": "0xe470a4c5214be85bba76e31586a6cae64d1847a0283af04ef0a9bece7fef1ed5", "price_changes": [{"asset_id": "96016509245679039193987671940572827318782050486969878144659404668738888398029", "price": "0.21", "size": "59", "side": "BUY", "hash": "54ef1a77c5be8c9c273fd45c9af8dda11dc80314", "best_bid": "0.89", "best_ask": "0.91"}, {"asset_id": "10339072766729796193604876825555830287400741071776960336721025688179587218575", "price": "0.79", "size": "59", "side": "SELL", "hash": "d93c591759ac141a6636fcf5fca177724691f6ea", "best_bid": "0.09", "best_ask": "0.11"}], "timestamp": "1769384156743", "event_type": "price_change"}}
{"_local_timestamp": "2026-01-25T23:35:58.137763+00:00", "data": {"market": "0xe470a4c5214be85bba76e31586a6cae64d1847a0283af04ef0a9bece7fef1ed5", "price_changes": [{"asset_id": "96016509245679039193987671940572827318782050486969878144659404668738888398029", "price": "0.22", "size": "0", "side": "BUY", "hash": "bd18c9e5468ebb85d92eceee3c36dde3c1369b4d", "best_bid": "0.89", "best_ask": "0.91"}, {"asset_id": "10339072766729796193604876825555830287400741071776960336721025688179587218575", "price": "0.78", "size": "0", "side": "SELL", "hash": "6906b7c9c2b0e5806785867218cd423f551b9128", "best_bid": "0.09", "best_ask": "0.11"}], "timestamp": "1769384158066", "event_type": "price_change"}}
{"_local_timestamp": "2026-01-25T23:36:14.152293+00:00", "data": {"market": "0xe470a4c5214be85bba76e31586a6cae64d1847a0283af04ef0a9bece7fef1ed5", "price_changes": [{"asset_id": "10339072766729796193604876825555830287400741071776960336721025688179587218575", "price": "0.09", "size": "324", "side": "BUY", "hash": "1c4d30b0ca5b9f968137d767c05654523376ace5", "best_bid": "0.09", "best_ask": "0.11"}, {"asset_id": "96016509245679039193987671940572827318782050486969878144659404668738888398029", "price": "0.91", "size": "324", "side": "SELL", "hash": "2d2052b713ed5247c4797eb80c27e5ae13f88329", "best_bid": "0.89", "best_ask": "0.91"}], "timestamp": "1769384174077", "event_type": "price_change"}}
{"_local_timestamp": "2026-01-25T23:36:31.776481+00:00", "data": {"market": "0xe470a4c5214be85bba76e31586a6cae64d1847a0283af04ef0a9bece7fef1ed5", "price_changes": [{"asset_id": "10339072766729796193604876825555830287400741071776960336721025688179587218575", "price": "0.09", "size": "364.16", "side": "BUY", "hash": "4fe160d00601082aa7bed7f7c6eed21832e518fc", "best_bid": "0.09", "best_ask": "0.11"}, {"asset_id": "96016509245679039193987671940572827318782050486969878144659404668738888398029", "price": "0.91", "size": "364.16", "side": "SELL", "hash": "c4b06938602abc5633ca291eb63482a05126d118", "best_bid": "0.89", "best_ask": "0.91"}], "timestamp": "1769384191712", "event_type": "price_change"}}
{"_local_timestamp": "2026-01-25T23:36:31.789521+00:00", "data": {"market": "0xe470a4c5214be85bba76e31586a6cae64d1847a0283af04ef0a9bece7fef1ed5", "price_changes": [{"asset_id": "10339072766729796193604876825555830287400741071776960336721025688179587218575", "price": "0.09", "size": "404.32", "side": "BUY", "hash": "9a2eff5919403e0fe951ef05e3b45dac92e7c932", "best_bid": "0.09", "best_ask": "0.11"}, {"asset_id": "96016509245679039193987671940572827318782050486969878144659404668738888398029", "price": "0.91", "size": "404.32", "side": "SELL", "hash": "74e5eed7d676a0527770d9b6b222f2f351c8838b", "best_bid": "0.89", "best_ask": "0.91"}], "timestamp": "1769384191713", "event_type": "price_change"}}
{"_local_timestamp": "2026-01-25T23:36:31.790208+00:00", "data": {"market": "0xe470a4c5214be85bba76e31586a6cae64d1847a0283af04ef0a9bece7fef1ed5", "price_changes": [{"asset_id": "10339072766729796193604876825555830287400741071776960336721025688179587218575", "price": "0.09", "size": "444.48", "side": "BUY", "hash": "d5c836d73329dad09a6837963d17332a9d48dcc1", "best_bid": "0.09", "best_ask": "0.11"}, {"asset_id": "96016509245679039193987671940572827318782050486969878144659404668738888398029", "price": "0.91", "size": "444.48", "side": "SELL", "hash": "5d7e3bb2a4cb2fdea87f5058e6661ed267a0955a", "best_bid": "0.89", "best_ask": "0.91"}], "timestamp": "1769384191713", "event_type": "price_change"}}
{"_local_timestamp": "2026-01-25T23:36:31.790571+00:00", "data": {"market": "0xe470a4c5214be85bba76e31586a6cae64d1847a0283af04ef0a9bece7fef1ed5", "price_changes": [{"asset_id": "10339072766729796193604876825555830287400741071776960336721025688179587218575", "price": "0.09", "size": "484.64", "side": "BUY", "hash": "750b56b9c371c70c78f6f32ee030ea3f5fa4b9d2", "best_bid": "0.09", "best_ask": "0.11"}, {"asset_id": "96016509245679039193987671940572827318782050486969878144659404668738888398029", "price": "0.91", "size": "484.64", "side": "SELL", "hash": "34c8edb2cbc9d34f13b930f623db0cc13b8b4f8e", "best_bid": "0.89", "best_ask": "0.91"}], "timestamp": "1769384191714", "event_type": "price_change"}}
{"_local_timestamp": "2026-01-25T23:36:32.686008+00:00", "data": {"market": "0xe470a4c5214be85bba76e31586a6cae64d1847a0283af04ef0a9bece7fef1ed5", "price_changes": [{"asset_id": "96016509245679039193987671940572827318782050486969878144659404668738888398029", "price": "0.21", "size": "558", "side": "BUY", "hash": "4dd301416b6bbd7f21e55dca7588c5283a471755", "best_bid": "0.89", "best_ask": "0.91"}, {"asset_id": "10339072766729796193604876825555830287400741071776960336721025688179587218575", "price": "0.79", "size": "558", "side": "SELL", "hash": "bfbcec26dc031a1f757b3bab64968b57c42384d7", "best_bid": "0.09", "best_ask": "0.11"}], "timestamp": "1769384192606", "event_type": "price_change"}}
{"_local_timestamp": "2026-01-25T23:38:21.176623+00:00", "data": {"market": "0xe470a4c5214be85bba76e31586a6cae64d1847a0283af04ef0a9bece7fef1ed5", "price_changes": [{"asset_id": "96016509245679039193987671940572827318782050486969878144659404668738888398029", "price": "0.21", "size": "508", "side": "BUY", "hash": "33033c7990ecf1a5592c0619598b3cdc2064ddf0", "best_bid": "0.89", "best_ask": "0.91"}, {"asset_id": "10339072766729796193604876825555830287400741071776960336721025688179587218575", "price": "0.79", "size": "508", "side": "SELL", "hash": "2a2986ee490309a69b438a40875369795bc8dc54", "best_bid": "0.09", "best_ask": "0.11"}], "timestamp": "1769384301105", "event_type": "price_change"}}
{"_local_timestamp": "2026-01-25T23:38:21.652835+00:00", "data": {"market": "0xe470a4c5214be85bba76e31586a6cae64d1847a0283af04ef0a9bece7fef1ed5", "price_changes": [{"asset_id": "96016509245679039193987671940572827318782050486969878144659404668738888398029", "price": "0.2", "size": "250", "side": "BUY", "hash": "ff46ade6512b544f18c75b43c07f03ffa39f4622", "best_bid": "0.89", "best_ask": "0.91"}, {"asset_id": "10339072766729796193604876825555830287400741071776960336721025688179587218575", "price": "0.8", "size": "250", "side": "SELL", "hash": "95e32ec611ff94f65988cada328f50d26e299603", "best_bid": "0.09", "best_ask": "0.11"}], "timestamp": "1769384301476", "event_type": "price_change"}}
