{"_local_timestamp": "2026-01-25T23:33:25.836343+00:00", "data": [{"market": "0x2eb9eba222dffc23e257940cd98810d1d0a446405adc0c4b62615f05fe957c2e", "asset_id": "77077729313378260537344887901933386456520626799917497755297209673663850176500", "timestamp": "1769384004280", "hash": "9ac188aea65401efd4d27f7d6b62ae8bf7155976", "bids": [{"price": "0.01", "size": "508.81"}, {"price": "0.02", "size": "600"}, {"price": "0.03", "size": "45.02"}, {"price": "0.04", "size": "35"}, {"price": "0.05", "size": "20"}, {"price": "0.06", "size": "11.84"}, {"price": "0.08", "size": "5"}, {"price": "0.1", "size": "60"}, {"price": "0.12", "size": "44.26"}, {"price": "0.13", "size": "100"}, {"price": "0.14", "size": "37.52"}, {"price": "0.19", "size": "50"}, {"price": "0.2", "size": "70"}, {"price": "0.21", "size": "38.32"}], "asks": [{"price": "0.99", "size": "3009.81"}, {"price": "0.98", "size": "4700"}, {"price": "0.97", "size": "8.05"}, {"price": "0.92", "size": "450"}, {"price": "0.91", "size": "7.33"}, {"price": "0.88", "size": "708.33"}, {"price": "0.84", "size": "500"}, {"price": "0.8", "size": "240"}, {"price": "0.76", "size": "208.33"}, {"price": "0.75", "size": "47.63"}, {"price": "0.72", "size": "135.71"}, {"price": "0.71", "size": "42"}, {"price": "0.68", "size": "62.5"}, {"price": "0.67", "size": "6"}, {"price": "0.54", "size": "100"}, {"price": "0.53", "size": "27.65"}, {"price": "0.5", "size": "22"}, {"price": "0.47", "size": "41.04"}, {"price": "0.42", "size": "105.72"}, {"price": "0.29", "size": "11.88"}], "event_type": "book", "last_trade_price": "0.240"}, {"market": "0x2eb9eba222dffc23e257940cd98810d1d0a446405adc0c4b62615f05fe957c2e", "asset_id": "14218506389548216643310388946600421669497121031661380156278277253129465636974", "timestamp": "1769384004280", "hash": "15c74e472edf5c637f296ad21a4d24a4fa120a2b", "bids": [{"price": "0.01", "size": "3009.81"}, {"price": "0.02", "size": "4700"}, {"price": "0.03", "size": "8.05"}, {"price": "0.08", "size": "450"}, {"price": "0.09", "size": "7.33"}, {"price": "0.12", "size": "708.33"}, {"price": "0.16", "size": "500"}, {"price": "0.2", "size": "240"}, {"price": "0.24", "size": "208.33"}, {"price": "0.25", "size": "47.63"}, {"price": "0.28", "size": "135.71"}, {"price": "0.29", "size": "42"}, {"price": "0.32", "size": "62.5"}, {"price": "0.33", "size": "6"}, {"price": "0.46", "size": "100"}, {"price": "0.47", "size": "27.65"}, {"price": "0.5", "size": "22"}, {"price": "0.53", "size": "41.04"}, {"price": "0.58", "size": "105.72"}, {"price": "0.71", "size": "11.88"}], "asks": [{"price": "0.99", "size": "508.81"}, {"price": "0.98", "size": "600"}, {"price": "0.97", "size": "45.02"}, {"price": "0.96", "size": "35"}, {"price": "0.95", "size": "20"}, {"price": "0.94", "size": "11.84"}, {"price": "0.92", "size": "5"}, {"price": "0.9", "size": "60"}, {"price": "0.88", "size": "44.26"}, {"price": "0.87", "size": "100"}, {"price": "0.86", "size": "37.52"}, {"price": "0.81", "size": "50"}, {"price": "0.8", "size": "70"}, {"price": "0.79", "size": "38.32"}], "event_type": "book", "last_trade_price": "0.240"}]}
{"_local_timestamp": "2026-01-25T23:33:38.199988+00:00", "data": {"market": "0x2eb9eba222dffc23e257940cd98810d1d0a446405adc0c4b62615f05fe957c2e", "price_changes": [{"asset_id": "77077729313378260537344887901933386456520626799917497755297209673663850176500", "price": "0.47", "size": "0", "side": "SELL", "hash": "20686f5a565c73374d0cbe8e173a803264d3412f", "best_bid": "0.21", "best_ask": "0.29"}, {"asset_id": "14218506389548216643310388946600421669497121031661380156278277253129465636974", "price": "0.53", "size": "0", "side": "BUY", "hash": "415f3d2c498c9ca85a26064d58b67c050bd29641", "best_bid": "0.71", "best_ask": "0.79"}], "timestamp": "1769384018107", "event_type": "price_change"}}
{"_local_timestamp": "2026-01-25T23:33:40.747703+00:00", "data": {"market": "0x2eb9eba222dffc23e257940cd98810d1d0a446405adc0c4b62615f05fe957c2e", "price_changes": [{"asset_id": "14218506389548216643310388946600421669497121031661380156278277253129465636974", "price": "0.12", "size": "833.33", "side": "BUY", "hash": "8b57d59316b643f236d8513966d9c4e6d974c745", "best_bid": "0.71", "best_ask": "0.79"}, {"asset_id": "77077729313378260537344887901933386456520626799917497755297209673663850176500", "price": "0.88", "size": "833.33", "side": "SELL", "hash": "95989c88fbf1aa74a99d569c75a60d161505ed21", "best_bid": "0.21", "best_ask": "0.29"}], "timestamp": "1769384020551", "event_type": "price_change"}}
{"_local_timestamp": "2026-01-25T23:33:40.753995+00:00", "data": {"market": "0x2eb9eba222dffc23e257940cd98810d1d0a446405adc0c4b62615f05fe957c2e", "price_changes": [{"asset_id": "14218506389548216643310388946600421669497121031661380156278277253129465636974", "price": "0.16", "size": "600", "side": "BUY", "hash": "06e61ee5374ccbacd5cd5a2265787d23ca8b9f84", "best_bid": "0.71", "best_ask": "0.79"}, {"asset_id": "77077729313378260537344887901933386456520626799917497755297209673663850176500", "price": "0.84", "size": "600", "side": "SELL", "hash": "5ce641c5902cfd65bbe6eab3e46300f6e11a0c0e", "best_bid": "0.21", "best_ask": "0.29"}], "timestamp": "1769384020587", "event_type": "price_change"}}
{"_local_timestamp": "2026-01-25T23:33:47.265590+00:00", "data": {"market": "0x2eb9eba222dffc23e257940cd98810d1d0a446405adc0c4b62615f05fe957c2e", "price_changes": [{"asset_id": "77077729313378260537344887901933386456520626799917497755297209673663850176500", "price": "0.41", "size": "41.04", "side": "SELL", "hash": "ead016c3470822466b848107f73adb9874c369ae", "best_bid": "0.21", "best_ask": "0.29"}, {"asset_id": "14218506389548216643310388946600421669497121031661380156278277253129465636974", "price": "0.59", "size": "41.04", "side": "BUY", "hash": "76ffac511e3b5ebae5c4079265839a1f9ba41c8e", "best_bid": "0.71", "best_ask": "0.79"}], "timestamp": "1769384027187", "event_type": "price_change"}}
{"_local_timestamp": "2026-01-25T23:33:50.025181+00:00", "data": {"market": "0x2eb9eba222dffc23e257940cd98810d1d0a446405adc0c4b62615f05fe957c2e", "price_changes": [{"asset_id": "14218506389548216643310388946600421669497121031661380156278277253129465636974", "price": "0.58", "size": "40.21", "side": "BUY", "hash": "5256fe21e1eabe1e8e6510cc811a9e121c63c43d", "best_bid": "0.71", "best_ask": "0.79"}, {"asset_id": "77077729313378260537344887901933386456520626799917497755297209673663850176500", "price": "0.42", "size": "40.21", "side": "SELL", "hash": "12df407f6679822072874f1a91138000313bd0d1", "best_bid": "0.21", "best_ask": "0.29"}], "timestamp": "1769384029913", "event_type": "price_change"}}
{"_local_timestamp": "2026-01-25T23:34:01.662483+00:00", "data": {"market": "0x2eb9eba222dffc23e257940cd98810d1d0a446405adc0c4b62615f05fe957c2e", "price_changes": [{"asset_id": "14218506389548216643310388946600421669497121031661380156278277253129465636974", "price": "0.08", "size": "650", "side": "BUY", "hash": "05e051e3eb5c8c837d8740648db3cee42e7a9d15", "best_bid": "0.71", "best_ask": "0.79"}, {"asset_id": "77077729313378260537344887901933386456520626799917497755297209673663850176500", "price": "0.92", "size": "650", "side": "SELL", "hash": "bff8f409e846c14c8050300f970c754e7d903842", "best_bid": "0.21", "best_ask": "0.29"}], "timestamp": "1769384041561", "event_type": "price_change"}}
{"_local_timestamp": "2026-01-25T23:34:18.134510+00:00", "data": {"market": "0x2eb9eba222dffc23e257940cd98810d1d0a446405adc0c4b62615f05fe957c2e", "price_changes": [{"asset_id": "77077729313378260537344887901933386456520626799917497755297209673663850176500", "price": "0.42", "size": "0", "side": "SELL", "hash": "ddc0c7976823bcbe4e9f63ec93a5183833f4a870", "best_bid": "0.21", "best_ask": "0.29"}, {"asset_id": "14218506389548216643310388946600421669497121031661380156278277253129465636974", "price": "0.58", "size": "0", "side": "BUY", "hash": "83b790396130edb010b0c9571c4b08eae0845f7f", "best_bid": "0.71", "best_ask": "0.79"}], "timestamp": "1769384058047", "event_type": "price_change"}}
{"_local_timestamp": "2026-01-25T23:34:18.788898+00:00", "data": {"market": "0x2eb9eba222dffc23e257940cd98810d1d0a446405adc0c4b62615f05fe957c2e", "price_changes": [{"asset_id": "77077729313378260537344887901933386456520626799917497755297209673663850176500", "price": "0.4", "size": "40.21", "side": "SELL", "hash": "d12f1ea3f0a13374fefc7573f6d47c6edea97be6", "best_bid": "0.21", "best_ask": "0.29"}, {"asset_id": "14218506389548216643310388946600421669497121031661380156278277253129465636974", "price": "0.6", "size": "40.21", "side": "BUY", "hash": "4fbd57cdbf0562e884fe9b17285c784c8c2c85c4", "best_bid": "0.71", "best_ask": "0.79"}], "timestamp": "1769384058713", "event_type": "price_change"}}
{"_local_timestamp": "2026-01-25T23:34:31.012074+00:00", "data": {"market": "0x2eb9eba222dffc23e257940cd98810d1d0a446405adc0c4b62615f05fe957c2e", "price_changes": [{"asset_id": "14218506389548216643310388946600421669497121031661380156278277253129465636974", "price": "0.46", "size": "0", "side": "BUY", "hash": "8cf247bc950b9525a03740616c359cdf8f8e5926", "best_bid": "0.71", "best_ask": "0.79"}, {"asset_id": "77077729313378260537344887901933386456520626799917497755297209673663850176500", "price": "0.54", "size": "0", "side": "SELL", "hash": "56cf0886cad72ff0fe3fb793f3e74f788385eb9c", "best_bid": "0.21", "best_ask": "0.29"}], "timestamp": "1769384070914", "event_type": "price_change"}}
{"_local_timestamp": "2026-01-25T23:34:31.017111+00:00", "data": {"market": "0x2eb9eba222dffc23e257940cd98810d1d0a446405adc0c4b62615f05fe957c2e", "price_changes": [{"asset_id": "14218506389548216643310388946600421669497121031661380156278277253129465636974", "price": "0.2", "size": "140", "side": "BUY", "hash": "8cf247bc950b9525a03740616c359cdf8f8e5926", "best_bid": "0.71", "best_ask": "0.79"}, {"asset_id": "77077729313378260537344887901933386456520626799917497755297209673663850176500", "price": "0.8", "size": "140", "side": "SELL", "hash": "56cf0886cad72ff0fe3fb793f3e74f788385eb9c", "best_bid": "0.21", "best_ask": "0.29"}], "timestamp": "1769384070914", "event_type": "price_change"}}
{"_local_timestamp": "2026-01-25T23:34:31.344781+00:00", "data": {"market": "0x2eb9eba222dffc23e257940cd98810d1d0a446405adc0c4b62615f05fe957c2e", "price_changes": [{"asset_id": "14218506389548216643310388946600421669497121031661380156278277253129465636974", "price": "0.25", "size": "147.63", "side": "BUY", "hash": "ce7f26d367ed051234fdd2eafc756a7e154cc1cf", "best_bid": "0.71", "best_ask": "0.79"}, {"asset_id": "77077729313378260537344887901933386456520626799917497755297209673663850176500", "price": "0.75", "size": "147.63", "side": "SELL", "hash": "62503ce212406c8842a527b405be618c771507a9", "best_bid": "0.21", "best_ask": "0.29"}], "timestamp": "1769384071274", "event_type": "price_change"}}
{"_local_timestamp": "2026-01-25T23:34:31.668494+00:00", "data": {"market": "0x2eb9eba222dffc23e257940cd98810d1d0a446405adc0c4b62615f05fe957c2e", "price_changes": [{"asset_id": "14218506389548216643310388946600421669497121031661380156278277253129465636974", "price": "0.48", "size": "100", "side": "BUY", "hash": "2bc0d2afe8c257c26d82933acac49b3f2c75da7b", "best_bid": "0.71", "best_ask": "0.79"}, {"asset_id": "77077729313378260537344887901933386456520626799917497755297209673663850176500", "price": "0.52", "size": "100", "side": "SELL", "hash": "b86a6e9b4797c09374d7029374bacfce48c738e3", "best_bid": "0.21", "best_ask": "0.29"}], "timestamp": "1769384071597", "event_type": "price_change"}}
{"_local_timestamp": "2026-01-25T23:34:43.637703+00:00", "data": {"market": "0x2eb9eba222dffc23e257940cd98810d1d0a446405adc0c4b62615f05fe957c2e", "price_changes": [{"asset_id": "14218506389548216643310388946600421669497121031661380156278277253129465636974", "price": "0.24", "size": "108.33", "side": "BUY", "hash": "1450d5196651c9c8c8421fdf63d79dbb9ccd08f5", "best_bid": "0.71", "best_ask": "0.79"}, {"asset_id": "77077729313378260537344887901933386456520626799917497755297209673663850176500", "price": "0.76", "size": "108.33", "side": "SELL", "hash": "8ce202ba4a294a25401a88cd48cb9d7d42c02341", "best_bid": "0.21", "best_ask": "0.29"}], "timestamp": "1769384083547", "event_type": "price_change"}}
{"_local_timestamp": "2026-01-25T23:34:43.646250+00:00", "data": {"market": "0x2eb9eba222dffc23e257940cd98810d1d0a446405adc0c4b62615f05fe957c2e", "price_changes": [{"asset_id": "14218506389548216643310388946600421669497121031661380156278277253129465636974", "price": "0.28", "size": "85.71", "side": "BUY", "hash": "1450d5196651c9c8c8421fdf63d79dbb9ccd08f5", "best_bid": "0.71", "best_ask": "0.79"}, {"asset_id": "77077729313378260537344887901933386456520626799917497755297209673663850176500", "price": "0.72", "size": "85.71", "side": "SELL", "hash": "8ce202ba4a294a25401a88cd48cb9d7d42c02341", "best_bid": "0.21", "best_ask": "0.29"}], "timestamp": "1769384083547", "event_type": "price_change"}}
{"_local_timestamp": "2026-01-25T23:35:15.540096+00:00", "data": {"market": "0x2eb9eba222dffc23e257940cd98810d1d0a446405adc0c4b62615f05fe957c2e", "price_changes": [{"asset_id": "14218506389548216643310388946600421669497121031661380156278277253129465636974", "price": "0.61", "size": "62.29", "side": "BUY", "hash": "525845512d1b90ca4db4e9483d6130c5ac2c4c39", "best_bid": "0.71", "best_ask": "0.79"}, {"asset_id": "77077729313378260537344887901933386456520626799917497755297209673663850176500", "price": "0.39", "size": "62.29", "side": "SELL", "hash": "e0e580fddfd06a491755c2292f4622ae3d28d8e9", "best_bid": "0.21", "best_ask": "0.29"}], "timestamp": "1769384115316", "event_type": "price_change"}}
{"_local_timestamp": "2026-01-25T23:35:26.869072+00:00", "data": {"market": "0x2eb9eba222dffc23e257940cd98810d1d0a446405adc0c4b62615f05fe957c2e", "price_changes": [{"asset_id": "14218506389548216643310388946600421669497121031661380156278277253129465636974", "price": "0.12", "size": "708.33", "side": "BUY", "hash": "a3ddede8d2f358d03ca37242569f8da4d17182bc", "best_bid": "0.71", "best_ask": "0.79"}, {"asset_id": "77077729313378260537344887901933386456520626799917497755297209673663850176500", "price": "0.88", "size": "708.33", "side": "SELL", "hash": "efe775876041cf71ad099ef486018a49d1e18d7b", "best_bid": "0.21", "best_ask": "0.29"}], "timestamp": "1769384126570", "event_type": "price_change"}}
{"_local_timestamp": "2026-01-25T23:35:26.869557+00:00", "data": {"market": "0x2eb9eba222dffc23e257940cd98810d1d0a446405adc0c4b62615f05fe957c2e", "price_changes": [{"asset_id": "14218506389548216643310388946600421669497121031661380156278277253129465636974", "price": "0.16", "size": "500", "side": "BUY", "hash": "a3ddede8d2f358d03ca37242569f8da4d17182bc", "best_bid": "0.71", "best_ask": "0.79"}, {"asset_id": "77077729313378260537344887901933386456520626799917497755297209673663850176500", "price": "0.84", "size": "500", "side": "SELL", "hash": "efe775876041cf71ad099ef486018a49d1e18d7b", "best_bid": "0.21", "best_ask": "0.29"}], "timestamp": "1769384126570", "event_type": "price_change"}}
{"_local_timestamp": "2026-01-25T23:35:31.568165+00:00", "data": {"market": "0x2eb9eba222dffc23e257940cd98810d1d0a446405adc0c4b62615f05fe957c2e", "price_changes": [{"asset_id": "77077729313378260537344887901933386456520626799917497755297209673663850176500", "price": "0.2", "size": "25", "side": "BUY", "hash": "412557e55156efaa3274e2f9c5da71fc90ab9dbf", "best_bid": "0.21", "best_ask": "0.29"}, {"asset_id": "14218506389548216643310388946600421669497121031661380156278277253129465636974", "price": "0.8", "size": "25", "side": "SELL", "hash": "378d47a117d0a79f6d6c69bd1121496fbf9bb986", "best_bid": "0.71", "best_ask": "0.79"}], "timestamp": "1769384131247", "event_type": "price_change"}}
{"_local_timestamp": "2026-01-25T23:35:38.783845+00:00", "data": {"market": "0x2eb9eba222dffc23e257940cd98810d1d0a446405adc0c4b62615f05fe957c2e", "price_changes": [{"asset_id": "14218506389548216643310388946600421669497121031661380156278277253129465636974", "price": "0.08", "size": "450", "side": "BUY", "hash": "0fa0962cb0536834c8f375ad31ce1f365de335a1", "best_bid": "0.71", "best_ask": "0.79"}, {"asset_id": "77077729313378260537344887901933386456520626799917497755297209673663850176500", "price": "0.92", "size": "450", "side": "SELL", "hash": "4691182e6503288e87374837b42d5e375c44296e", "best_bid": "0.21", "best_ask": "0.29"}], "timestamp": "1769384138688", "event_type": "price_change"}}
{"_local_timestamp": "2026-01-25T23:36:02.686255+00:00", "data": {"market": "0x2eb9eba222dffc23e257940cd98810d1d0a446405adc0c4b62615f05fe957c2e", "price_changes": [{"asset_id": "14218506389548216643310388946600421669497121031661380156278277253129465636974", "price": "0.28", "size": "135.71", "side": "BUY", "hash": "fbbf3b3cb8996727677713b8db558f4735e7c93d", "best_bid": "0.71", "best_ask": "0.79"}, {"asset_id": "77077729313378260537344887901933386456520626799917497755297209673663850176500", "price": "0.72", "size": "135.71", "side": "SELL", "hash": "fe80eb87f8674097f93ea69938dc49124e183ae9", "best_bid": "0.21", "best_ask": "0.29"}], "timestamp": "1769384162559", "event_type": "price_change"}}
{"_local_timestamp": "2026-01-25T23:36:02.694942+00:00", "data": {"market": "0x2eb9eba222dffc23e257940cd98810d1d0a446405adc0c4b62615f05fe957c2e", "price_changes": [{"asset_id": "14218506389548216643310388946600421669497121031661380156278277253129465636974", "price": "0.25", "size": "247.63", "side": "BUY", "hash": "71aea7c00ddbd45d17fa22f66cb04422a03a593c", "best_bid": "0.71", "best_ask": "0.79"}, {"asset_id": "77077729313378260537344887901933386456520626799917497755297209673663850176500", "price": "0.75", "size": "247.63", "side": "SELL", "hash": "e657809a22def2d4a928f75129d186dc5aac8f5f", "best_bid": "0.21", "best_ask": "0.29"}], "timestamp": "1769384162583", "event_type": "price_change"}}
{"_local_timestamp": "2026-01-25T23:36:31.202171+00:00", "data": {"market": "0x2eb9eba222dffc23e257940cd98810d1d0a446405adc0c4b62615f05fe957c2e", "price_changes": [{"asset_id": "77077729313378260537344887901933386456520626799917497755297209673663850176500", "price": "0.2", "size": "70", "side": "BUY", "hash": "f956eebc6b031a0dbc11412cbc1eba9cc2845b79", "best_bid": "0.21", "best_ask": "0.29"}, {"asset_id": "14218506389548216643310388946600421669497121031661380156278277253129465636974", "price": "0.8", "size": "70", "side": "SELL", "hash": "2242e436f77551767c38905515553d105f48e3e5", "best_bid": "0.71", "best_ask": "0.79"}], "timestamp": "1769384191127", "event_type": "price_change"}}
{"_local_timestamp": "2026-01-25T23:36:55.140146+00:00", "data": {"market": "0x2eb9eba222dffc23e257940cd98810d1d0a446405adc0c4b62615f05fe957c2e", "price_changes": [{"asset_id": "14218506389548216643310388946600421669497121031661380156278277253129465636974", "price": "0.16", "size": "350", "side": "BUY", "hash": "975e0b39b7a34790b4db66dfafdc77bbac67531c", "best_bid": "0.71", "best_ask": "0.79"}, {"asset_id": "77077729313378260537344887901933386456520626799917497755297209673663850176500", "price": "0.84", "size": "350", "side": "SELL", "hash": "23bd3207f425aa01c8d6791bef4e4bd926eab4ea", "best_bid": "0.21", "best_ask": "0.29"}], "timestamp": "1769384215016", "event_type": "price_change"}}
{"_local_timestamp": "2026-01-25T23:36:55.140786+00:00", "data": {"market": "0x2eb9eba222dffc23e257940cd98810d1d0a446405adc0c4b62615f05fe957c2e", "price_changes": [{"asset_id": "14218506389548216643310388946600421669497121031661380156278277253129465636974", "price": "0.12", "size": "508.33", "side": "BUY", "hash": "975e0b39b7a34790b4db66dfafdc77bbac67531c", "best_bid": "0.71", "best_ask": "0.79"}, {"asset_id": "77077729313378260537344887901933386456520626799917497755297209673663850176500", "price": "0.88", "size": "508.33", "side": "SELL", "hash": "23bd3207f425aa01c8d6791bef4e4bd926eab4ea", "best_bid": "0.21", "best_ask": "0.29"}], "timestamp": "1769384215016", "event_type": "price_change"}}
