{"_local_timestamp": "2026-01-25T23:40:30.419375+00:00", "data": [{"market": "0xe82058477cc3af4be561d02ef984ebfa8581f56b07d1ed037829074cf1a0cd57", "asset_id": "99022674594831492808783066255427932815319153841144771259120241067283646771481", "timestamp": "1769383903218", "hash": "73196d8e3b7684d9ab41cc823d4522c3860cd63e", "bids": [{"price": "0.01", "size": "107.59"}, {"price": "0.02", "size": "30"}, {"price": "0.03", "size": "15"}, {"price": "0.04", "size": "32.64"}, {"price": "0.05", "size": "20"}, {"price": "0.06", "size": "39.6"}, {"price": "0.07", "size": "6"}, {"price": "0.08", "size": "25"}, {"price": "0.09", "size": "31.32"}, {"price": "0.1", "size": "25"}], "asks": [{"price": "0.99", "size": "50.14"}, {"price": "0.98", "size": "5.08"}, {"price": "0.95", "size": "10"}, {"price": "0.92", "size": "500"}, {"price": "0.91", "size": "205.52"}, {"price": "0.9", "size": "110"}, {"price": "0.89", "size": "205"}, {"price": "0.8", "size": "360"}], "event_type": "book", "last_trade_price": "0.200"}, {"market": "0xe82058477cc3af4be561d02ef984ebfa8581f56b07d1ed037829074cf1a0cd57", "asset_id": "43189282757237035928728983357191721227271350782993575202022336640911924467379", "timestamp": "1769383903218", "hash": "9576db50395027dc4d5e283162c8d8064e1047c5", "bids": [{"price": "0.01", "size": "50.14"}, {"price": "0.02", "size": "5.08"}, {"price": "0.05", "size": "10"}, {"price": "0.08", "size": "500"}, {"price": "0.09", "size": "205.52"}, {"price": "0.1", "size": "110"}, {"price": "0.11", "size": "205"}, {"price": "0.2", "size": "360"}], "asks": [{"price": "0.99", "size": "107.59"}, {"price": "0.98", "size": "30"}, {"price": "0.97", "size": "15"}, {"price": "0.96", "size": "32.64"}, {"price": "0.95", "size": "20"}, {"price": "0.94", "size": "39.6"}, {"price": "0.93", "size": "6"}, {"price": "0.92", "size": "25"}, {"price": "0.91", "size": "31.32"}, {"price": "0.9", "size": "25"}], "event_type": "book", "last_trade_price": "0.200"}]}
{"_local_timestamp": "2026-01-25T23:41:04.818573+00:00", "data": {"market": "0xe82058477cc3af4be561d02ef984ebfa8581f56b07d1ed037829074cf1a0cd57", "price_changes": [{"asset_id": "99022674594831492808783066255427932815319153841144771259120241067283646771481", "price": "0.01", "size": "92.25", "side": "BUY", "hash": "9317f0c07de69d39b5ad76ab5273a041bd586804", "best_bid": "0.1", "best_ask": "0.8"}, {"asset_id": "43189282757237035928728983357191721227271350782993575202022336640911924467379", "price": "0.99", "size": "92.25", "side": "SELL", "hash": "3bf849b7cc3507a96477dc9f1337758e55b51d14", "best_bid": "0.2", "best_ask": "0.9"}], "timestamp": "1769384464748", "event_type": "price_change"}}
{"_local_timestamp": "2026-01-25T23:41:04.820315+00:00", "data": {"market": "0xe82058477cc3af4be561d02ef984ebfa8581f56b07d1ed037829074cf1a0cd57", "price_changes": [{"asset_id": "99022674594831492808783066255427932815319153841144771259120241067283646771481", "price": "0.09", "size": "25", "side": "BUY", "hash": "9317f0c07de69d39b5ad76ab5273a041bd586804", "best_bid": "0.1", "best_ask": "0.8"}, {"asset_id": "43189282757237035928728983357191721227271350782993575202022336640911924467379", "price": "0.91", "size": "25", "side": "SELL", "hash": "3bf849b7cc3507a96477dc9f1337758e55b51d14", "best_bid": "0.2", "best_ask": "0.9"}], "timestamp": "1769384464748", "event_type": "price_change"}}
{"_local_timestamp": "2026-01-25T23:41:07.275118+00:00", "data": {"market": "0xe82058477cc3af4be561d02ef984ebfa8581f56b07d1ed037829074cf1a0cd57", "price_changes": [{"asset_id": "99022674594831492808783066255427932815319153841144771259120241067283646771481", "price": "0.07", "size": "11.54", "side": "BUY", "hash": "56e1a49537275fa61c80d4ef1ddd24487d7518a5", "best_bid": "0.1", "best_ask": "0.8"}, {"asset_id": "43189282757237035928728983357191721227271350782993575202022336640911924467379", "price": "0.93", "size": "11.54", "side": "SELL", "hash": "29997dd0d76129b74c016f422e0d06050ff1f258", "best_bid": "0.2", "best_ask": "0.9"}], "timestamp": "1769384467180", "event_type": "price_change"}}
{"_local_timestamp": "2026-01-25T23:41:07.275692+00:00", "data": {"market": "0xe82058477cc3af4be561d02ef984ebfa8581f56b07d1ed037829074cf1a0cd57", "price_changes": [{"asset_id": "99022674594831492808783066255427932815319153841144771259120241067283646771481", "price": "0.01", "size": "103.96", "side": "BUY", "hash": "a0faf23ad952d90bf082b2b2c7dae939260956c3", "best_bid": "0.1", "best_ask": "0.8"}, {"asset_id": "43189282757237035928728983357191721227271350782993575202022336640911924467379", "price": "0.99", "size": "103.96", "side": "SELL", "hash": "82caa520579f6bd7cb51fa7e7e781b2192379ee2", "best_bid": "0.2", "best_ask": "0.9"}], "timestamp": "1769384467181", "event_type": "price_change"}}
{"_local_timestamp": "2026-01-25T23:41:07.281925+00:00", "data": {"market": "0xe82058477cc3af4be561d02ef984ebfa8581f56b07d1ed037829074cf1a0cd57", "price_changes": [{"asset_id": "99022674594831492808783066255427932815319153841144771259120241067283646771481", "price": "0.02", "size": "40.84", "side": "BUY", "hash": "fcd192f14dd1a24f43c8ab5437c2ed5206326823", "best_bid": "0.1", "best_ask": "0.8"}, {"asset_id": "43189282757237035928728983357191721227271350782993575202022336640911924467379", "price": "0.98", "size": "40.84", "side": "SELL", "hash": "c9a55fd9318cabf2213a9016456f6b89262c4ea8", "best_bid": "0.2", "best_ask": "0.9"}], "timestamp": "1769384467182", "event_type": "price_change"}}
