{"_local_timestamp": "2026-01-25T23:40:44.862609+00:00", "data": [{"market": "0x6db6cda864057584d61b1b5ad88a2cfefab33feabeefef18ffe13abe579ef974", "asset_id": "112520326587254198638663761556701131674524731259419135943052015769014705233883", "timestamp": "1769384440602", "hash": "decb44c7e979b45865bf4c896f02700e5f568c63", "bids": [{"price": "0.01", "size": "14070"}, {"price": "0.02", "size": "1006.76"}, {"price": "0.03", "size": "5077.24"}, {"price": "0.04", "size": "1625"}, {"price": "0.05", "size": "440"}, {"price": "0.06", "size": "9.28"}, {"price": "0.07", "size": "25"}, {"price": "0.1", "size": "20"}, {"price": "0.11", "size": "7257.74"}, {"price": "0.12", "size": "566.65"}, {"price": "0.13", "size": "400"}], "asks": [{"price": "0.99", "size": "6014.55"}, {"price": "0.98", "size": "1000"}, {"price": "0.97", "size": "1700"}, {"price": "0.96", "size": "6.29"}, {"price": "0.94", "size": "4069.87"}, {"price": "0.92", "size": "250"}, {"price": "0.91", "size": "400"}, {"price": "0.9", "size": "5.9"}, {"price": "0.87", "size": "261.53"}, {"price": "0.85", "size": "550"}, {"price": "0.84", "size": "1450"}, {"price": "0.82", "size": "177.77"}, {"price": "0.8", "size": "25.27"}, {"price": "0.79", "size": "760"}, {"price": "0.78", "size": "2235.27"}, {"price": "0.75", "size": "100"}, {"price": "0.74", "size": "100"}, {"price": "0.72", "size": "357"}, {"price": "0.69", "size": "77.41"}, {"price": "0.66", "size": "50"}, {"price": "0.65", "size": "57.14"}, {"price": "0.57", "size": "160"}, {"price": "0.47", "size": "5"}, {"price": "0.45", "size": "5"}, {"price": "0.28", "size": "2148.67"}, {"price": "0.22", "size": "195.34"}, {"price": "0.21", "size": "16.45"}, {"price": "0.2", "size": "13.75"}, {"price": "0.19", "size": "10"}, {"price": "0.17", "size": "901.6"}, {"price": "0.16", "size": "647.33"}, {"price": "0.15", "size": "54"}], "event_type": "book", "last_trade_price": "0.880"}, {"market": "0x6db6cda864057584d61b1b5ad88a2cfefab33feabeefef18ffe13abe579ef974", "asset_id": "89614977099306584213591611084155566067625133619562703055238389297472263510387", "timestamp": "1769384440602", "hash": "5dc8bcd98d293b32fccfffc20412e4fec88c9ad6", "bids": [{"price": "0.01", "size": "6014.55"}, {"price": "0.02", "size": "1000"}, {"price": "0.03", "size": "1700"}, {"price": "0.04", "size": "6.29"}, {"price": "0.06", "size": "4069.87"}, {"price": "0.08", "size": "250"}, {"price": "0.09", "size": "400"}, {"price": "0.1", "size": "5.9"}, {"price": "0.13", "size": "261.53"}, {"price": "0.15", "size": "550"}, {"price": "0.16", "size": "1450"}, {"price": "0.18", "size": "177.77"}, {"price": "0.2", "size": "25.27"}, {"price": "0.21", "size": "760"}, {"price": "0.22", "size": "2235.27"}, {"price": "0.25", "size": "100"}, {"price": "0.26", "size": "100"}, {"price": "0.28", "size": "357"}, {"price": "0.31", "size": "77.41"}, {"price": "0.34", "size": "50"}, {"price": "0.35", "size": "57.14"}, {"price": "0.43", "size": "160"}, {"price": "0.53", "size": "5"}, {"price": "0.55", "size": "5"}, {"price": "0.72", "size": "2148.67"}, {"price": "0.78", "size": "195.34"}, {"price": "0.79", "size": "16.45"}, {"price": "0.8", "size": "13.75"}, {"price": "0.81", "size": "10"}, {"price": "0.83", "size": "901.6"}, {"price": "0.84", "size": "647.33"}, {"price": "0.85", "size": "54"}], "asks": [{"price": "0.99", "size": "14070"}, {"price": "0.98", "size": "1006.76"}, {"price": "0.97", "size": "5077.24"}, {"price": "0.96", "size": "1625"}, {"price": "0.95", "size": "440"}, {"price": "0.94", "size": "9.28"}, {"price": "0.93", "size": "25"}, {"price": "0.9", "size": "20"}, {"price": "0.89", "size": "7257.74"}, {"price": "0.88", "size": "566.65"}, {"price": "0.87", "size": "400"}], "event_type": "book", "last_trade_price": "0.880"}]}
{"_local_timestamp": "2026-01-25T23:40:45.079552+00:00", "data": {"market": "0x6db6cda864057584d61b1b5ad88a2cfefab33feabeefef18ffe13abe579ef974", "price_changes": [{"asset_id": "112520326587254198638663761556701131674524731259419135943052015769014705233883", "price": "0.17", "size": "804", "side": "SELL", "hash": "f88333cc4846a0fdd27e793112d35a6e86dacfc8", "best_bid": "0.13", "best_ask": "0.15"}, {"asset_id": "89614977099306584213591611084155566067625133619562703055238389297472263510387", "price": "0.83", "size": "804", "side": "BUY", "hash": "1acc8f07d2c5a7e76ae168c24f49dfee0099e4db", "best_bid": "0.85", "best_ask": "0.87"}], "timestamp": "1769384445000", "event_type": "price_change"}}
{"_local_timestamp": "2026-01-25T23:40:56.099036+00:00", "data": {"market": "0x6db6cda864057584d61b1b5ad88a2cfefab33feabeefef18ffe13abe579ef974", "price_changes": [{"asset_id": "112520326587254198638663761556701131674524731259419135943052015769014705233883", "price": "0.04", "size": "1250", "side": "BUY", "hash": "201afd186f041d73de26dd9c7526260dc0072c9c", "best_bid": "0.13", "best_ask": "0.15"}, {"asset_id": "89614977099306584213591611084155566067625133619562703055238389297472263510387", "price": "0.96", "size": "1250", "side": "SELL", "hash": "2c14a38533781cee714f66ffc1b274884c38d8d1", "best_bid": "0.85", "best_ask": "0.87"}], "timestamp": "1769384456000", "event_type": "price_change"}}
{"_local_timestamp": "2026-01-25T23:40:56.105435+00:00", "data": {"market": "0x6db6cda864057584d61b1b5ad88a2cfefab33feabeefef18ffe13abe579ef974", "price_changes": [{"asset_id": "112520326587254198638663761556701131674524731259419135943052015769014705233883", "price": "0.01", "size": "9070", "side": "BUY", "hash": "d474830963dd4851bde6ea751356919e7d9fcca6", "best_bid": "0.13", "best_ask": "0.15"}, {"asset_id": "89614977099306584213591611084155566067625133619562703055238389297472263510387", "price": "0.99", "size": "9070", "side": "SELL", "hash": "796e9d6c8ae9149b4063eb80e76279a7676f1109", "best_bid": "0.85", "best_ask": "0.87"}], "timestamp": "1769384456004", "event_type": "price_change"}}
{"_local_timestamp": "2026-01-25T23:41:14.686864+00:00", "data": {"market": "0x6db6cda864057584d61b1b5ad88a2cfefab33feabeefef18ffe13abe579ef974", "price_changes": [{"asset_id": "89614977099306584213591611084155566067625133619562703055238389297472263510387", "price": "0.22", "size": "327.27", "side": "BUY", "hash": "f004b6654a91f7c09735a69049a6e50c6daa9fce", "best_bid": "0.85", "best_ask": "0.87"}, {"asset_id": "112520326587254198638663761556701131674524731259419135943052015769014705233883", "price": "0.78", "size": "327.27", "side": "SELL", "hash": "9603acbd60811a3a56dc199274d4d9cb87e1f582", "best_bid": "0.13", "best_ask": "0.15"}], "timestamp": "1769384474534", "event_type": "price_change"}}
{"_local_timestamp": "2026-01-25T23:41:16.760617+00:00", "data": {"market": "0x6db6cda864057584d61b1b5ad88a2cfefab33feabeefef18ffe13abe579ef974", "price_changes": [{"asset_id": "112520326587254198638663761556701131674524731259419135943052015769014705233883", "price": "0.04", "size": "1625", "side": "BUY", "hash": "fa84abba8e42eb049734cdba7b1df03a2a0ba896", "best_bid": "0.13", "best_ask": "0.15"}, {"asset_id": "89614977099306584213591611084155566067625133619562703055238389297472263510387", "price": "0.96", "size": "1625", "side": "SELL", "hash": "1cf0c7a37c0376db2ac1d8f602f1ce27d924c20c", "best_bid": "0.85", "best_ask": "0.87"}], "timestamp": "1769384476668", "event_type": "price_change"}}
{"_local_timestamp": "2026-01-25T23:41:16.764497+00:00", "data": {"market": "0x6db6cda864057584d61b1b5ad88a2cfefab33feabeefef18ffe13abe579ef974", "price_changes": [{"asset_id": "112520326587254198638663761556701131674524731259419135943052015769014705233883", "price": "0.01", "size": "14170", "side": "BUY", "hash": "178e7d83463e864d44c8109e3b5aef08688a5ab8", "best_bid": "0.13", "best_ask": "0.15"}, {"asset_id": "89614977099306584213591611084155566067625133619562703055238389297472263510387", "price": "0.99", "size": "14170", "side": "SELL", "hash": "e5f41d5d165c9615c00702b6cc3d300ab0cb2c7d", "best_bid": "0.85", "best_ask": "0.87"}], "timestamp": "1769384476669", "event_type": "price_change"}}
{"_local_timestamp": "2026-01-25T23:41:29.511279+00:00", "data": {"market": "0x6db6cda864057584d61b1b5ad88a2cfefab33feabeefef18ffe13abe579ef974", "price_changes": [{"asset_id": "89614977099306584213591611084155566067625133619562703055238389297472263510387", "price": "0.26", "size": "1714", "side": "BUY", "hash": "dd8e6eb6d4e231f5124c40ac526273876549523e", "best_bid": "0.85", "best_ask": "0.87"}, {"asset_id": "112520326587254198638663761556701131674524731259419135943052015769014705233883", "price": "0.74", "size": "1714", "side": "SELL", "hash": "06164f59d1327259dff952860e5eacdd2120ced7", "best_bid": "0.13", "best_ask": "0.15"}], "timestamp": "1769384489436", "event_type": "price_change"}}
{"_local_timestamp": "2026-01-25T23:41:43.111253+00:00", "data": {"market": "0x6db6cda864057584d61b1b5ad88a2cfefab33feabeefef18ffe13abe579ef974", "price_changes": [{"asset_id": "112520326587254198638663761556701131674524731259419135943052015769014705233883", "price": "0.04", "size": "1575", "side": "BUY", "hash": "c189467756b18f61ea780acced7675df2d544f03", "best_bid": "0.13", "best_ask": "0.15"}, {"asset_id": "89614977099306584213591611084155566067625133619562703055238389297472263510387", "price": "0.96", "size": "1575", "side": "SELL", "hash": "f3b4d63e84c9a2f79209e82349a823f052d31626", "best_bid": "0.85", "best_ask": "0.87"}], "timestamp": "1769384503036", "event_type": "price_change"}}
{"_local_timestamp": "2026-01-25T23:41:46.382861+00:00", "data": {"market": "0x6db6cda864057584d61b1b5ad88a2cfefab33feabeefef18ffe13abe579ef974", "price_changes": [{"asset_id": "112520326587254198638663761556701131674524731259419135943052015769014705233883", "price": "0.04", "size": "1625", "side": "BUY", "hash": "708ffb70dddfc425845bc6d3c775c0fd3ab2fe39", "best_bid": "0.13", "best_ask": "0.15"}, {"asset_id": "89614977099306584213591611084155566067625133619562703055238389297472263510387", "price": "0.96", "size": "1625", "side": "SELL", "hash": "bdcb86fbef2980d30177f84e2a8a8374892bb2d8", "best_bid": "0.85", "best_ask": "0.87"}], "timestamp": "1769384506305", "event_type": "price_change"}}
{"_local_timestamp": "2026-01-25T23:41:49.470334+00:00", "data": {"market": "0x6db6cda864057584d61b1b5ad88a2cfefab33feabeefef18ffe13abe579ef974", "price_changes": [{"asset_id": "89614977099306584213591611084155566067625133619562703055238389297472263510387", "price": "0.22", "size": "227.27", "side": "BUY", "hash": "c72cd720f986d58580337feea2946b6bc20284f0", "best_bid": "0.85", "best_ask": "0.87"}, {"asset_id": "112520326587254198638663761556701131674524731259419135943052015769014705233883", "price": "0.78", "size": "227.27", "side": "SELL", "hash": "551e269baebc9b308ab50c0b1846788d7e0fd400", "best_bid": "0.13", "best_ask": "0.15"}], "timestamp": "1769384509394", "event_type": "price_change"}}
{"_local_timestamp": "2026-01-25T23:41:49.758652+00:00", "data": {"market": "0x6db6cda864057584d61b1b5ad88a2cfefab33feabeefef18ffe13abe579ef974", "price_changes": [{"asset_id": "89614977099306584213591611084155566067625133619562703055238389297472263510387", "price": "0.21", "size": "860", "side": "BUY", "hash": "b8441636c5bdcb8ba654227a77293602287b9c27", "best_bid": "0.85", "best_ask": "0.87"}, {"asset_id": "112520326587254198638663761556701131674524731259419135943052015769014705233883", "price": "0.79", "size": "860", "side": "SELL", "hash": "06c5f8cd02bc4894a5fc458b865a4ea1e57b9783", "best_bid": "0.13", "best_ask": "0.15"}], "timestamp": "1769384509661", "event_type": "price_change"}}
{"_local_timestamp": "2026-01-25T23:41:50.886213+00:00", "data": {"market": "0x6db6cda864057584d61b1b5ad88a2cfefab33feabeefef18ffe13abe579ef974", "price_changes": [{"asset_id": "89614977099306584213591611084155566067625133619562703055238389297472263510387", "price": "0.25", "size": "0", "side": "BUY", "hash": "83047b5e50f5dd8b743e5d780507706eb5d5d161", "best_bid": "0.85", "best_ask": "0.87"}, {"asset_id": "112520326587254198638663761556701131674524731259419135943052015769014705233883", "price": "0.75", "size": "0", "side": "SELL", "hash": "da8f4540682fa92575cf9966fb64a72006d24572", "best_bid": "0.13", "best_ask": "0.15"}], "timestamp": "1769384510746", "event_type": "price_change"}}
{"_local_timestamp": "2026-01-25T23:41:52.774380+00:00", "data": {"market": "0x6db6cda864057584d61b1b5ad88a2cfefab33feabeefef18ffe13abe579ef974", "price_changes": [{"asset_id": "89614977099306584213591611084155566067625133619562703055238389297472263510387", "price": "0.22", "size": "327.27", "side": "BUY", "hash": "06d2ee3ba838207fd04d1a27e2a99441850769c2", "best_bid": "0.85", "best_ask": "0.87"}, {"asset_id": "112520326587254198638663761556701131674524731259419135943052015769014705233883", "price": "0.78", "size": "327.27", "side": "SELL", "hash": "6a4a518c4d48761e13bb8e7e49a7038d1680fdf5", "best_bid": "0.13", "best_ask": "0.15"}], "timestamp": "1769384511781", "event_type": "price_change"}}
{"_local_timestamp": "2026-01-25T23:41:55.650335+00:00", "data": {"market": "0x6db6cda864057584d61b1b5ad88a2cfefab33feabeefef18ffe13abe579ef974", "price_changes": [{"asset_id": "112520326587254198638663761556701131674524731259419135943052015769014705233883", "price": "0.17", "size": "901.6", "side": "SELL", "hash": "533d7687bbb73185c2a172384a04b5e9cdd51f89", "best_bid": "0.13", "best_ask": "0.15"}, {"asset_id": "89614977099306584213591611084155566067625133619562703055238389297472263510387", "price": "0.83", "size": "901.6", "side": "BUY", "hash": "7f14fb47e75771986075a07b4451907bc6cca6fa", "best_bid": "0.85", "best_ask": "0.87"}], "timestamp": "1769384515573", "event_type": "price_change"}}
{"_local_timestamp": "2026-01-25T23:42:15.113876+00:00", "data": {"market": "0x6db6cda864057584d61b1b5ad88a2cfefab33feabeefef18ffe13abe579ef974", "price_changes": [{"asset_id": "112520326587254198638663761556701131674524731259419135943052015769014705233883", "price": "0.17", "size": "804", "side": "SELL", "hash": "2646c6790d3afb5ecbd5861ab27263f1de113b03", "best_bid": "0.13", "best_ask": "0.15"}, {"asset_id": "89614977099306584213591611084155566067625133619562703055238389297472263510387", "price": "0.83", "size": "804", "side": "BUY", "hash": "daf2ff7c7564acabc158afa64ec1a04953e7704b", "best_bid": "0.85", "best_ask": "0.87"}], "timestamp": "1769384535000", "event_type": "price_change"}}
{"_local_timestamp": "2026-01-25T23:42:25.066286+00:00", "data": {"market": "0x6db6cda864057584d61b1b5ad88a2cfefab33feabeefef18ffe13abe579ef974", "price_changes": [{"asset_id": "89614977099306584213591611084155566067625133619562703055238389297472263510387", "price": "0.28", "size": "307", "side": "BUY", "hash": "dcdc8a3b91f44b7483784c2c25c9d810f60333e7", "best_bid": "0.85", "best_ask": "0.87"}, {"asset_id": "112520326587254198638663761556701131674524731259419135943052015769014705233883", "price": "0.72", "size": "307", "side": "SELL", "hash": "174dad5a409a93b792f91f785329d97469b1a6d8", "best_bid": "0.13", "best_ask": "0.15"}], "timestamp": "1769384544873", "event_type": "price_change"}}
{"_local_timestamp": "2026-01-25T23:42:25.331731+00:00", "data": {"market": "0x6db6cda864057584d61b1b5ad88a2cfefab33feabeefef18ffe13abe579ef974", "price_changes": [{"asset_id": "89614977099306584213591611084155566067625133619562703055238389297472263510387", "price": "0.26", "size": "1764", "side": "BUY", "hash": "913854f5fbaf86d15b8988037e60aada4a442a67", "best_bid": "0.85", "best_ask": "0.87"}, {"asset_id": "112520326587254198638663761556701131674524731259419135943052015769014705233883", "price": "0.74", "size": "1764", "side": "SELL", "hash": "9b5f1af2e60b75b143a01db328b714a70618e50c", "best_bid": "0.13", "best_ask": "0.15"}], "timestamp": "1769384545149", "event_type": "price_change"}}
{"_local_timestamp": "2026-01-25T23:42:47.197766+00:00", "data": {"market": "0x6db6cda864057584d61b1b5ad88a2cfefab33feabeefef18ffe13abe579ef974", "price_changes": [{"asset_id": "89614977099306584213591611084155566067625133619562703055238389297472263510387", "price": "0.26", "size": "150", "side": "BUY", "hash": "7c3c2fd3ce78175a7f171c0b071717e28e172bb5", "best_bid": "0.85", "best_ask": "0.87"}, {"asset_id": "112520326587254198638663761556701131674524731259419135943052015769014705233883", "price": "0.74", "size": "150", "side": "SELL", "hash": "3aac28f473ae74a96f1c31c1a15f3a294b89d136", "best_bid": "0.13", "best_ask": "0.15"}], "timestamp": "1769384566995", "event_type": "price_change"}}
{"_local_timestamp": "2026-01-25T23:43:25.648809+00:00", "data": {"market": "0x6db6cda864057584d61b1b5ad88a2cfefab33feabeefef18ffe13abe579ef974", "price_changes": [{"asset_id": "112520326587254198638663761556701131674524731259419135943052015769014705233883", "price": "0.17", "size": "901.6", "side": "SELL", "hash": "ef9a15977835eefc61bd8102069677e14f4fc6e2", "best_bid": "0.13", "best_ask": "0.15"}, {"asset_id": "89614977099306584213591611084155566067625133619562703055238389297472263510387", "price": "0.83", "size": "901.6", "side": "BUY", "hash": "425c70144c7321dbffb96f9006a6670decaf7133", "best_bid": "0.85", "best_ask": "0.87"}], "timestamp": "1769384605528", "event_type": "price_change"}}
{"_local_timestamp": "2026-01-25T23:43:38.541935+00:00", "data": {"market": "0x6db6cda864057584d61b1b5ad88a2cfefab33feabeefef18ffe13abe579ef974", "price_changes": [{"asset_id": "89614977099306584213591611084155566067625133619562703055238389297472263510387", "price": "0.26", "size": "100", "side": "BUY", "hash": "67b29958758f1b6b149e610145f3699e3a5d6a3e", "best_bid": "0.85", "best_ask": "0.87"}, {"asset_id": "112520326587254198638663761556701131674524731259419135943052015769014705233883", "price": "0.74", "size": "100", "side": "SELL", "hash": "ffd7fdfbf78c1da45fc18e5079731fdef0902177", "best_bid": "0.13", "best_ask": "0.15"}], "timestamp": "1769384618458", "event_type": "price_change"}}
{"_local_timestamp": "2026-01-25T23:43:38.817955+00:00", "data": {"market": "0x6db6cda864057584d61b1b5ad88a2cfefab33feabeefef18ffe13abe579ef974", "price_changes": [{"asset_id": "89614977099306584213591611084155566067625133619562703055238389297472263510387", "price": "0.28", "size": "357", "side": "BUY", "hash": "ae48a2b7b0c7d281ba1dcc0c45b9233f372e293e", "best_bid": "0.85", "best_ask": "0.87"}, {"asset_id": "112520326587254198638663761556701131674524731259419135943052015769014705233883", "price": "0.72", "size": "357", "side": "SELL", "hash": "56ad2e12f3a9101da03fe5cdd3c1f5fa6b4ac3d2", "best_bid": "0.13", "best_ask": "0.15"}], "timestamp": "1769384618716", "event_type": "price_change"}}
{"_local_timestamp": "2026-01-25T23:43:45.065421+00:00", "data": {"market": "0x6db6cda864057584d61b1b5ad88a2cfefab33feabeefef18ffe13abe579ef974", "price_changes": [{"asset_id": "89614977099306584213591611084155566067625133619562703055238389297472263510387", "price": "0.28", "size": "350", "side": "BUY", "hash": "9af8763c32757c58dc0fc7f2adc8fb4a44225d0d", "best_bid": "0.85", "best_ask": "0.87"}, {"asset_id": "112520326587254198638663761556701131674524731259419135943052015769014705233883", "price": "0.72", "size": "350", "side": "SELL", "hash": "c58c7920463657e2525baa653dbae7bea4a1e502", "best_bid": "0.13", "best_ask": "0.15"}], "timestamp": "1769384624975", "event_type": "price_change"}}
{"_local_timestamp": "2026-01-25T23:43:45.100449+00:00", "data": {"market": "0x6db6cda864057584d61b1b5ad88a2cfefab33feabeefef18ffe13abe579ef974", "price_changes": [{"asset_id": "112520326587254198638663761556701131674524731259419135943052015769014705233883", "price": "0.17", "size": "804", "side": "SELL", "hash": "65f86bdaf3d2334c41b16e2763a41f3687c2b761", "best_bid": "0.13", "best_ask": "0.15"}, {"asset_id": "89614977099306584213591611084155566067625133619562703055238389297472263510387", "price": "0.83", "size": "804", "side": "BUY", "hash": "877175e87bce30a3e034090f2495a3b7f49734a6", "best_bid": "0.85", "best_ask": "0.87"}], "timestamp": "1769384625002", "event_type": "price_change"}}
{"_local_timestamp": "2026-01-25T23:43:45.123701+00:00", "data": {"market": "0x6db6cda864057584d61b1b5ad88a2cfefab33feabeefef18ffe13abe579ef974", "price_changes": [{"asset_id": "89614977099306584213591611084155566067625133619562703055238389297472263510387", "price": "0.29", "size": "6", "side": "BUY", "hash": "918e3cf926af5d11ff81c0a9171e8f65ccb6052b", "best_bid": "0.85", "best_ask": "0.87"}, {"asset_id": "112520326587254198638663761556701131674524731259419135943052015769014705233883", "price": "0.71", "size": "6", "side": "SELL", "hash": "e44435a11756d42e7184c19374af2e3acc9bd32d", "best_bid": "0.13", "best_ask": "0.15"}], "timestamp": "1769384625026", "event_type": "price_change"}}
{"_local_timestamp": "2026-01-25T23:43:53.599496+00:00", "data": {"market": "0x6db6cda864057584d61b1b5ad88a2cfefab33feabeefef18ffe13abe579ef974", "price_changes": [{"asset_id": "89614977099306584213591611084155566067625133619562703055238389297472263510387", "price": "0.23", "size": "1826", "side": "BUY", "hash": "1412c37748ae7a4055f8ae2ec8f5eb2ff6f923ee", "best_bid": "0.85", "best_ask": "0.87"}, {"asset_id": "112520326587254198638663761556701131674524731259419135943052015769014705233883", "price": "0.77", "size": "1826", "side": "SELL", "hash": "497f8591e3827f3b70e1e35b9355363eedf7b470", "best_bid": "0.13", "best_ask": "0.15"}], "timestamp": "1769384633365", "event_type": "price_change"}}
{"_local_timestamp": "2026-01-25T23:44:08.856221+00:00", "data": {"market": "0x6db6cda864057584d61b1b5ad88a2cfefab33feabeefef18ffe13abe579ef974", "price_changes": [{"asset_id": "89614977099306584213591611084155566067625133619562703055238389297472263510387", "price": "0.22", "size": "277.27", "side": "BUY", "hash": "f4164b46ae2b097346d901b83ae651310be533bb", "best_bid": "0.85", "best_ask": "0.87"}, {"asset_id": "112520326587254198638663761556701131674524731259419135943052015769014705233883", "price": "0.78", "size": "277.27", "side": "SELL", "hash": "c10991642e6ae58fef339f30799d5b7bda4b99a3", "best_bid": "0.13", "best_ask": "0.15"}], "timestamp": "1769384648433", "event_type": "price_change"}}
{"_local_timestamp": "2026-01-25T23:44:09.202717+00:00", "data": {"market": "0x6db6cda864057584d61b1b5ad88a2cfefab33feabeefef18ffe13abe579ef974", "price_changes": [{"asset_id": "89614977099306584213591611084155566067625133619562703055238389297472263510387", "price": "0.26", "size": "150", "side": "BUY", "hash": "30552e2bba19dcb9ca134228fcf33d0b12113257", "best_bid": "0.85", "best_ask": "0.87"}, {"asset_id": "112520326587254198638663761556701131674524731259419135943052015769014705233883", "price": "0.74", "size": "150", "side": "SELL", "hash": "5d2c2963a7eff8bfb687b0e1ac2e91e17c50e1f3", "best_bid": "0.13", "best_ask": "0.15"}], "timestamp": "1769384648758", "event_type": "price_change"}}
{"_local_timestamp": "2026-01-25T23:44:18.102442+00:00", "data": {"market": "0x6db6cda864057584d61b1b5ad88a2cfefab33feabeefef18ffe13abe579ef974", "price_changes": [{"asset_id": "112520326587254198638663761556701131674524731259419135943052015769014705233883", "price": "0.1", "size": "10", "side": "BUY", "hash": "85edc8f1bf7283f7b98ccf462290a90bf9db52a6", "best_bid": "0.13", "best_ask": "0.15"}, {"asset_id": "89614977099306584213591611084155566067625133619562703055238389297472263510387", "price": "0.9", "size": "10", "side": "SELL", "hash": "e28c57112089429923880c5744e05ba8d7780fee", "best_bid": "0.85", "best_ask": "0.87"}], "timestamp": "1769384658030", "event_type": "price_change"}}
{"_local_timestamp": "2026-01-25T23:44:18.102865+00:00", "data": {"market": "0x6db6cda864057584d61b1b5ad88a2cfefab33feabeefef18ffe13abe579ef974", "price_changes": [{"asset_id": "89614977099306584213591611084155566067625133619562703055238389297472263510387", "price": "0.81", "size": "0", "side": "BUY", "hash": "369674de545691ea50d4627b2c0ecb02851d1a08", "best_bid": "0.85", "best_ask": "0.87"}, {"asset_id": "112520326587254198638663761556701131674524731259419135943052015769014705233883", "price": "0.19", "size": "0", "side": "SELL", "hash": "a4fbfb11a5992c4ddac745be20915e23e3079900", "best_bid": "0.13", "best_ask": "0.15"}], "timestamp": "1769384658031", "event_type": "price_change"}}
{"_local_timestamp": "2026-01-25T23:44:20.677069+00:00", "data": {"market": "0x6db6cda864057584d61b1b5ad88a2cfefab33feabeefef18ffe13abe579ef974", "price_changes": [{"asset_id": "89614977099306584213591611084155566067625133619562703055238389297472263510387", "price": "0.22", "size": "177.27", "side": "BUY", "hash": "e91e607aa3ffd6e809ae8a053e8c8f16880a3156", "best_bid": "0.85", "best_ask": "0.87"}, {"asset_id": "112520326587254198638663761556701131674524731259419135943052015769014705233883", "price": "0.78", "size": "177.27", "side": "SELL", "hash": "68e4387fbb68347496da2c93e10cea540ea1b882", "best_bid": "0.13", "best_ask": "0.15"}], "timestamp": "1769384660484", "event_type": "price_change"}}
{"_local_timestamp": "2026-01-25T23:44:21.236258+00:00", "data": {"market": "0x6db6cda864057584d61b1b5ad88a2cfefab33feabeefef18ffe13abe579ef974", "price_changes": [{"asset_id": "89614977099306584213591611084155566067625133619562703055238389297472263510387", "price": "0.26", "size": "250", "side": "BUY", "hash": "ad8cdaeadf904a95c43fddfa60b144ca3f87af1b", "best_bid": "0.85", "best_ask": "0.87"}, {"asset_id": "112520326587254198638663761556701131674524731259419135943052015769014705233883", "price": "0.74", "size": "250", "side": "SELL", "hash": "162e0d70c9479f2943f61986bfe3b7629c93afa7", "best_bid": "0.13", "best_ask": "0.15"}], "timestamp": "1769384660848", "event_type": "price_change"}}
{"_local_timestamp": "2026-01-25T23:44:55.660526+00:00", "data": {"market": "0x6db6cda864057584d61b1b5ad88a2cfefab33feabeefef18ffe13abe579ef974", "price_changes": [{"asset_id": "112520326587254198638663761556701131674524731259419135943052015769014705233883", "price": "0.17", "size": "901.6", "side": "SELL", "hash": "23a677e13624c91079969248036967587d723283", "best_bid": "0.13", "best_ask": "0.15"}, {"asset_id": "89614977099306584213591611084155566067625133619562703055238389297472263510387", "price": "0.83", "size": "901.6", "side": "BUY", "hash": "8d16d416dfd8634c5038d24104a64772111874eb", "best_bid": "0.85", "best_ask": "0.87"}], "timestamp": "1769384695588", "event_type": "price_change"}}
{"_local_timestamp": "2026-01-25T23:44:56.102898+00:00", "data": {"market": "0x6db6cda864057584d61b1b5ad88a2cfefab33feabeefef18ffe13abe579ef974", "price_changes": [{"asset_id": "112520326587254198638663761556701131674524731259419135943052015769014705233883", "price": "0.03", "size": "5010.24", "side": "BUY", "hash": "7c37395d8c47c3be195b70bb061cf1269569e00f", "best_bid": "0.13", "best_ask": "0.15"}, {"asset_id": "89614977099306584213591611084155566067625133619562703055238389297472263510387", "price": "0.97", "size": "5010.24", "side": "SELL", "hash": "9ed5b100d365c3fdcc153ddcbcffa069b4179833", "best_bid": "0.85", "best_ask": "0.87"}], "timestamp": "1769384696005", "event_type": "price_change"}}
{"_local_timestamp": "2026-01-25T23:44:56.103450+00:00", "data": {"market": "0x6db6cda864057584d61b1b5ad88a2cfefab33feabeefef18ffe13abe579ef974", "price_changes": [{"asset_id": "112520326587254198638663761556701131674524731259419135943052015769014705233883", "price": "0.04", "size": "1600", "side": "BUY", "hash": "c2cd9a3611a13e4fb6c82e0b0d1c62eba4b9c286", "best_bid": "0.13", "best_ask": "0.15"}, {"asset_id": "89614977099306584213591611084155566067625133619562703055238389297472263510387", "price": "0.96", "size": "1600", "side": "SELL", "hash": "4e0e02c8894aa97c159036c5a90a7ef7374299c6", "best_bid": "0.85", "best_ask": "0.87"}], "timestamp": "1769384696006", "event_type": "price_change"}}
{"_local_timestamp": "2026-01-25T23:44:56.106607+00:00", "data": {"market": "0x6db6cda864057584d61b1b5ad88a2cfefab33feabeefef18ffe13abe579ef974", "price_changes": [{"asset_id": "112520326587254198638663761556701131674524731259419135943052015769014705233883", "price": "0.01", "size": "13870", "side": "BUY", "hash": "eb3dcf0f7433433043fd5c9d6d640c50f86c9f16", "best_bid": "0.13", "best_ask": "0.15"}, {"asset_id": "89614977099306584213591611084155566067625133619562703055238389297472263510387", "price": "0.99", "size": "13870", "side": "SELL", "hash": "98fcf95379fad69b7fb425543586380405680eb0", "best_bid": "0.85", "best_ask": "0.87"}], "timestamp": "1769384696007", "event_type": "price_change"}}
{"_local_timestamp": "2026-01-25T23:44:57.527418+00:00", "data": {"market": "0x6db6cda864057584d61b1b5ad88a2cfefab33feabeefef18ffe13abe579ef974", "price_changes": [{"asset_id": "89614977099306584213591611084155566067625133619562703055238389297472263510387", "price": "0.21", "size": "760", "side": "BUY", "hash": "036004e9b6b6a6771fe7c2d13fe04a7025f35652", "best_bid": "0.85", "best_ask": "0.87"}, {"asset_id": "112520326587254198638663761556701131674524731259419135943052015769014705233883", "price": "0.79", "size": "760", "side": "SELL", "hash": "c4348e5b36a60da4c6e46a917d1711625cbf4f6f", "best_bid": "0.13", "best_ask": "0.15"}], "timestamp": "1769384697456", "event_type": "price_change"}}
{"_local_timestamp": "2026-01-25T23:44:57.850957+00:00", "data": {"market": "0x6db6cda864057584d61b1b5ad88a2cfefab33feabeefef18ffe13abe579ef974", "price_changes": [{"asset_id": "89614977099306584213591611084155566067625133619562703055238389297472263510387", "price": "0.23", "size": "1926", "side": "BUY", "hash": "b2c8ac4d6efad95c9722f5c2659419aad942c365", "best_bid": "0.85", "best_ask": "0.87"}, {"asset_id": "112520326587254198638663761556701131674524731259419135943052015769014705233883", "price": "0.77", "size": "1926", "side": "SELL", "hash": "1b74cc0d02e3d8263c8859d23da0f84a8291ec3d", "best_bid": "0.13", "best_ask": "0.15"}], "timestamp": "1769384697732", "event_type": "price_change"}}
{"_local_timestamp": "2026-01-25T23:44:57.851507+00:00", "data": {"market": "0x6db6cda864057584d61b1b5ad88a2cfefab33feabeefef18ffe13abe579ef974", "price_changes": [{"asset_id": "89614977099306584213591611084155566067625133619562703055238389297472263510387", "price": "0.22", "size": "127.27", "side": "BUY", "hash": "4f02f316db6bac4d981470ca5bacfd54a461c699", "best_bid": "0.85", "best_ask": "0.87"}, {"asset_id": "112520326587254198638663761556701131674524731259419135943052015769014705233883", "price": "0.78", "size": "127.27", "side": "SELL", "hash": "4f8b8978a435ffd850f8567a7ea5a488836fb1ef", "best_bid": "0.13", "best_ask": "0.15"}], "timestamp": "1769384697745", "event_type": "price_change"}}
{"_local_timestamp": "2026-01-25T23:44:58.332913+00:00", "data": {"market": "0x6db6cda864057584d61b1b5ad88a2cfefab33feabeefef18ffe13abe579ef974", "price_changes": [{"asset_id": "89614977099306584213591611084155566067625133619562703055238389297472263510387", "price": "0.21", "size": "810", "side": "BUY", "hash": "4f0916b15ac18fa6a39d8c89f120cafe85ba82f7", "best_bid": "0.85", "best_ask": "0.87"}, {"asset_id": "112520326587254198638663761556701131674524731259419135943052015769014705233883", "price": "0.79", "size": "810", "side": "SELL", "hash": "91339066c095bb2d7b732530f7145a000ffbca0e", "best_bid": "0.13", "best_ask": "0.15"}], "timestamp": "1769384698218", "event_type": "price_change"}}
{"_local_timestamp": "2026-01-25T23:45:04.245254+00:00", "data": {"market": "0x6db6cda864057584d61b1b5ad88a2cfefab33feabeefef18ffe13abe579ef974", "price_changes": [{"asset_id": "112520326587254198638663761556701131674524731259419135943052015769014705233883", "price": "0.04", "size": "1625", "side": "BUY", "hash": "09164d8ef3558ee5d669722bfbed32898adaf55f", "best_bid": "0.13", "best_ask": "0.15"}, {"asset_id": "89614977099306584213591611084155566067625133619562703055238389297472263510387", "price": "0.96", "size": "1625", "side": "SELL", "hash": "56b8f5ba308659691e8c794cf5ccdf46f8eb4da7", "best_bid": "0.85", "best_ask": "0.87"}], "timestamp": "1769384704169", "event_type": "price_change"}}
{"_local_timestamp": "2026-01-25T23:45:04.246070+00:00", "data": {"market": "0x6db6cda864057584d61b1b5ad88a2cfefab33feabeefef18ffe13abe579ef974", "price_changes": [{"asset_id": "112520326587254198638663761556701131674524731259419135943052015769014705233883", "price": "0.01", "size": "14170", "side": "BUY", "hash": "56589814358a3d4f9e9a2d42417092ec03410466", "best_bid": "0.13", "best_ask": "0.15"}, {"asset_id": "89614977099306584213591611084155566067625133619562703055238389297472263510387", "price": "0.99", "size": "14170", "side": "SELL", "hash": "0c5c7b752a9395c5132ac67e4c8bbee514325761", "best_bid": "0.85", "best_ask": "0.87"}], "timestamp": "1769384704170", "event_type": "price_change"}}
{"_local_timestamp": "2026-01-25T23:45:04.246435+00:00", "data": {"market": "0x6db6cda864057584d61b1b5ad88a2cfefab33feabeefef18ffe13abe579ef974", "price_changes": [{"asset_id": "112520326587254198638663761556701131674524731259419135943052015769014705233883", "price": "0.03", "size": "5077.24", "side": "BUY", "hash": "e88b56a43aadf7c27319b61e7302b2595ad0f8a0", "best_bid": "0.13", "best_ask": "0.15"}, {"asset_id": "89614977099306584213591611084155566067625133619562703055238389297472263510387", "price": "0.97", "size": "5077.24", "side": "SELL", "hash": "fcaeaa346cc2ccb88a097e38095bc5e9e4378722", "best_bid": "0.85", "best_ask": "0.87"}], "timestamp": "1769384704171", "event_type": "price_change"}}
{"_local_timestamp": "2026-01-25T23:45:12.090274+00:00", "data": {"market": "0x6db6cda864057584d61b1b5ad88a2cfefab33feabeefef18ffe13abe579ef974", "price_changes": [{"asset_id": "112520326587254198638663761556701131674524731259419135943052015769014705233883", "price": "0.01", "size": "13570", "side": "BUY", "hash": "98931fa273bccc77fa07270cf4301a4a3e1aeb40", "best_bid": "0.13", "best_ask": "0.15"}, {"asset_id": "89614977099306584213591611084155566067625133619562703055238389297472263510387", "price": "0.99", "size": "13570", "side": "SELL", "hash": "3550cd91805aae87a39a72f75e187491a58ae95b", "best_bid": "0.85", "best_ask": "0.87"}], "timestamp": "1769384712000", "event_type": "price_change"}}
{"_local_timestamp": "2026-01-25T23:45:12.090766+00:00", "data": {"market": "0x6db6cda864057584d61b1b5ad88a2cfefab33feabeefef18ffe13abe579ef974", "price_changes": [{"asset_id": "112520326587254198638663761556701131674524731259419135943052015769014705233883", "price": "0.04", "size": "1600", "side": "BUY", "hash": "bccd3ed88764552b49bcdb3e02c56966e6fc331f", "best_bid": "0.13", "best_ask": "0.15"}, {"asset_id": "89614977099306584213591611084155566067625133619562703055238389297472263510387", "price": "0.96", "size": "1600", "side": "SELL", "hash": "bc45be0c78d75a92bffcd2a23bd697c7b696e39c", "best_bid": "0.85", "best_ask": "0.87"}], "timestamp": "1769384712003", "event_type": "price_change"}}
{"_local_timestamp": "2026-01-25T23:45:16.103387+00:00", "data": {"market": "0x6db6cda864057584d61b1b5ad88a2cfefab33feabeefef18ffe13abe579ef974", "price_changes": [{"asset_id": "112520326587254198638663761556701131674524731259419135943052015769014705233883", "price": "0.17", "size": "804", "side": "SELL", "hash": "dcfba605380735acc5f6d9518c4fe2c1c91c5937", "best_bid": "0.13", "best_ask": "0.15"}, {"asset_id": "89614977099306584213591611084155566067625133619562703055238389297472263510387", "price": "0.83", "size": "804", "side": "BUY", "hash": "3ecbe8ef3a0cf784ac10497a49f3e578a000ab7f", "best_bid": "0.85", "best_ask": "0.87"}], "timestamp": "1769384716003", "event_type": "price_change"}}
{"_local_timestamp": "2026-01-25T23:45:22.866321+00:00", "data": {"market": "0x6db6cda864057584d61b1b5ad88a2cfefab33feabeefef18ffe13abe579ef974", "price_changes": [{"asset_id": "89614977099306584213591611084155566067625133619562703055238389297472263510387", "price": "0.83", "size": "704", "side": "BUY", "hash": "25300b98920a13027ee985d7225a10a2625460e7", "best_bid": "0.85", "best_ask": "0.87"}, {"asset_id": "112520326587254198638663761556701131674524731259419135943052015769014705233883", "price": "0.17", "size": "704", "side": "SELL", "hash": "075587bc8b097121902ff52bd0912b719477cc85", "best_bid": "0.13", "best_ask": "0.15"}], "timestamp": "1769384722773", "event_type": "price_change"}}
{"_local_timestamp": "2026-01-25T23:45:22.868442+00:00", "data": {"market": "0x6db6cda864057584d61b1b5ad88a2cfefab33feabeefef18ffe13abe579ef974", "price_changes": [{"asset_id": "112520326587254198638663761556701131674524731259419135943052015769014705233883", "price": "0.11", "size": "7157.74", "side": "BUY", "hash": "7056ee65f7f6b11586e51312a4b266f67be5f544", "best_bid": "0.13", "best_ask": "0.15"}, {"asset_id": "89614977099306584213591611084155566067625133619562703055238389297472263510387", "price": "0.89", "size": "7157.74", "side": "SELL", "hash": "83d19f695cd212125867cfae56f32c6ebbb76233", "best_bid": "0.85", "best_ask": "0.87"}], "timestamp": "1769384722777", "event_type": "price_change"}}
{"_local_timestamp": "2026-01-25T23:45:29.543257+00:00", "data": {"market": "0x6db6cda864057584d61b1b5ad88a2cfefab33feabeefef18ffe13abe579ef974", "price_changes": [{"asset_id": "112520326587254198638663761556701131674524731259419135943052015769014705233883", "price": "0.11", "size": "7257.74", "side": "BUY", "hash": "92cd96b41d63b15a8767e0999d3ba1401cfa2136", "best_bid": "0.13", "best_ask": "0.15"}, {"asset_id": "89614977099306584213591611084155566067625133619562703055238389297472263510387", "price": "0.89", "size": "7257.74", "side": "SELL", "hash": "c2f4826ef3855257ccd0c379659fa4ac91e42284", "best_bid": "0.85", "best_ask": "0.87"}], "timestamp": "1769384729468", "event_type": "price_change"}}
