{"_local_timestamp": "2026-01-25T23:33:34.264360+00:00", "data": [{"market": "0x5ae2789de1987f9725e8a98b0a590cb4e9bf778b5444c9ae7205c2f5a2a4de44", "asset_id": "42588817374350255174819336775326493408529088172554433048302066536138243596805", "timestamp": "1769384004289", "hash": "13d974a62dc14fd0c12ba8901d600e823b2c9992", "bids": [{"price": "0.01", "size": "7509.82"}, {"price": "0.02", "size": "1000"}, {"price": "0.03", "size": "10.23"}, {"price": "0.04", "size": "2000"}, {"price": "0.05", "size": "280"}, {"price": "0.06", "size": "33"}, {"price": "0.07", "size": "100"}, {"price": "0.09", "size": "900"}, {"price": "0.1", "size": "4003"}, {"price": "0.11", "size": "5.4"}, {"price": "0.14", "size": "242.85"}, {"price": "0.15", "size": "550"}, {"price": "0.19", "size": "168.42"}, {"price": "0.2", "size": "400"}, {"price": "0.21", "size": "810"}, {"price": "0.22", "size": "2008"}, {"price": "0.23", "size": "121.73"}, {"price": "0.27", "size": "250"}, {"price": "0.28", "size": "92.85"}, {"price": "0.33", "size": "72.72"}, {"price": "0.37", "size": "54.05"}, {"price": "0.38", "size": "1628"}, {"price": "0.39", "size": "380"}, {"price": "0.77", "size": "9.13"}, {"price": "0.88", "size": "300"}, {"price": "0.9", "size": "150.22"}, {"price": "0.91", "size": "102.67"}], "asks": [{"price": "0.99", "size": "2500"}, {"price": "0.98", "size": "266.82"}, {"price": "0.97", "size": "282.37"}, {"price": "0.96", "size": "10.06"}, {"price": "0.95", "size": "451.57"}, {"price": "0.94", "size": "184"}, {"price": "0.93", "size": "247.22"}, {"price": "0.92", "size": "850"}], "event_type": "book", "last_trade_price": "0.090"}, {"market": "0x5ae2789de1987f9725e8a98b0a590cb4e9bf778b5444c9ae7205c2f5a2a4de44", "asset_id": "46359198888085059339386074227770752989088144333736898490719631934988513190818", "timestamp": "1769384004289", "hash": "d1511b86112e686cb7d73ae70250c7a2b7fd3da6", "bids": [{"price": "0.01", "size": "2500"}, {"price": "0.02", "size": "266.82"}, {"price": "0.03", "size": "282.37"}, {"price": "0.04", "size": "10.06"}, {"price": "0.05", "size": "451.57"}, {"price": "0.06", "size": "184"}, {"price": "0.07", "size": "247.22"}, {"price": "0.08", "size": "850"}], "asks": [{"price": "0.99", "size": "7509.82"}, {"price": "0.98", "size": "1000"}, {"price": "0.97", "size": "10.23"}, {"price": "0.96", "size": "2000"}, {"price": "0.95", "size": "280"}, {"price": "0.94", "size": "33"}, {"price": "0.93", "size": "100"}, {"price": "0.91", "size": "900"}, {"price": "0.9", "size": "4003"}, {"price": "0.89", "size": "5.4"}, {"price": "0.86", "size": "242.85"}, {"price": "0.85", "size": "550"}, {"price": "0.81", "size": "168.42"}, {"price": "0.8", "size": "400"}, {"price": "0.79", "size": "810"}, {"price": "0.78", "size": "2008"}, {"price": "0.77", "size": "121.73"}, {"price": "0.73", "size": "250"}, {"price": "0.72", "size": "92.85"}, {"price": "0.67", "size": "72.72"}, {"price": "0.63", "size": "54.05"}, {"price": "0.62", "size": "1628"}, {"price": "0.61", "size": "380"}, {"price": "0.23", "size": "9.13"}, {"price": "0.12", "size": "300"}, {"price": "0.1", "size": "150.22"}, {"price": "0.09", "size": "102.67"}], "event_type": "book", "last_trade_price": "0.090"}]}
{"_local_timestamp": "2026-01-25T23:33:51.235131+00:00", "data": {"market": "0x5ae2789de1987f9725e8a98b0a590cb4e9bf778b5444c9ae7205c2f5a2a4de44", "price_changes": [{"asset_id": "42588817374350255174819336775326493408529088172554433048302066536138243596805", "price": "0.1", "size": "1000", "side": "BUY", "hash": "832047082d4b87d987d12ba36af1ded2556c19ac", "best_bid": "0.91", "best_ask": "0.92"}, {"asset_id": "46359198888085059339386074227770752989088144333736898490719631934988513190818", "price": "0.9", "size": "1000", "side": "SELL", "hash": "b6f0985b0f918665dc3a994389ab9493343366a5", "best_bid": "0.08", "best_ask": "0.09"}], "timestamp": "1769384031141", "event_type": "price_change"}}
{"_local_timestamp": "2026-01-25T23:33:51.375988+00:00", "data": {"market": "0x5ae2789de1987f9725e8a98b0a590cb4e9bf778b5444c9ae7205c2f5a2a4de44", "price_changes": [{"asset_id": "42588817374350255174819336775326493408529088172554433048302066536138243596805", "price": "0.1", "size": "4047", "side": "BUY", "hash": "7e63606caf6e76de60ad69bac30c6083e6de70d9", "best_bid": "0.91", "best_ask": "0.92"}, {"asset_id": "46359198888085059339386074227770752989088144333736898490719631934988513190818", "price": "0.9", "size": "4047", "side": "SELL", "hash": "7cf654dd92d4c576632b477da8a5cee708e52b30", "best_bid": "0.08", "best_ask": "0.09"}], "timestamp": "1769384031303", "event_type": "price_change"}}
{"_local_timestamp": "2026-01-25T23:34:18.656501+00:00", "data": {"market": "0x5ae2789de1987f9725e8a98b0a590cb4e9bf778b5444c9ae7205c2f5a2a4de44", "price_changes": [{"asset_id": "42588817374350255174819336775326493408529088172554433048302066536138243596805", "price": "0.36", "size": "5", "side": "BUY", "hash": "fde99a048971211732b85066a24b984b719b0b71", "best_bid": "0.91", "best_ask": "0.92"}, {"asset_id": "46359198888085059339386074227770752989088144333736898490719631934988513190818", "price": "0.64", "size": "5", "side": "SELL", "hash": "458d69fc404910e56286ee44e7ff60e17ad3e27b", "best_bid": "0.08", "best_ask": "0.09"}], "timestamp": "1769384058409", "event_type": "price_change"}}
{"_local_timestamp": "2026-01-25T23:34:20.046198+00:00", "data": {"market": "0x5ae2789de1987f9725e8a98b0a590cb4e9bf778b5444c9ae7205c2f5a2a4de44", "price_changes": [{"asset_id": "42588817374350255174819336775326493408529088172554433048302066536138243596805", "price": "0.22", "size": "100", "side": "BUY", "hash": "3e96bc04e27010e70b64a9bae53470c9e987a9e9", "best_bid": "0.91", "best_ask": "0.92"}, {"asset_id": "46359198888085059339386074227770752989088144333736898490719631934988513190818", "price": "0.78", "size": "100", "side": "SELL", "hash": "d0fbfb2f1a9eef82a4d1e8476241378e40ee66eb", "best_bid": "0.08", "best_ask": "0.09"}], "timestamp": "1769384059761", "event_type": "price_change"}}
{"_local_timestamp": "2026-01-25T23:34:25.268162+00:00", "data": {"market": "0x5ae2789de1987f9725e8a98b0a590cb4e9bf778b5444c9ae7205c2f5a2a4de44", "price_changes": [{"asset_id": "42588817374350255174819336775326493408529088172554433048302066536138243596805", "price": "0.28", "size": "1590.85", "side": "BUY", "hash": "3a6aaaef6043ac0e4e17f8d6161b1beabe65486d", "best_bid": "0.91", "best_ask": "0.92"}, {"asset_id": "46359198888085059339386074227770752989088144333736898490719631934988513190818", "price": "0.72", "size": "1590.85", "side": "SELL", "hash": "408716e9ad6c98012ac5cb9bbf676bbb9ef3d05b", "best_bid": "0.08", "best_ask": "0.09"}], "timestamp": "1769384065014", "event_type": "price_change"}}
{"_local_timestamp": "2026-01-25T23:35:01.955763+00:00", "data": {"market": "0x5ae2789de1987f9725e8a98b0a590cb4e9bf778b5444c9ae7205c2f5a2a4de44", "price_changes": [{"asset_id": "42588817374350255174819336775326493408529088172554433048302066536138243596805", "price": "0.9", "size": "200.22", "side": "BUY", "hash": "e81b43e6e8b4e66e09a58749f836d7fa21e6ea39", "best_bid": "0.91", "best_ask": "0.92"}, {"asset_id": "46359198888085059339386074227770752989088144333736898490719631934988513190818", "price": "0.1", "size": "200.22", "side": "SELL", "hash": "0ab46a1c7985aa27a6ce0f6c476b8402a5b94bea", "best_bid": "0.08", "best_ask": "0.09"}], "timestamp": "1769384101884", "event_type": "price_change"}}
{"_local_timestamp": "2026-01-25T23:35:01.963282+00:00", "data": {"market": "0x5ae2789de1987f9725e8a98b0a590cb4e9bf778b5444c9ae7205c2f5a2a4de44", "price_changes": [{"asset_id": "46359198888085059339386074227770752989088144333736898490719631934988513190818", "price": "0.07", "size": "297.22", "side": "BUY", "hash": "316c029139deb1b16103df989d3282e1bc63e225", "best_bid": "0.08", "best_ask": "0.09"}, {"asset_id": "42588817374350255174819336775326493408529088172554433048302066536138243596805", "price": "0.93", "size": "297.22", "side": "SELL", "hash": "51e7b934b5daf8682a1d16626d5e27318da82df4", "best_bid": "0.91", "best_ask": "0.92"}], "timestamp": "1769384101885", "event_type": "price_change"}}
{"_local_timestamp": "2026-01-25T23:35:11.182212+00:00", "data": {"market": "0x5ae2789de1987f9725e8a98b0a590cb4e9bf778b5444c9ae7205c2f5a2a4de44", "price_changes": [{"asset_id": "42588817374350255174819336775326493408529088172554433048302066536138243596805", "price": "0.36", "size": "0", "side": "BUY", "hash": "97c5ac5f19ab3458c3bc5d621bec821b2bb61ced", "best_bid": "0.91", "best_ask": "0.92"}, {"asset_id": "46359198888085059339386074227770752989088144333736898490719631934988513190818", "price": "0.64", "size": "0", "side": "SELL", "hash": "13b1ba053cffbece5779a1774b340cc82bd59ff4", "best_bid": "0.08", "best_ask": "0.09"}], "timestamp": "1769384111118", "event_type": "price_change"}}
{"_local_timestamp": "2026-01-25T23:35:11.665542+00:00", "data": {"market": "0x5ae2789de1987f9725e8a98b0a590cb4e9bf778b5444c9ae7205c2f5a2a4de44", "price_changes": [{"asset_id": "42588817374350255174819336775326493408529088172554433048302066536138243596805", "price": "0.36", "size": "5", "side": "BUY", "hash": "3471818469233701f8a853f380a8adcad599c68b", "best_bid": "0.91", "best_ask": "0.92"}, {"asset_id": "46359198888085059339386074227770752989088144333736898490719631934988513190818", "price": "0.64", "size": "5", "side": "SELL", "hash": "c118bbabbc9b1995b925f7d3a18ad3ebafd099bb", "best_bid": "0.08", "best_ask": "0.09"}], "timestamp": "1769384111597", "event_type": "price_change"}}
{"_local_timestamp": "2026-01-25T23:35:13.335128+00:00", "data": {"market": "0x5ae2789de1987f9725e8a98b0a590cb4e9bf778b5444c9ae7205c2f5a2a4de44", "price_changes": [{"asset_id": "42588817374350255174819336775326493408529088172554433048302066536138243596805", "price": "0.36", "size": "0", "side": "BUY", "hash": "cb6b3bcd2f00e83084d8cb37c15eeaca3589bbde", "best_bid": "0.91", "best_ask": "0.92"}, {"asset_id": "46359198888085059339386074227770752989088144333736898490719631934988513190818", "price": "0.64", "size": "0", "side": "SELL", "hash": "3e0a82b37da935e3f0ac092693a06f4e46816637", "best_bid": "0.08", "best_ask": "0.09"}], "timestamp": "1769384113223", "event_type": "price_change"}}
{"_local_timestamp": "2026-01-25T23:35:13.760985+00:00", "data": {"market": "0x5ae2789de1987f9725e8a98b0a590cb4e9bf778b5444c9ae7205c2f5a2a4de44", "price_changes": [{"asset_id": "42588817374350255174819336775326493408529088172554433048302066536138243596805", "price": "0.36", "size": "5", "side": "BUY", "hash": "585d599bbb9f5b32008c620629c0b6597f7c4fde", "best_bid": "0.91", "best_ask": "0.92"}, {"asset_id": "46359198888085059339386074227770752989088144333736898490719631934988513190818", "price": "0.64", "size": "5", "side": "SELL", "hash": "0934aff2e660c79854547553f74621f5ee50205f", "best_bid": "0.08", "best_ask": "0.09"}], "timestamp": "1769384113657", "event_type": "price_change"}}
{"_local_timestamp": "2026-01-25T23:35:16.071016+00:00", "data": {"market": "0x5ae2789de1987f9725e8a98b0a590cb4e9bf778b5444c9ae7205c2f5a2a4de44", "price_changes": [{"asset_id": "42588817374350255174819336775326493408529088172554433048302066536138243596805", "price": "0.36", "size": "0", "side": "BUY", "hash": "ed155949aec3aa4a92b47c85c2d70ffebb446faa", "best_bid": "0.91", "best_ask": "0.92"}, {"asset_id": "46359198888085059339386074227770752989088144333736898490719631934988513190818", "price": "0.64", "size": "0", "side": "SELL", "hash": "7ee81374a42b5a3a01280096836b2e3c9a722954", "best_bid": "0.08", "best_ask": "0.09"}], "timestamp": "1769384115991", "event_type": "price_change"}}
{"_local_timestamp": "2026-01-25T23:35:16.310993+00:00", "data": {"market": "0x5ae2789de1987f9725e8a98b0a590cb4e9bf778b5444c9ae7205c2f5a2a4de44", "price_changes": [{"asset_id": "42588817374350255174819336775326493408529088172554433048302066536138243596805", "price": "0.36", "size": "5", "side": "BUY", "hash": "971ca7854d7f80d34f544da97e0eba9831ffd075", "best_bid": "0.91", "best_ask": "0.92"}, {"asset_id": "46359198888085059339386074227770752989088144333736898490719631934988513190818", "price": "0.64", "size": "5", "side": "SELL", "hash": "0b26db8cd42a045f50a982ffb779c3cfff097d87", "best_bid": "0.08", "best_ask": "0.09"}], "timestamp": "1769384116243", "event_type": "price_change"}}
{"_local_timestamp": "2026-01-25T23:35:18.612416+00:00", "data": {"market": "0x5ae2789de1987f9725e8a98b0a590cb4e9bf778b5444c9ae7205c2f5a2a4de44", "price_changes": [{"asset_id": "42588817374350255174819336775326493408529088172554433048302066536138243596805", "price": "0.36", "size": "0", "side": "BUY", "hash": "3f528ff7afd414e52624e06131a67df8be862b7f", "best_bid": "0.91", "best_ask": "0.92"}, {"asset_id": "46359198888085059339386074227770752989088144333736898490719631934988513190818", "price": "0.64", "size": "0", "side": "SELL", "hash": "02aeee24ee7fced49c7bcfada11a9a7aa9f1d207", "best_bid": "0.08", "best_ask": "0.09"}], "timestamp": "1769384118545", "event_type": "price_change"}}
{"_local_timestamp": "2026-01-25T23:35:18.964569+00:00", "data": {"market": "0x5ae2789de1987f9725e8a98b0a590cb4e9bf778b5444c9ae7205c2f5a2a4de44", "price_changes": [{"asset_id": "42588817374350255174819336775326493408529088172554433048302066536138243596805", "price": "0.36", "size": "5", "side": "BUY", "hash": "1a403bb7cc96883f6477d2cf23b87906244a842d", "best_bid": "0.91", "best_ask": "0.92"}, {"asset_id": "46359198888085059339386074227770752989088144333736898490719631934988513190818", "price": "0.64", "size": "5", "side": "SELL", "hash": "236c2ccbd916ea75e98bb2a60d55be7ba8893ade", "best_bid": "0.08", "best_ask": "0.09"}], "timestamp": "1769384118893", "event_type": "price_change"}}
