{"_local_timestamp": "2026-01-25T23:33:16.942184+00:00", "data": [{"market": "0xe9c127a8c35f045d37b5344b0a36711084fa20c2fc1618bf178a5386f90610be", "asset_id": "107000426448217931795450451304515386602910396776318075817601265223856116134349", "timestamp": "1769383984070", "hash": "d3cba57959367524e5add983b57f61042d163609", "bids": [{"price": "0.001", "size": "827726.43"}, {"price": "0.002", "size": "1255.1"}, {"price": "0.003", "size": "1400"}, {"price": "0.004", "size": "9.87"}, {"price": "0.006", "size": "200"}, {"price": "0.01", "size": "2000"}, {"price": "0.011", "size": "10.62"}, {"price": "0.02", "size": "1000"}, {"price": "0.021", "size": "5000"}, {"price": "0.022", "size": "167.83"}, {"price": "0.03", "size": "300"}, {"price": "0.032", "size": "5200"}, {"price": "0.037", "size": "92.66"}, {"price": "0.039", "size": "94.67"}, {"price": "0.04", "size": "5.8"}, {"price": "0.05", "size": "30"}, {"price": "0.051", "size": "39"}, {"price": "0.06", "size": "500"}, {"price": "0.062", "size": "55.29"}, {"price": "0.063", "size": "58.6"}, {"price": "0.1", "size": "560"}, {"price": "0.101", "size": "33.94"}, {"price": "0.103", "size": "35.84"}, {"price": "0.104", "size": "5.73"}, {"price": "0.123", "size": "27.87"}, {"price": "0.124", "size": "29.77"}, {"price": "0.15", "size": "776.66"}, {"price": "0.151", "size": "24.45"}, {"price": "0.171", "size": "21.59"}, {"price": "0.172", "size": "19.93"}, {"price": "0.173", "size": "21.34"}, {"price": "0.2", "size": "660"}, {"price": "0.201", "size": "35.41"}, {"price": "0.25", "size": "362"}, {"price": "0.251", "size": "28.36"}, {"price": "0.3", "size": "198.96"}, {"price": "0.301", "size": "11.39"}, {"price": "0.35", "size": "68.57"}, {"price": "0.351", "size": "9.76"}, {"price": "0.36", "size": "38.54"}, {"price": "0.361", "size": "7050"}, {"price": "0.362", "size": "250"}, {"price": "0.363", "size": "9.44"}, {"price": "0.4", "size": "134.23"}, {"price": "0.403", "size": "5"}, {"price": "0.404", "size": "8.48"}, {"price": "0.458", "size": "7.48"}, {"price": "0.459", "size": "8.04"}, {"price": "0.6", "size": "35.71"}, {"price": "0.601", "size": "5.7"}, {"price": "0.83", "size": "100"}, {"price": "0.92", "size": "108.33"}, {"price": "0.966", "size": "500"}, {"price": "0.967", "size": "2000"}, {"price": "0.97", "size": "2953"}, {"price": "0.971", "size": "24.5"}, {"price": "0.972", "size": "367"}, {"price": "0.987", "size": "25"}, {"price": "0.988", "size": "15"}, {"price": "0.989", "size": "5.24"}], "asks": [{"price": "0.999", "size": "12487.06"}, {"price": "0.998", "size": "406.22"}, {"price": "0.997", "size": "345.72"}, {"price": "0.996", "size": "124.73"}, {"price": "0.995", "size": "30"}, {"price": "0.994", "size": "30.63"}, {"price": "0.993", "size": "2.46"}], "event_type": "book", "last_trade_price": "0.007"}, {"market": "0xe9c127a8c35f045d37b5344b0a36711084fa20c2fc1618bf178a5386f90610be", "asset_id": "80230236018433940569996058935444651347308266584430516013229815570706872276819", "timestamp": "1769383984070", "hash": "cb720cb77daf376a35cbbb32a03b052d3e203af8", "bids": [{"price": "0.001", "size": "12487.06"}, {"price": "0.002", "size": "406.22"}, {"price": "0.003", "size": "345.72"}, {"price": "0.004", "size": "124.73"}, {"price": "0.005", "size": "30"}, {"price": "0.006", "size": "30.63"}, {"price": "0.007", "size": "2.46"}], "asks": [{"price": "0.999", "size": "827726.43"}, {"price": "0.998", "size": "1255.1"}, {"price": "0.997", "size": "1400"}, {"price": "0.996", "size": "9.87"}, {"price": "0.994", "size": "200"}, {"price": "0.99", "size": "2000"}, {"price": "0.989", "size": "10.62"}, {"price": "0.98", "size": "1000"}, {"price": "0.979", "size": "5000"}, {"price": "0.978", "size": "167.83"}, {"price": "0.97", "size": "300"}, {"price": "0.968", "size": "5200"}, {"price": "0.963", "size": "92.66"}, {"price": "0.961", "size": "94.67"}, {"price": "0.96", "size": "5.8"}, {"price": "0.95", "size": "30"}, {"price": "0.949", "size": "39"}, {"price": "0.94", "size": "500"}, {"price": "0.938", "size": "55.29"}, {"price": "0.937", "size": "58.6"}, {"price": "0.9", "size": "560"}, {"price": "0.899", "size": "33.94"}, {"price": "0.897", "size": "35.84"}, {"price": "0.896", "size": "5.73"}, {"price": "0.877", "size": "27.87"}, {"price": "0.876", "size": "29.77"}, {"price": "0.85", "size": "776.66"}, {"price": "0.849", "size": "24.45"}, {"price": "0.829", "size": "21.59"}, {"price": "0.828", "size": "19.93"}, {"price": "0.827", "size": "21.34"}, {"price": "0.8", "size": "660"}, {"price": "0.799", "size": "35.41"}, {"price": "0.75", "size": "362"}, {"price": "0.749", "size": "28.36"}, {"price": "0.7", "size": "198.96"}, {"price": "0.699", "size": "11.39"}, {"price": "0.65", "size": "68.57"}, {"price": "0.649", "size": "9.76"}, {"price": "0.64", "size": "38.54"}, {"price": "0.639", "size": "7050"}, {"price": "0.638", "size": "250"}, {"price": "0.637", "size": "9.44"}, {"price": "0.6", "size": "134.23"}, {"price": "0.597", "size": "5"}, {"price": "0.596", "size": "8.48"}, {"price": "0.542", "size": "7.48"}, {"price": "0.541", "size": "8.04"}, {"price": "0.4", "size": "35.71"}, {"price": "0.399", "size": "5.7"}, {"price": "0.17", "size": "100"}, {"price": "0.08", "size": "108.33"}, {"price": "0.034", "size": "500"}, {"price": "0.033", "size": "2000"}, {"price": "0.03", "size": "2953"}, {"price": "0.029", "size": "24.5"}, {"price": "0.028", "size": "367"}, {"price": "0.013", "size": "25"}, {"price": "0.012", "size": "15"}, {"price": "0.011", "size": "5.24"}], "event_type": "book", "last_trade_price": "0.007"}]}
{"_local_timestamp": "2026-01-25T23:33:18.183584+00:00", "data": {"market": "0xe9c127a8c35f045d37b5344b0a36711084fa20c2fc1618bf178a5386f90610be", "price_changes": [{"asset_id": "107000426448217931795450451304515386602910396776318075817601265223856116134349", "price": "0.4", "size": "125", "side": "BUY", "hash": "48db3c32f71b33680936d2e9ea8dd3b44adcf0f4", "best_bid": "0.989", "best_ask": "0.993"}, {"asset_id": "80230236018433940569996058935444651347308266584430516013229815570706872276819", "price": "0.6", "size": "125", "side": "SELL", "hash": "f991009c4109f4a85a9abab0b25b9a150e1d091b", "best_bid": "0.007", "best_ask": "0.011"}], "timestamp": "1769383998109", "event_type": "price_change"}}
{"_local_timestamp": "2026-01-25T23:33:18.403867+00:00", "data": {"market": "0xe9c127a8c35f045d37b5344b0a36711084fa20c2fc1618bf178a5386f90610be", "price_changes": [{"asset_id": "107000426448217931795450451304515386602910396776318075817601265223856116134349", "price": "0.3", "size": "186.66", "side": "BUY", "hash": "b7403b69ad3346bdbba1a7e389a1e0ddc4f77931", "best_bid": "0.989", "best_ask": "0.993"}, {"asset_id": "80230236018433940569996058935444651347308266584430516013229815570706872276819", "price": "0.7", "size": "186.66", "side": "SELL", "hash": "3ff5f20036bbc059504a5071e57959029921a734", "best_bid": "0.007", "best_ask": "0.011"}], "timestamp": "1769383998324", "event_type": "price_change"}}
{"_local_timestamp": "2026-01-25T23:33:18.572406+00:00", "data": {"market": "0xe9c127a8c35f045d37b5344b0a36711084fa20c2fc1618bf178a5386f90610be", "price_changes": [{"asset_id": "107000426448217931795450451304515386602910396776318075817601265223856116134349", "price": "0.103", "size": "0", "side": "BUY", "hash": "55b408f77f7ca601d53c47da909630440c6189e1", "best_bid": "0.989", "best_ask": "0.993"}, {"asset_id": "80230236018433940569996058935444651347308266584430516013229815570706872276819", "price": "0.897", "size": "0", "side": "SELL", "hash": "5f19bbbd94c82fdeb9331768becc5b2902035bb1", "best_bid": "0.007", "best_ask": "0.011"}], "timestamp": "1769383998504", "event_type": "price_change"}}
{"_local_timestamp": "2026-01-25T23:33:18.753508+00:00", "data": {"market": "0xe9c127a8c35f045d37b5344b0a36711084fa20c2fc1618bf178a5386f90610be", "price_changes": [{"asset_id": "107000426448217931795450451304515386602910396776318075817601265223856116134349", "price": "0.039", "size": "0", "side": "BUY", "hash": "f8594b4d6bb4941d303784baa4dde14156dd9ab7", "best_bid": "0.989", "best_ask": "0.993"}, {"asset_id": "80230236018433940569996058935444651347308266584430516013229815570706872276819", "price": "0.961", "size": "0", "side": "SELL", "hash": "14c7a00b5740ae277f4664e306f42e2fb7e323e0", "best_bid": "0.007", "best_ask": "0.011"}], "timestamp": "1769383998678", "event_type": "price_change"}}
{"_local_timestamp": "2026-01-25T23:33:18.950494+00:00", "data": {"market": "0xe9c127a8c35f045d37b5344b0a36711084fa20c2fc1618bf178a5386f90610be", "price_changes": [{"asset_id": "107000426448217931795450451304515386602910396776318075817601265223856116134349", "price": "0.022", "size": "0", "side": "BUY", "hash": "c23c2d6c2f65e45ef5d689d3fdda86fda1259df0", "best_bid": "0.989", "best_ask": "0.993"}, {"asset_id": "80230236018433940569996058935444651347308266584430516013229815570706872276819", "price": "0.978", "size": "0", "side": "SELL", "hash": "65609d1547b69397af7db46e0cd4a74f84449325", "best_bid": "0.007", "best_ask": "0.011"}], "timestamp": "1769383998881", "event_type": "price_change"}}
{"_local_timestamp": "2026-01-25T23:33:19.149027+00:00", "data": {"market": "0xe9c127a8c35f045d37b5344b0a36711084fa20c2fc1618bf178a5386f90610be", "price_changes": [{"asset_id": "107000426448217931795450451304515386602910396776318075817601265223856116134349", "price": "0.022", "size": "181.81", "side": "BUY", "hash": "783add415e8c3f5d3519aa655fcbad53bf736122", "best_bid": "0.989", "best_ask": "0.993"}, {"asset_id": "80230236018433940569996058935444651347308266584430516013229815570706872276819", "price": "0.978", "size": "181.81", "side": "SELL", "hash": "0eb0171340bbfc3fe8831b885d54a7c3a1411b04", "best_bid": "0.007", "best_ask": "0.011"}], "timestamp": "1769383999068", "event_type": "price_change"}}
{"_local_timestamp": "2026-01-25T23:33:19.335405+00:00", "data": {"market": "0xe9c127a8c35f045d37b5344b0a36711084fa20c2fc1618bf178a5386f90610be", "price_changes": [{"asset_id": "107000426448217931795450451304515386602910396776318075817601265223856116134349", "price": "0.041", "size": "97.56", "side": "BUY", "hash": "c07668bb30d8a7b22ef61edd0230d4afa6b4cf10", "best_bid": "0.989", "best_ask": "0.993"}, {"asset_id": "80230236018433940569996058935444651347308266584430516013229815570706872276819", "price": "0.959", "size": "97.56", "side": "SELL", "hash": "395d888856077a6c29001dd8a8bf986f4911daa0", "best_bid": "0.007", "best_ask": "0.011"}], "timestamp": "1769383999266", "event_type": "price_change"}}
{"_local_timestamp": "2026-01-25T23:33:19.526006+00:00", "data": {"market": "0xe9c127a8c35f045d37b5344b0a36711084fa20c2fc1618bf178a5386f90610be", "price_changes": [{"asset_id": "107000426448217931795450451304515386602910396776318075817601265223856116134349", "price": "0.063", "size": "0", "side": "BUY", "hash": "50ad37aacf52e085b439e9cb9afa6cfcefd348da", "best_bid": "0.989", "best_ask": "0.993"}, {"asset_id": "80230236018433940569996058935444651347308266584430516013229815570706872276819", "price": "0.937", "size": "0", "side": "SELL", "hash": "2bea573e4316c65ecde41c79c7e61977d474f671", "best_bid": "0.007", "best_ask": "0.011"}], "timestamp": "1769383999458", "event_type": "price_change"}}
{"_local_timestamp": "2026-01-25T23:33:19.716049+00:00", "data": {"market": "0xe9c127a8c35f045d37b5344b0a36711084fa20c2fc1618bf178a5386f90610be", "price_changes": [{"asset_id": "107000426448217931795450451304515386602910396776318075817601265223856116134349", "price": "0.063", "size": "63.49", "side": "BUY", "hash": "ad0261748dc67891b89529d2eb9440ee07b8d217", "best_bid": "0.989", "best_ask": "0.993"}, {"asset_id": "80230236018433940569996058935444651347308266584430516013229815570706872276819", "price": "0.937", "size": "63.49", "side": "SELL", "hash": "9b57aeee152199ee84c3509248822e29777b0f9a", "best_bid": "0.007", "best_ask": "0.011"}], "timestamp": "1769383999641", "event_type": "price_change"}}
{"_local_timestamp": "2026-01-25T23:33:19.900427+00:00", "data": {"market": "0xe9c127a8c35f045d37b5344b0a36711084fa20c2fc1618bf178a5386f90610be", "price_changes": [{"asset_id": "107000426448217931795450451304515386602910396776318075817601265223856116134349", "price": "0.105", "size": "38.09", "side": "BUY", "hash": "7b4bf6c3ba8ee81eafa0447bd1b8019a4fdbe7c7", "best_bid": "0.989", "best_ask": "0.993"}, {"asset_id": "80230236018433940569996058935444651347308266584430516013229815570706872276819", "price": "0.895", "size": "38.09", "side": "SELL", "hash": "3c64a853b4ac178440b32f10b9ae204bcd5e8485", "best_bid": "0.007", "best_ask": "0.011"}], "timestamp": "1769383999828", "event_type": "price_change"}}
{"_local_timestamp": "2026-01-25T23:33:20.093114+00:00", "data": {"market": "0xe9c127a8c35f045d37b5344b0a36711084fa20c2fc1618bf178a5386f90610be", "price_changes": [{"asset_id": "107000426448217931795450451304515386602910396776318075817601265223856116134349", "price": "0.124", "size": "0", "side": "BUY", "hash": "ca3746866737a1a950433a9e1111836c6d4a98f7", "best_bid": "0.989", "best_ask": "0.993"}, {"asset_id": "80230236018433940569996058935444651347308266584430516013229815570706872276819", "price": "0.876", "size": "0", "side": "SELL", "hash": "cdcc174e2e5c2e43e2dda64507c9b0d53d525827", "best_bid": "0.007", "best_ask": "0.011"}], "timestamp": "1769384000020", "event_type": "price_change"}}
{"_local_timestamp": "2026-01-25T23:33:20.281153+00:00", "data": {"market": "0xe9c127a8c35f045d37b5344b0a36711084fa20c2fc1618bf178a5386f90610be", "price_changes": [{"asset_id": "107000426448217931795450451304515386602910396776318075817601265223856116134349", "price": "0.124", "size": "32.25", "side": "BUY", "hash": "c7eaa09849b4502f0ed40da08f6338609caa6fd4", "best_bid": "0.989", "best_ask": "0.993"}, {"asset_id": "80230236018433940569996058935444651347308266584430516013229815570706872276819", "price": "0.876", "size": "32.25", "side": "SELL", "hash": "106dcb10e9fb9b46fb6773461aa5053fe019463b", "best_bid": "0.007", "best_ask": "0.011"}], "timestamp": "1769384000211", "event_type": "price_change"}}
{"_local_timestamp": "2026-01-25T23:33:20.455654+00:00", "data": {"market": "0xe9c127a8c35f045d37b5344b0a36711084fa20c2fc1618bf178a5386f90610be", "price_changes": [{"asset_id": "107000426448217931795450451304515386602910396776318075817601265223856116134349", "price": "0.151", "size": "0", "side": "BUY", "hash": "b0f4bc9054b5efbaed21a8e17e35ca158f5086a1", "best_bid": "0.989", "best_ask": "0.993"}, {"asset_id": "80230236018433940569996058935444651347308266584430516013229815570706872276819", "price": "0.849", "size": "0", "side": "SELL", "hash": "3a834dbe3c6297363225c9b9536e9121f162fd42", "best_bid": "0.007", "best_ask": "0.011"}], "timestamp": "1769384000388", "event_type": "price_change"}}
{"_local_timestamp": "2026-01-25T23:33:20.676326+00:00", "data": {"market": "0xe9c127a8c35f045d37b5344b0a36711084fa20c2fc1618bf178a5386f90610be", "price_changes": [{"asset_id": "107000426448217931795450451304515386602910396776318075817601265223856116134349", "price": "0.151", "size": "26.49", "side": "BUY", "hash": "9bd441f40d678acc09f85399e4b0c798903af0d9", "best_bid": "0.989", "best_ask": "0.993"}, {"asset_id": "80230236018433940569996058935444651347308266584430516013229815570706872276819", "price": "0.849", "size": "26.49", "side": "SELL", "hash": "5acfc0ef1814036f68199e0c12c909fa451ca541", "best_bid": "0.007", "best_ask": "0.011"}], "timestamp": "1769384000605", "event_type": "price_change"}}
{"_local_timestamp": "2026-01-25T23:33:20.869695+00:00", "data": {"market": "0xe9c127a8c35f045d37b5344b0a36711084fa20c2fc1618bf178a5386f90610be", "price_changes": [{"asset_id": "107000426448217931795450451304515386602910396776318075817601265223856116134349", "price": "0.171", "size": "0", "side": "BUY", "hash": "104eac37f743ccf1d05a2f5d974ce8d435c71ac3", "best_bid": "0.989", "best_ask": "0.993"}, {"asset_id": "80230236018433940569996058935444651347308266584430516013229815570706872276819", "price": "0.829", "size": "0", "side": "SELL", "hash": "5147464a2ecc19e6e72dca28c088adcefe555636", "best_bid": "0.007", "best_ask": "0.011"}], "timestamp": "1769384000805", "event_type": "price_change"}}
{"_local_timestamp": "2026-01-25T23:33:21.058847+00:00", "data": {"market": "0xe9c127a8c35f045d37b5344b0a36711084fa20c2fc1618bf178a5386f90610be", "price_changes": [{"asset_id": "107000426448217931795450451304515386602910396776318075817601265223856116134349", "price": "0.171", "size": "23.39", "side": "BUY", "hash": "66012e944718f04cbd0694abb6ecac3232819217", "best_bid": "0.989", "best_ask": "0.993"}, {"asset_id": "80230236018433940569996058935444651347308266584430516013229815570706872276819", "price": "0.829", "size": "23.39", "side": "SELL", "hash": "a1fbcce406dff2d4440577cdccf885953797bb15", "best_bid": "0.007", "best_ask": "0.011"}], "timestamp": "1769384000992", "event_type": "price_change"}}
{"_local_timestamp": "2026-01-25T23:33:21.233256+00:00", "data": {"market": "0xe9c127a8c35f045d37b5344b0a36711084fa20c2fc1618bf178a5386f90610be", "price_changes": [{"asset_id": "107000426448217931795450451304515386602910396776318075817601265223856116134349", "price": "0.173", "size": "0", "side": "BUY", "hash": "63db41a4d45c7f2b07611e2e586f6021d9567477", "best_bid": "0.989", "best_ask": "0.993"}, {"asset_id": "80230236018433940569996058935444651347308266584430516013229815570706872276819", "price": "0.827", "size": "0", "side": "SELL", "hash": "426274405aadd47574949166a2ff6fc8dfe95786", "best_bid": "0.007", "best_ask": "0.011"}], "timestamp": "1769384001166", "event_type": "price_change"}}
{"_local_timestamp": "2026-01-25T23:33:21.432898+00:00", "data": {"market": "0xe9c127a8c35f045d37b5344b0a36711084fa20c2fc1618bf178a5386f90610be", "price_changes": [{"asset_id": "107000426448217931795450451304515386602910396776318075817601265223856116134349", "price": "0.173", "size": "23.12", "side": "BUY", "hash": "bd24876c84d13809f1f72a0132ef9bcb4157afa9", "best_bid": "0.989", "best_ask": "0.993"}, {"asset_id": "80230236018433940569996058935444651347308266584430516013229815570706872276819", "price": "0.827", "size": "23.12", "side": "SELL", "hash": "247d64efa952d1376ce1e96d885e774f0e4b8970", "best_bid": "0.007", "best_ask": "0.011"}], "timestamp": "1769384001366", "event_type": "price_change"}}
{"_local_timestamp": "2026-01-25T23:33:21.613190+00:00", "data": {"market": "0xe9c127a8c35f045d37b5344b0a36711084fa20c2fc1618bf178a5386f90610be", "price_changes": [{"asset_id": "107000426448217931795450451304515386602910396776318075817601265223856116134349", "price": "0.201", "size": "17.05", "side": "BUY", "hash": "eace2083551a8e58adbdb228d9e5e29c7deab9bd", "best_bid": "0.989", "best_ask": "0.993"}, {"asset_id": "80230236018433940569996058935444651347308266584430516013229815570706872276819", "price": "0.799", "size": "17.05", "side": "SELL", "hash": "bca9b25c3238e2ad9def979ee4e229b179cedee0", "best_bid": "0.007", "best_ask": "0.011"}], "timestamp": "1769384001537", "event_type": "price_change"}}
{"_local_timestamp": "2026-01-25T23:33:21.808723+00:00", "data": {"market": "0xe9c127a8c35f045d37b5344b0a36711084fa20c2fc1618bf178a5386f90610be", "price_changes": [{"asset_id": "107000426448217931795450451304515386602910396776318075817601265223856116134349", "price": "0.201", "size": "36.95", "side": "BUY", "hash": "f5ecf1ad141540b22bafc4b057551c4cb2481182", "best_bid": "0.989", "best_ask": "0.993"}, {"asset_id": "80230236018433940569996058935444651347308266584430516013229815570706872276819", "price": "0.799", "size": "36.95", "side": "SELL", "hash": "75d3f4b6991a67ae3ed755f51b266bf7f7c12674", "best_bid": "0.007", "best_ask": "0.011"}], "timestamp": "1769384001738", "event_type": "price_change"}}
{"_local_timestamp": "2026-01-25T23:33:22.022103+00:00", "data": {"market": "0xe9c127a8c35f045d37b5344b0a36711084fa20c2fc1618bf178a5386f90610be", "price_changes": [{"asset_id": "107000426448217931795450451304515386602910396776318075817601265223856116134349", "price": "0.251", "size": "13.65", "side": "BUY", "hash": "5ad0ac3b99bc860b3b566f54c3e1868c81b3d27c", "best_bid": "0.989", "best_ask": "0.993"}, {"asset_id": "80230236018433940569996058935444651347308266584430516013229815570706872276819", "price": "0.749", "size": "13.65", "side": "SELL", "hash": "f3778864eead67569fe938d9270aa9b21f90ee98", "best_bid": "0.007", "best_ask": "0.011"}], "timestamp": "1769384001920", "event_type": "price_change"}}
{"_local_timestamp": "2026-01-25T23:33:22.177787+00:00", "data": {"market": "0xe9c127a8c35f045d37b5344b0a36711084fa20c2fc1618bf178a5386f90610be", "price_changes": [{"asset_id": "107000426448217931795450451304515386602910396776318075817601265223856116134349", "price": "0.251", "size": "29.58", "side": "BUY", "hash": "f3a659f487c835b94d7124817fe296917995b94f", "best_bid": "0.989", "best_ask": "0.993"}, {"asset_id": "80230236018433940569996058935444651347308266584430516013229815570706872276819", "price": "0.749", "size": "29.58", "side": "SELL", "hash": "aef2880564f537a5242ab1eee106a8bcb5128981", "best_bid": "0.007", "best_ask": "0.011"}], "timestamp": "1769384002107", "event_type": "price_change"}}
{"_local_timestamp": "2026-01-25T23:33:22.378509+00:00", "data": {"market": "0xe9c127a8c35f045d37b5344b0a36711084fa20c2fc1618bf178a5386f90610be", "price_changes": [{"asset_id": "107000426448217931795450451304515386602910396776318075817601265223856116134349", "price": "0.364", "size": "10.98", "side": "BUY", "hash": "bb682c20cbad6386ca91aee627ed09a42c15b0bd", "best_bid": "0.989", "best_ask": "0.993"}, {"asset_id": "80230236018433940569996058935444651347308266584430516013229815570706872276819", "price": "0.636", "size": "10.98", "side": "SELL", "hash": "faa353c82a6796df05e6ba1ed4509ed68e75b06e", "best_bid": "0.007", "best_ask": "0.011"}], "timestamp": "1769384002311", "event_type": "price_change"}}
{"_local_timestamp": "2026-01-25T23:33:22.595489+00:00", "data": {"market": "0xe9c127a8c35f045d37b5344b0a36711084fa20c2fc1618bf178a5386f90610be", "price_changes": [{"asset_id": "107000426448217931795450451304515386602910396776318075817601265223856116134349", "price": "0.459", "size": "0", "side": "BUY", "hash": "0ebe64e1d555ac141653d379a1a9b8d40b99dcae", "best_bid": "0.989", "best_ask": "0.993"}, {"asset_id": "80230236018433940569996058935444651347308266584430516013229815570706872276819", "price": "0.541", "size": "0", "side": "SELL", "hash": "e39e59703d160184c1596dde9afc41eb2bad2600", "best_bid": "0.007", "best_ask": "0.011"}], "timestamp": "1769384002515", "event_type": "price_change"}}
{"_local_timestamp": "2026-01-25T23:33:22.813419+00:00", "data": {"market": "0xe9c127a8c35f045d37b5344b0a36711084fa20c2fc1618bf178a5386f90610be", "price_changes": [{"asset_id": "107000426448217931795450451304515386602910396776318075817601265223856116134349", "price": "0.459", "size": "8.71", "side": "BUY", "hash": "b0ef60cb8d00c0a6400f55906b55cd5bb2c823e5", "best_bid": "0.989", "best_ask": "0.993"}, {"asset_id": "80230236018433940569996058935444651347308266584430516013229815570706872276819", "price": "0.541", "size": "8.71", "side": "SELL", "hash": "ed844eb6afcd2787ae437b56022d70762c72d2fd", "best_bid": "0.007", "best_ask": "0.011"}], "timestamp": "1769384002712", "event_type": "price_change"}}
{"_local_timestamp": "2026-01-25T23:33:33.857895+00:00", "data": {"market": "0xe9c127a8c35f045d37b5344b0a36711084fa20c2fc1618bf178a5386f90610be", "price_changes": [{"asset_id": "107000426448217931795450451304515386602910396776318075817601265223856116134349", "price": "0.6", "size": "5.71", "side": "BUY", "hash": "2f3ddfe7b4c3be36a33cecde4a33109ecc843c82", "best_bid": "0.989", "best_ask": "0.993"}, {"asset_id": "80230236018433940569996058935444651347308266584430516013229815570706872276819", "price": "0.4", "size": "5.71", "side": "SELL", "hash": "3497561c33ed6f9d6992283e3006b7eeac349927", "best_bid": "0.007", "best_ask": "0.011"}], "timestamp": "1769384013771", "event_type": "price_change"}}
{"_local_timestamp": "2026-01-25T23:33:35.918833+00:00", "data": {"market": "0xe9c127a8c35f045d37b5344b0a36711084fa20c2fc1618bf178a5386f90610be", "price_changes": [{"asset_id": "107000426448217931795450451304515386602910396776318075817601265223856116134349", "price": "0.6", "size": "35.71", "side": "BUY", "hash": "c7873215245bf472ddfb130e19b6881703bd1665", "best_bid": "0.989", "best_ask": "0.993"}, {"asset_id": "80230236018433940569996058935444651347308266584430516013229815570706872276819", "price": "0.4", "size": "35.71", "side": "SELL", "hash": "018f774482e73402a9a1dff1d1045d62ada6538c", "best_bid": "0.007", "best_ask": "0.011"}], "timestamp": "1769384015850", "event_type": "price_change"}}
{"_local_timestamp": "2026-01-25T23:33:48.288131+00:00", "data": {"market": "0xe9c127a8c35f045d37b5344b0a36711084fa20c2fc1618bf178a5386f90610be", "price_changes": [{"asset_id": "80230236018433940569996058935444651347308266584430516013229815570706872276819", "price": "0.003", "size": "329.82", "side": "BUY", "hash": "552e9b0eadfa017e196a22d385b73188c7bd71dd", "best_bid": "0.007", "best_ask": "0.011"}, {"asset_id": "107000426448217931795450451304515386602910396776318075817601265223856116134349", "price": "0.997", "size": "329.82", "side": "SELL", "hash": "1f5b8b19ae2be457e15e73fab8569c1749cf442a", "best_bid": "0.989", "best_ask": "0.993"}], "timestamp": "1769384028206", "event_type": "price_change"}}
{"_local_timestamp": "2026-01-25T23:33:48.289091+00:00", "data": {"market": "0xe9c127a8c35f045d37b5344b0a36711084fa20c2fc1618bf178a5386f90610be", "price_changes": [{"asset_id": "80230236018433940569996058935444651347308266584430516013229815570706872276819", "price": "0.004", "size": "42.03", "side": "BUY", "hash": "552e9b0eadfa017e196a22d385b73188c7bd71dd", "best_bid": "0.007", "best_ask": "0.011"}, {"asset_id": "107000426448217931795450451304515386602910396776318075817601265223856116134349", "price": "0.996", "size": "42.03", "side": "SELL", "hash": "1f5b8b19ae2be457e15e73fab8569c1749cf442a", "best_bid": "0.989", "best_ask": "0.993"}], "timestamp": "1769384028206", "event_type": "price_change"}}
{"_local_timestamp": "2026-01-25T23:33:48.289453+00:00", "data": {"market": "0xe9c127a8c35f045d37b5344b0a36711084fa20c2fc1618bf178a5386f90610be", "price_changes": [{"asset_id": "80230236018433940569996058935444651347308266584430516013229815570706872276819", "price": "0.006", "size": "0", "side": "BUY", "hash": "552e9b0eadfa017e196a22d385b73188c7bd71dd", "best_bid": "0.007", "best_ask": "0.011"}, {"asset_id": "107000426448217931795450451304515386602910396776318075817601265223856116134349", "price": "0.994", "size": "0", "side": "SELL", "hash": "1f5b8b19ae2be457e15e73fab8569c1749cf442a", "best_bid": "0.989", "best_ask": "0.993"}], "timestamp": "1769384028206", "event_type": "price_change"}}
{"_local_timestamp": "2026-01-25T23:33:49.008364+00:00", "data": {"market": "0xe9c127a8c35f045d37b5344b0a36711084fa20c2fc1618bf178a5386f90610be", "price_changes": [{"asset_id": "107000426448217931795450451304515386602910396776318075817601265223856116134349", "price": "0.995", "size": "0", "side": "SELL", "hash": "12178e7d57bd0635faf7f17b1c0ff5639fc9c9ac", "best_bid": "0.989", "best_ask": "0.993"}, {"asset_id": "80230236018433940569996058935444651347308266584430516013229815570706872276819", "price": "0.005", "size": "0", "side": "BUY", "hash": "36e162e13d38e914e3ea551ae034087222a05628", "best_bid": "0.007", "best_ask": "0.011"}], "timestamp": "1769384028935", "event_type": "price_change"}}
{"_local_timestamp": "2026-01-25T23:33:49.247181+00:00", "data": {"market": "0xe9c127a8c35f045d37b5344b0a36711084fa20c2fc1618bf178a5386f90610be", "price_changes": [{"asset_id": "107000426448217931795450451304515386602910396776318075817601265223856116134349", "price": "0.996", "size": "72.03", "side": "SELL", "hash": "acfa0ba2b3e9cb6550b2f5bc1990631c5a84f52b", "best_bid": "0.989", "best_ask": "0.993"}, {"asset_id": "80230236018433940569996058935444651347308266584430516013229815570706872276819", "price": "0.004", "size": "72.03", "side": "BUY", "hash": "480b1ac78bd39523bf09fcb2ea677065b6e05851", "best_bid": "0.007", "best_ask": "0.011"}], "timestamp": "1769384029175", "event_type": "price_change"}}
{"_local_timestamp": "2026-01-25T23:33:52.137208+00:00", "data": {"market": "0xe9c127a8c35f045d37b5344b0a36711084fa20c2fc1618bf178a5386f90610be", "price_changes": [{"asset_id": "80230236018433940569996058935444651347308266584430516013229815570706872276819", "price": "0.003", "size": "344.68", "side": "BUY", "hash": "93fd07d5c72fb2e66a9c8bf951573e0c6df6c551", "best_bid": "0.007", "best_ask": "0.011"}, {"asset_id": "107000426448217931795450451304515386602910396776318075817601265223856116134349", "price": "0.997", "size": "344.68", "side": "SELL", "hash": "d0d57d312e5839e0e7dcb4d96621ff79e9119ad5", "best_bid": "0.989", "best_ask": "0.993"}], "timestamp": "1769384032062", "event_type": "price_change"}}
{"_local_timestamp": "2026-01-25T23:33:52.137881+00:00", "data": {"market": "0xe9c127a8c35f045d37b5344b0a36711084fa20c2fc1618bf178a5386f90610be", "price_changes": [{"asset_id": "80230236018433940569996058935444651347308266584430516013229815570706872276819", "price": "0.005", "size": "31.03", "side": "BUY", "hash": "131693c13011f7b4d3138f7de0df2217122204ec", "best_bid": "0.007", "best_ask": "0.011"}, {"asset_id": "107000426448217931795450451304515386602910396776318075817601265223856116134349", "price": "0.995", "size": "31.03", "side": "SELL", "hash": "450da4eed4bf4fd5af0d35a6564b4187d86d08f4", "best_bid": "0.989", "best_ask": "0.993"}], "timestamp": "1769384032067", "event_type": "price_change"}}
{"_local_timestamp": "2026-01-25T23:33:52.139405+00:00", "data": {"market": "0xe9c127a8c35f045d37b5344b0a36711084fa20c2fc1618bf178a5386f90610be", "price_changes": [{"asset_id": "80230236018433940569996058935444651347308266584430516013229815570706872276819", "price": "0.006", "size": "28.63", "side": "BUY", "hash": "3414c7e74032ec1dbd02d432251bfa014b4b2321", "best_bid": "0.007", "best_ask": "0.011"}, {"asset_id": "107000426448217931795450451304515386602910396776318075817601265223856116134349", "price": "0.994", "size": "28.63", "side": "SELL", "hash": "a8e02ef05bf19c94c8629ab04e64e1d0e2b3cc11", "best_bid": "0.989", "best_ask": "0.993"}], "timestamp": "1769384032071", "event_type": "price_change"}}
{"_local_timestamp": "2026-01-25T23:33:52.142703+00:00", "data": {"market": "0xe9c127a8c35f045d37b5344b0a36711084fa20c2fc1618bf178a5386f90610be", "price_changes": [{"asset_id": "80230236018433940569996058935444651347308266584430516013229815570706872276819", "price": "0.007", "size": "29.7", "side": "BUY", "hash": "4f15c168374d304df7700022da90cccdbfa5f9c2", "best_bid": "0.007", "best_ask": "0.011"}, {"asset_id": "107000426448217931795450451304515386602910396776318075817601265223856116134349", "price": "0.993", "size": "29.7", "side": "SELL", "hash": "1cd71f3431e640dfb6f665512d2dd53ffb0fd57d", "best_bid": "0.989", "best_ask": "0.993"}], "timestamp": "1769384032074", "event_type": "price_change"}}
{"_local_timestamp": "2026-01-25T23:34:07.838284+00:00", "data": {"market": "0xe9c127a8c35f045d37b5344b0a36711084fa20c2fc1618bf178a5386f90610be", "price_changes": [{"asset_id": "107000426448217931795450451304515386602910396776318075817601265223856116134349", "price": "0.601", "size": "0", "side": "BUY", "hash": "9fd18bbc77604c9fee424bf1cb5754e1adf27b85", "best_bid": "0.989", "best_ask": "0.993"}, {"asset_id": "80230236018433940569996058935444651347308266584430516013229815570706872276819", "price": "0.399", "size": "0", "side": "SELL", "hash": "99e4e0957e26ee116d37920c997c9ca1ae5f0804", "best_bid": "0.007", "best_ask": "0.011"}], "timestamp": "1769384047760", "event_type": "price_change"}}
{"_local_timestamp": "2026-01-25T23:34:08.036023+00:00", "data": {"market": "0xe9c127a8c35f045d37b5344b0a36711084fa20c2fc1618bf178a5386f90610be", "price_changes": [{"asset_id": "107000426448217931795450451304515386602910396776318075817601265223856116134349", "price": "0.6", "size": "30", "side": "BUY", "hash": "9345b62e264719f7d219399788466023a3ff06e1", "best_bid": "0.989", "best_ask": "0.993"}, {"asset_id": "80230236018433940569996058935444651347308266584430516013229815570706872276819", "price": "0.4", "size": "30", "side": "SELL", "hash": "e6188c71e41149b971c9ecaee07600e02a3a0266", "best_bid": "0.007", "best_ask": "0.011"}], "timestamp": "1769384047963", "event_type": "price_change"}}
{"_local_timestamp": "2026-01-25T23:34:08.235248+00:00", "data": {"market": "0xe9c127a8c35f045d37b5344b0a36711084fa20c2fc1618bf178a5386f90610be", "price_changes": [{"asset_id": "107000426448217931795450451304515386602910396776318075817601265223856116134349", "price": "0.458", "size": "0", "side": "BUY", "hash": "e5b7afc24a1fef6940044c63022a24199b79bf60", "best_bid": "0.989", "best_ask": "0.993"}, {"asset_id": "80230236018433940569996058935444651347308266584430516013229815570706872276819", "price": "0.542", "size": "0", "side": "SELL", "hash": "177b253818a7e4ddf48c6327031fadb0d8633ca1", "best_bid": "0.007", "best_ask": "0.011"}], "timestamp": "1769384048152", "event_type": "price_change"}}
{"_local_timestamp": "2026-01-25T23:34:08.407510+00:00", "data": {"market": "0xe9c127a8c35f045d37b5344b0a36711084fa20c2fc1618bf178a5386f90610be", "price_changes": [{"asset_id": "107000426448217931795450451304515386602910396776318075817601265223856116134349", "price": "0.363", "size": "0", "side": "BUY", "hash": "71433a92de3656ece1419469e89b94b41120a7b3", "best_bid": "0.989", "best_ask": "0.993"}, {"asset_id": "80230236018433940569996058935444651347308266584430516013229815570706872276819", "price": "0.637", "size": "0", "side": "SELL", "hash": "6d3ae2cbe981790cc87ae587436d593183e2fbe7", "best_bid": "0.007", "best_ask": "0.011"}], "timestamp": "1769384048338", "event_type": "price_change"}}
{"_local_timestamp": "2026-01-25T23:34:08.589418+00:00", "data": {"market": "0xe9c127a8c35f045d37b5344b0a36711084fa20c2fc1618bf178a5386f90610be", "price_changes": [{"asset_id": "107000426448217931795450451304515386602910396776318075817601265223856116134349", "price": "0.172", "size": "0", "side": "BUY", "hash": "25e8082d325ab895bb338ec6411728eeca28157f", "best_bid": "0.989", "best_ask": "0.993"}, {"asset_id": "80230236018433940569996058935444651347308266584430516013229815570706872276819", "price": "0.828", "size": "0", "side": "SELL", "hash": "79f70a4797a509354ad08c87fff82f8fa3bf679a", "best_bid": "0.007", "best_ask": "0.011"}], "timestamp": "1769384048524", "event_type": "price_change"}}
{"_local_timestamp": "2026-01-25T23:34:08.827574+00:00", "data": {"market": "0xe9c127a8c35f045d37b5344b0a36711084fa20c2fc1618bf178a5386f90610be", "price_changes": [{"asset_id": "107000426448217931795450451304515386602910396776318075817601265223856116134349", "price": "0.123", "size": "0", "side": "BUY", "hash": "12e16c983da1775c1dbc6be1fb5c6d17b05d59cf", "best_bid": "0.989", "best_ask": "0.993"}, {"asset_id": "80230236018433940569996058935444651347308266584430516013229815570706872276819", "price": "0.877", "size": "0", "side": "SELL", "hash": "53ba2245b163617655b2407397b42d7a6f806fcf", "best_bid": "0.007", "best_ask": "0.011"}], "timestamp": "1769384048707", "event_type": "price_change"}}
{"_local_timestamp": "2026-01-25T23:34:08.979701+00:00", "data": {"market": "0xe9c127a8c35f045d37b5344b0a36711084fa20c2fc1618bf178a5386f90610be", "price_changes": [{"asset_id": "107000426448217931795450451304515386602910396776318075817601265223856116134349", "price": "0.101", "size": "0", "side": "BUY", "hash": "0fe7fe97bfeeafeaf4f2a6c968418f00f50110ac", "best_bid": "0.989", "best_ask": "0.993"}, {"asset_id": "80230236018433940569996058935444651347308266584430516013229815570706872276819", "price": "0.899", "size": "0", "side": "SELL", "hash": "807609f383004de864048a9c4593b22f9141f608", "best_bid": "0.007", "best_ask": "0.011"}], "timestamp": "1769384048906", "event_type": "price_change"}}
{"_local_timestamp": "2026-01-25T23:34:09.182171+00:00", "data": {"market": "0xe9c127a8c35f045d37b5344b0a36711084fa20c2fc1618bf178a5386f90610be", "price_changes": [{"asset_id": "107000426448217931795450451304515386602910396776318075817601265223856116134349", "price": "0.062", "size": "0", "side": "BUY", "hash": "8598f1c5b1b59733f8985bae7e49b6090e89ed64", "best_bid": "0.989", "best_ask": "0.993"}, {"asset_id": "80230236018433940569996058935444651347308266584430516013229815570706872276819", "price": "0.938", "size": "0", "side": "SELL", "hash": "56dcb93ea3bc7aa3c6f36caf5d512f5019538a0f", "best_bid": "0.007", "best_ask": "0.011"}], "timestamp": "1769384049114", "event_type": "price_change"}}
{"_local_timestamp": "2026-01-25T23:34:09.373526+00:00", "data": {"market": "0xe9c127a8c35f045d37b5344b0a36711084fa20c2fc1618bf178a5386f90610be", "price_changes": [{"asset_id": "107000426448217931795450451304515386602910396776318075817601265223856116134349", "price": "0.037", "size": "0", "side": "BUY", "hash": "e623d7f62f1a05ef62a7f18cdcc0576d177bf49a", "best_bid": "0.989", "best_ask": "0.993"}, {"asset_id": "80230236018433940569996058935444651347308266584430516013229815570706872276819", "price": "0.963", "size": "0", "side": "SELL", "hash": "323d1b448e392a45c337480f707ccf377e42c256", "best_bid": "0.007", "best_ask": "0.011"}], "timestamp": "1769384049302", "event_type": "price_change"}}
{"_local_timestamp": "2026-01-25T23:34:09.573913+00:00", "data": {"market": "0xe9c127a8c35f045d37b5344b0a36711084fa20c2fc1618bf178a5386f90610be", "price_changes": [{"asset_id": "107000426448217931795450451304515386602910396776318075817601265223856116134349", "price": "0.033", "size": "121.21", "side": "BUY", "hash": "0af56e1d2a4098d99138e1a18b47cd6aa3eb6368", "best_bid": "0.989", "best_ask": "0.993"}, {"asset_id": "80230236018433940569996058935444651347308266584430516013229815570706872276819", "price": "0.967", "size": "121.21", "side": "SELL", "hash": "4f28854620b348be74e53db6b6760c7add0ef2d2", "best_bid": "0.007", "best_ask": "0.011"}], "timestamp": "1769384049505", "event_type": "price_change"}}
{"_local_timestamp": "2026-01-25T23:34:09.809262+00:00", "data": {"market": "0xe9c127a8c35f045d37b5344b0a36711084fa20c2fc1618bf178a5386f90610be", "price_changes": [{"asset_id": "107000426448217931795450451304515386602910396776318075817601265223856116134349", "price": "0.064", "size": "62.5", "side": "BUY", "hash": "6d0957eab1ca2bbf750188ca3b0db27b7406ca14", "best_bid": "0.989", "best_ask": "0.993"}, {"asset_id": "80230236018433940569996058935444651347308266584430516013229815570706872276819", "price": "0.936", "size": "62.5", "side": "SELL", "hash": "95f17831707136a8d746b52bc57f533333e3a3f9", "best_bid": "0.007", "best_ask": "0.011"}], "timestamp": "1769384049739", "event_type": "price_change"}}
{"_local_timestamp": "2026-01-25T23:34:10.049883+00:00", "data": {"market": "0xe9c127a8c35f045d37b5344b0a36711084fa20c2fc1618bf178a5386f90610be", "price_changes": [{"asset_id": "107000426448217931795450451304515386602910396776318075817601265223856116134349", "price": "0.106", "size": "37.73", "side": "BUY", "hash": "9cc9b1226fdac17e9b5fc6c35c91b69f4383fbb3", "best_bid": "0.989", "best_ask": "0.993"}, {"asset_id": "80230236018433940569996058935444651347308266584430516013229815570706872276819", "price": "0.894", "size": "37.73", "side": "SELL", "hash": "3dd700f99cf11ccc18ce83d5813f2c82bf9ade47", "best_bid": "0.007", "best_ask": "0.011"}], "timestamp": "1769384049985", "event_type": "price_change"}}
{"_local_timestamp": "2026-01-25T23:34:10.270145+00:00", "data": {"market": "0xe9c127a8c35f045d37b5344b0a36711084fa20c2fc1618bf178a5386f90610be", "price_changes": [{"asset_id": "107000426448217931795450451304515386602910396776318075817601265223856116134349", "price": "0.125", "size": "32", "side": "BUY", "hash": "22b71c6abf7c69c76c3fb1a8c38e30c25d555c80", "best_bid": "0.989", "best_ask": "0.993"}, {"asset_id": "80230236018433940569996058935444651347308266584430516013229815570706872276819", "price": "0.875", "size": "32", "side": "SELL", "hash": "77941856adb5f9663e340ccc157774b9a0f68b81", "best_bid": "0.007", "best_ask": "0.011"}], "timestamp": "1769384050204", "event_type": "price_change"}}
{"_local_timestamp": "2026-01-25T23:34:10.497551+00:00", "data": {"market": "0xe9c127a8c35f045d37b5344b0a36711084fa20c2fc1618bf178a5386f90610be", "price_changes": [{"asset_id": "107000426448217931795450451304515386602910396776318075817601265223856116134349", "price": "0.174", "size": "22.98", "side": "BUY", "hash": "5b19dce6dbcba2490ff1d610d3f1ad237d79182d", "best_bid": "0.989", "best_ask": "0.993"}, {"asset_id": "80230236018433940569996058935444651347308266584430516013229815570706872276819", "price": "0.826", "size": "22.98", "side": "SELL", "hash": "5795777bf8a1099e532676b783555b6ebe05b6a2", "best_bid": "0.007", "best_ask": "0.011"}], "timestamp": "1769384050433", "event_type": "price_change"}}
{"_local_timestamp": "2026-01-25T23:34:10.704947+00:00", "data": {"market": "0xe9c127a8c35f045d37b5344b0a36711084fa20c2fc1618bf178a5386f90610be", "price_changes": [{"asset_id": "107000426448217931795450451304515386602910396776318075817601265223856116134349", "price": "0.201", "size": "19.9", "side": "BUY", "hash": "e83693876c4df6b177fd5ff7d6580a1001935761", "best_bid": "0.989", "best_ask": "0.993"}, {"asset_id": "80230236018433940569996058935444651347308266584430516013229815570706872276819", "price": "0.799", "size": "19.9", "side": "SELL", "hash": "466b7e391d5fb558bb38fc50a526feae8f431313", "best_bid": "0.007", "best_ask": "0.011"}], "timestamp": "1769384050638", "event_type": "price_change"}}
{"_local_timestamp": "2026-01-25T23:34:10.917024+00:00", "data": {"market": "0xe9c127a8c35f045d37b5344b0a36711084fa20c2fc1618bf178a5386f90610be", "price_changes": [{"asset_id": "107000426448217931795450451304515386602910396776318075817601265223856116134349", "price": "0.201", "size": "39.8", "side": "BUY", "hash": "8f4244f239fafc098eb045d91afda1fad7c68cf6", "best_bid": "0.989", "best_ask": "0.993"}, {"asset_id": "80230236018433940569996058935444651347308266584430516013229815570706872276819", "price": "0.799", "size": "39.8", "side": "SELL", "hash": "45ae974b3c0f9ba134e3d959544799883878aa15", "best_bid": "0.007", "best_ask": "0.011"}], "timestamp": "1769384050850", "event_type": "price_change"}}
{"_local_timestamp": "2026-01-25T23:34:11.149926+00:00", "data": {"market": "0xe9c127a8c35f045d37b5344b0a36711084fa20c2fc1618bf178a5386f90610be", "price_changes": [{"asset_id": "107000426448217931795450451304515386602910396776318075817601265223856116134349", "price": "0.251", "size": "15.93", "side": "BUY", "hash": "02b22621ba917e0e10736778c2ccd0b1d9676814", "best_bid": "0.989", "best_ask": "0.993"}, {"asset_id": "80230236018433940569996058935444651347308266584430516013229815570706872276819", "price": "0.749", "size": "15.93", "side": "SELL", "hash": "14e43b69fc8b9e030f8a90753f2eab8a8b05697c", "best_bid": "0.007", "best_ask": "0.011"}], "timestamp": "1769384051079", "event_type": "price_change"}}
{"_local_timestamp": "2026-01-25T23:34:11.393586+00:00", "data": {"market": "0xe9c127a8c35f045d37b5344b0a36711084fa20c2fc1618bf178a5386f90610be", "price_changes": [{"asset_id": "107000426448217931795450451304515386602910396776318075817601265223856116134349", "price": "0.251", "size": "31.86", "side": "BUY", "hash": "45b18696855179ae81d0b824773cca75796b90b5", "best_bid": "0.989", "best_ask": "0.993"}, {"asset_id": "80230236018433940569996058935444651347308266584430516013229815570706872276819", "price": "0.749", "size": "31.86", "side": "SELL", "hash": "e10feb1fb511b45bb8cdedc74816ba2d388092f0", "best_bid": "0.007", "best_ask": "0.011"}], "timestamp": "1769384051326", "event_type": "price_change"}}
{"_local_timestamp": "2026-01-25T23:34:11.609835+00:00", "data": {"market": "0xe9c127a8c35f045d37b5344b0a36711084fa20c2fc1618bf178a5386f90610be", "price_changes": [{"asset_id": "107000426448217931795450451304515386602910396776318075817601265223856116134349", "price": "0.301", "size": "0", "side": "BUY", "hash": "f44bc23cd77e945933bcc954376710a297c2e871", "best_bid": "0.989", "best_ask": "0.993"}, {"asset_id": "80230236018433940569996058935444651347308266584430516013229815570706872276819", "price": "0.699", "size": "0", "side": "SELL", "hash": "a742ee74cc8baf18f912c22e67daa8a3221110c6", "best_bid": "0.007", "best_ask": "0.011"}], "timestamp": "1769384051544", "event_type": "price_change"}}
{"_local_timestamp": "2026-01-25T23:34:11.833104+00:00", "data": {"market": "0xe9c127a8c35f045d37b5344b0a36711084fa20c2fc1618bf178a5386f90610be", "price_changes": [{"asset_id": "107000426448217931795450451304515386602910396776318075817601265223856116134349", "price": "0.301", "size": "13.28", "side": "BUY", "hash": "3fb3af1d66e3feaa6260ba2f6947a59b5abd63b9", "best_bid": "0.989", "best_ask": "0.993"}, {"asset_id": "80230236018433940569996058935444651347308266584430516013229815570706872276819", "price": "0.699", "size": "13.28", "side": "SELL", "hash": "0445a4015c0fd0149d1160847b879d3b8e393520", "best_bid": "0.007", "best_ask": "0.011"}], "timestamp": "1769384051764", "event_type": "price_change"}}
{"_local_timestamp": "2026-01-25T23:34:12.038359+00:00", "data": {"market": "0xe9c127a8c35f045d37b5344b0a36711084fa20c2fc1618bf178a5386f90610be", "price_changes": [{"asset_id": "107000426448217931795450451304515386602910396776318075817601265223856116134349", "price": "0.351", "size": "0", "side": "BUY", "hash": "8bb8107262458793cb1f0a28a861e097acfb4aab", "best_bid": "0.989", "best_ask": "0.993"}, {"asset_id": "80230236018433940569996058935444651347308266584430516013229815570706872276819", "price": "0.649", "size": "0", "side": "SELL", "hash": "49086ccc06553b086cc542170ab5e64dbdc28085", "best_bid": "0.007", "best_ask": "0.011"}], "timestamp": "1769384051963", "event_type": "price_change"}}
{"_local_timestamp": "2026-01-25T23:34:12.247537+00:00", "data": {"market": "0xe9c127a8c35f045d37b5344b0a36711084fa20c2fc1618bf178a5386f90610be", "price_changes": [{"asset_id": "107000426448217931795450451304515386602910396776318075817601265223856116134349", "price": "0.351", "size": "11.39", "side": "BUY", "hash": "0c68cf8ab1e709e7d3cf960f502c96148f3aa91c", "best_bid": "0.989", "best_ask": "0.993"}, {"asset_id": "80230236018433940569996058935444651347308266584430516013229815570706872276819", "price": "0.649", "size": "11.39", "side": "SELL", "hash": "03dc7cff13faa9afc64d300b5c99cb7ede201473", "best_bid": "0.007", "best_ask": "0.011"}], "timestamp": "1769384052175", "event_type": "price_change"}}
{"_local_timestamp": "2026-01-25T23:34:12.495840+00:00", "data": {"market": "0xe9c127a8c35f045d37b5344b0a36711084fa20c2fc1618bf178a5386f90610be", "price_changes": [{"asset_id": "107000426448217931795450451304515386602910396776318075817601265223856116134349", "price": "0.365", "size": "10.95", "side": "BUY", "hash": "90086d3c6cf88d90148d3b8f995cafb40536ad99", "best_bid": "0.989", "best_ask": "0.993"}, {"asset_id": "80230236018433940569996058935444651347308266584430516013229815570706872276819", "price": "0.635", "size": "10.95", "side": "SELL", "hash": "826ffc24601693dd7ee1da84297b948a17ff6f98", "best_bid": "0.007", "best_ask": "0.011"}], "timestamp": "1769384052392", "event_type": "price_change"}}
{"_local_timestamp": "2026-01-25T23:34:12.670160+00:00", "data": {"market": "0xe9c127a8c35f045d37b5344b0a36711084fa20c2fc1618bf178a5386f90610be", "price_changes": [{"asset_id": "107000426448217931795450451304515386602910396776318075817601265223856116134349", "price": "0.404", "size": "0", "side": "BUY", "hash": "84876c09d8c402e0cace0d6aac16b4c4a60ca6e1", "best_bid": "0.989", "best_ask": "0.993"}, {"asset_id": "80230236018433940569996058935444651347308266584430516013229815570706872276819", "price": "0.596", "size": "0", "side": "SELL", "hash": "da44df525ff01deb9ea06568f69d8e8570c2056f", "best_bid": "0.007", "best_ask": "0.011"}], "timestamp": "1769384052599", "event_type": "price_change"}}
{"_local_timestamp": "2026-01-25T23:34:12.975474+00:00", "data": {"market": "0xe9c127a8c35f045d37b5344b0a36711084fa20c2fc1618bf178a5386f90610be", "price_changes": [{"asset_id": "107000426448217931795450451304515386602910396776318075817601265223856116134349", "price": "0.404", "size": "9.9", "side": "BUY", "hash": "3045720dd190a256198c6be52ca394f704a7c783", "best_bid": "0.989", "best_ask": "0.993"}, {"asset_id": "80230236018433940569996058935444651347308266584430516013229815570706872276819", "price": "0.596", "size": "9.9", "side": "SELL", "hash": "a3046cc9ea5d2f426946a0c60c100ae8672ca1ba", "best_bid": "0.007", "best_ask": "0.011"}], "timestamp": "1769384052812", "event_type": "price_change"}}
{"_local_timestamp": "2026-01-25T23:34:13.149285+00:00", "data": {"market": "0xe9c127a8c35f045d37b5344b0a36711084fa20c2fc1618bf178a5386f90610be", "price_changes": [{"asset_id": "107000426448217931795450451304515386602910396776318075817601265223856116134349", "price": "0.46", "size": "8.69", "side": "BUY", "hash": "9e1caf4e02d01e1ddd4bc5c74327c634b62a1b4c", "best_bid": "0.989", "best_ask": "0.993"}, {"asset_id": "80230236018433940569996058935444651347308266584430516013229815570706872276819", "price": "0.54", "size": "8.69", "side": "SELL", "hash": "34307bcc37400bc496abb96ccb4e3585980659a5", "best_bid": "0.007", "best_ask": "0.011"}], "timestamp": "1769384053018", "event_type": "price_change"}}
{"_local_timestamp": "2026-01-25T23:34:18.142135+00:00", "data": {"market": "0xe9c127a8c35f045d37b5344b0a36711084fa20c2fc1618bf178a5386f90610be", "price_changes": [{"asset_id": "80230236018433940569996058935444651347308266584430516013229815570706872276819", "price": "0.029", "size": "0", "side": "SELL", "hash": "d570ffd1a0b2d326a647b52b3af1f23a81e4586a", "best_bid": "0.007", "best_ask": "0.011"}, {"asset_id": "107000426448217931795450451304515386602910396776318075817601265223856116134349", "price": "0.971", "size": "0", "side": "BUY", "hash": "b4a47904b5167ef959913a8ecf6fa0647b37693e", "best_bid": "0.989", "best_ask": "0.993"}], "timestamp": "1769384058047", "event_type": "price_change"}}
{"_local_timestamp": "2026-01-25T23:34:19.578356+00:00", "data": {"market": "0xe9c127a8c35f045d37b5344b0a36711084fa20c2fc1618bf178a5386f90610be", "price_changes": [{"asset_id": "80230236018433940569996058935444651347308266584430516013229815570706872276819", "price": "0.029", "size": "24.5", "side": "SELL", "hash": "68693fc43f0243c276c064bce20a374887719147", "best_bid": "0.007", "best_ask": "0.011"}, {"asset_id": "107000426448217931795450451304515386602910396776318075817601265223856116134349", "price": "0.971", "size": "24.5", "side": "BUY", "hash": "e5bb0aec096216346343783b8fffee4d0dc897c4", "best_bid": "0.989", "best_ask": "0.993"}], "timestamp": "1769384059506", "event_type": "price_change"}}
{"_local_timestamp": "2026-01-25T23:34:33.919972+00:00", "data": {"market": "0xe9c127a8c35f045d37b5344b0a36711084fa20c2fc1618bf178a5386f90610be", "price_changes": [{"asset_id": "107000426448217931795450451304515386602910396776318075817601265223856116134349", "price": "0.6", "size": "0", "side": "BUY", "hash": "c851ce63cd64d2c142eb8774a32922608847bb8e", "best_bid": "0.989", "best_ask": "0.993"}, {"asset_id": "80230236018433940569996058935444651347308266584430516013229815570706872276819", "price": "0.4", "size": "0", "side": "SELL", "hash": "a1c0a757fa3516b20bbae477d82afdc1abcb9515", "best_bid": "0.007", "best_ask": "0.011"}], "timestamp": "1769384073849", "event_type": "price_change"}}
{"_local_timestamp": "2026-01-25T23:34:35.975351+00:00", "data": {"market": "0xe9c127a8c35f045d37b5344b0a36711084fa20c2fc1618bf178a5386f90610be", "price_changes": [{"asset_id": "107000426448217931795450451304515386602910396776318075817601265223856116134349", "price": "0.6", "size": "30", "side": "BUY", "hash": "fd210072e8a96bd5124418c4d266732d5d3f709c", "best_bid": "0.989", "best_ask": "0.993"}, {"asset_id": "80230236018433940569996058935444651347308266584430516013229815570706872276819", "price": "0.4", "size": "30", "side": "SELL", "hash": "0eeb1633de1dc26d3d60aecd24b18070a6b6af20", "best_bid": "0.007", "best_ask": "0.011"}], "timestamp": "1769384075909", "event_type": "price_change"}}
{"_local_timestamp": "2026-01-25T23:34:40.502779+00:00", "data": {"market": "0xe9c127a8c35f045d37b5344b0a36711084fa20c2fc1618bf178a5386f90610be", "price_changes": [{"asset_id": "107000426448217931795450451304515386602910396776318075817601265223856116134349", "price": "0.04", "size": "0", "side": "BUY", "hash": "cc2cb1ad9edf1d03e61cf3f1956de7c3a34a4d73", "best_bid": "0.989", "best_ask": "0.993"}, {"asset_id": "80230236018433940569996058935444651347308266584430516013229815570706872276819", "price": "0.96", "size": "0", "side": "SELL", "hash": "8a6a40d13d00fe146b6122d99525a59575dc0586", "best_bid": "0.007", "best_ask": "0.011"}], "timestamp": "1769384080269", "event_type": "price_change"}}
{"_local_timestamp": "2026-01-25T23:34:40.503457+00:00", "data": {"market": "0xe9c127a8c35f045d37b5344b0a36711084fa20c2fc1618bf178a5386f90610be", "price_changes": [{"asset_id": "107000426448217931795450451304515386602910396776318075817601265223856116134349", "price": "0.104", "size": "0", "side": "BUY", "hash": "cc2cb1ad9edf1d03e61cf3f1956de7c3a34a4d73", "best_bid": "0.989", "best_ask": "0.993"}, {"asset_id": "80230236018433940569996058935444651347308266584430516013229815570706872276819", "price": "0.896", "size": "0", "side": "SELL", "hash": "8a6a40d13d00fe146b6122d99525a59575dc0586", "best_bid": "0.007", "best_ask": "0.011"}], "timestamp": "1769384080269", "event_type": "price_change"}}
{"_local_timestamp": "2026-01-25T23:34:41.771402+00:00", "data": {"market": "0xe9c127a8c35f045d37b5344b0a36711084fa20c2fc1618bf178a5386f90610be", "price_changes": [{"asset_id": "107000426448217931795450451304515386602910396776318075817601265223856116134349", "price": "0.042", "size": "5.6", "side": "BUY", "hash": "f0fc22d145b6eb3728cf8c8b90be686ffdc1bd70", "best_bid": "0.989", "best_ask": "0.993"}, {"asset_id": "80230236018433940569996058935444651347308266584430516013229815570706872276819", "price": "0.958", "size": "5.6", "side": "SELL", "hash": "c59c1b1480afc08845ff57fb5473f48a89a6b0c9", "best_bid": "0.007", "best_ask": "0.011"}], "timestamp": "1769384081705", "event_type": "price_change"}}
{"_local_timestamp": "2026-01-25T23:34:41.772075+00:00", "data": {"market": "0xe9c127a8c35f045d37b5344b0a36711084fa20c2fc1618bf178a5386f90610be", "price_changes": [{"asset_id": "107000426448217931795450451304515386602910396776318075817601265223856116134349", "price": "0.107", "size": "5.54", "side": "BUY", "hash": "f311a159ecad7d304f0500b644f85b2f94b38f46", "best_bid": "0.989", "best_ask": "0.993"}, {"asset_id": "80230236018433940569996058935444651347308266584430516013229815570706872276819", "price": "0.893", "size": "5.54", "side": "SELL", "hash": "090d9aa3b76665b9809230ba1094a8b0e01ff41d", "best_bid": "0.007", "best_ask": "0.011"}], "timestamp": "1769384081706", "event_type": "price_change"}}
{"_local_timestamp": "2026-01-25T23:35:18.402546+00:00", "data": {"market": "0xe9c127a8c35f045d37b5344b0a36711084fa20c2fc1618bf178a5386f90610be", "price_changes": [{"asset_id": "80230236018433940569996058935444651347308266584430516013229815570706872276819", "price": "0.029", "size": "0", "side": "SELL", "hash": "4aaa333b25515b20b3c125470a636b52bd5142ba", "best_bid": "0.007", "best_ask": "0.011"}, {"asset_id": "107000426448217931795450451304515386602910396776318075817601265223856116134349", "price": "0.971", "size": "0", "side": "BUY", "hash": "b47a3d813fe2b8c477723ebe89a3f0c76c7de8dc", "best_bid": "0.989", "best_ask": "0.993"}], "timestamp": "1769384118164", "event_type": "price_change"}}
{"_local_timestamp": "2026-01-25T23:35:19.776515+00:00", "data": {"market": "0xe9c127a8c35f045d37b5344b0a36711084fa20c2fc1618bf178a5386f90610be", "price_changes": [{"asset_id": "80230236018433940569996058935444651347308266584430516013229815570706872276819", "price": "0.029", "size": "24.5", "side": "SELL", "hash": "c4b1d51cdb1516056de5a9ae3f630d4005e50048", "best_bid": "0.007", "best_ask": "0.011"}, {"asset_id": "107000426448217931795450451304515386602910396776318075817601265223856116134349", "price": "0.971", "size": "24.5", "side": "BUY", "hash": "6db0c6c7913e555272371934601a6812c4466896", "best_bid": "0.989", "best_ask": "0.993"}], "timestamp": "1769384119558", "event_type": "price_change"}}
{"_local_timestamp": "2026-01-25T23:35:34.074488+00:00", "data": {"market": "0xe9c127a8c35f045d37b5344b0a36711084fa20c2fc1618bf178a5386f90610be", "price_changes": [{"asset_id": "107000426448217931795450451304515386602910396776318075817601265223856116134349", "price": "0.6", "size": "0", "side": "BUY", "hash": "12e7b3da084c3f4ba561c251082377e29b1f9f02", "best_bid": "0.989", "best_ask": "0.993"}, {"asset_id": "80230236018433940569996058935444651347308266584430516013229815570706872276819", "price": "0.4", "size": "0", "side": "SELL", "hash": "3e27af04a48faa5aa3bea157524503ea97faafaa", "best_bid": "0.007", "best_ask": "0.011"}], "timestamp": "1769384133877", "event_type": "price_change"}}
{"_local_timestamp": "2026-01-25T23:35:36.166751+00:00", "data": {"market": "0xe9c127a8c35f045d37b5344b0a36711084fa20c2fc1618bf178a5386f90610be", "price_changes": [{"asset_id": "107000426448217931795450451304515386602910396776318075817601265223856116134349", "price": "0.6", "size": "30", "side": "BUY", "hash": "decdea7aa64ef970e1d18fb444d3da452a3d46b0", "best_bid": "0.989", "best_ask": "0.993"}, {"asset_id": "80230236018433940569996058935444651347308266584430516013229815570706872276819", "price": "0.4", "size": "30", "side": "SELL", "hash": "416ad62607bbaa2b6b047a3fe5e1cde5bf8e1f62", "best_bid": "0.007", "best_ask": "0.011"}], "timestamp": "1769384135949", "event_type": "price_change"}}
{"_local_timestamp": "2026-01-25T23:36:03.759846+00:00", "data": {"market": "0xe9c127a8c35f045d37b5344b0a36711084fa20c2fc1618bf178a5386f90610be", "price_changes": [{"asset_id": "80230236018433940569996058935444651347308266584430516013229815570706872276819", "price": "0.005", "size": "0", "side": "BUY", "hash": "55f7db62ac71be355cc849279d9454692a6c4b8e", "best_bid": "0.007", "best_ask": "0.011"}, {"asset_id": "107000426448217931795450451304515386602910396776318075817601265223856116134349", "price": "0.995", "size": "0", "side": "SELL", "hash": "e130fcd3439bd2ce058a07816e7a068ed4a00417", "best_bid": "0.989", "best_ask": "0.993"}], "timestamp": "1769384163687", "event_type": "price_change"}}
{"_local_timestamp": "2026-01-25T23:36:03.762380+00:00", "data": {"market": "0xe9c127a8c35f045d37b5344b0a36711084fa20c2fc1618bf178a5386f90610be", "price_changes": [{"asset_id": "80230236018433940569996058935444651347308266584430516013229815570706872276819", "price": "0.006", "size": "0", "side": "BUY", "hash": "55f7db62ac71be355cc849279d9454692a6c4b8e", "best_bid": "0.007", "best_ask": "0.011"}, {"asset_id": "107000426448217931795450451304515386602910396776318075817601265223856116134349", "price": "0.994", "size": "0", "side": "SELL", "hash": "e130fcd3439bd2ce058a07816e7a068ed4a00417", "best_bid": "0.989", "best_ask": "0.993"}], "timestamp": "1769384163687", "event_type": "price_change"}}
{"_local_timestamp": "2026-01-25T23:36:03.763123+00:00", "data": {"market": "0xe9c127a8c35f045d37b5344b0a36711084fa20c2fc1618bf178a5386f90610be", "price_changes": [{"asset_id": "80230236018433940569996058935444651347308266584430516013229815570706872276819", "price": "0.007", "size": "2.46", "side": "BUY", "hash": "55f7db62ac71be355cc849279d9454692a6c4b8e", "best_bid": "0.007", "best_ask": "0.011"}, {"asset_id": "107000426448217931795450451304515386602910396776318075817601265223856116134349", "price": "0.993", "size": "2.46", "side": "SELL", "hash": "e130fcd3439bd2ce058a07816e7a068ed4a00417", "best_bid": "0.989", "best_ask": "0.993"}], "timestamp": "1769384163687", "event_type": "price_change"}}
{"_local_timestamp": "2026-01-25T23:36:04.150779+00:00", "data": {"market": "0xe9c127a8c35f045d37b5344b0a36711084fa20c2fc1618bf178a5386f90610be", "price_changes": [{"asset_id": "80230236018433940569996058935444651347308266584430516013229815570706872276819", "price": "0.004", "size": "164.47", "side": "BUY", "hash": "121e6cb2ba45821bb2c3ccded13e20ac83e67801", "best_bid": "0.007", "best_ask": "0.011"}, {"asset_id": "107000426448217931795450451304515386602910396776318075817601265223856116134349", "price": "0.996", "size": "164.47", "side": "SELL", "hash": "226786874fd160b3181e4de1f1a01c8f16f4c089", "best_bid": "0.989", "best_ask": "0.993"}], "timestamp": "1769384164053", "event_type": "price_change"}}
{"_local_timestamp": "2026-01-25T23:36:04.151523+00:00", "data": {"market": "0xe9c127a8c35f045d37b5344b0a36711084fa20c2fc1618bf178a5386f90610be", "price_changes": [{"asset_id": "80230236018433940569996058935444651347308266584430516013229815570706872276819", "price": "0.005", "size": "29.59", "side": "BUY", "hash": "0c883799440a0f2d6d6b3cd36c5b7803c29ecf16", "best_bid": "0.007", "best_ask": "0.011"}, {"asset_id": "107000426448217931795450451304515386602910396776318075817601265223856116134349", "price": "0.995", "size": "29.59", "side": "SELL", "hash": "dd70e70b36eee5b22ccc0b88c8c136af7857b268", "best_bid": "0.989", "best_ask": "0.993"}], "timestamp": "1769384164058", "event_type": "price_change"}}
{"_local_timestamp": "2026-01-25T23:36:04.655579+00:00", "data": {"market": "0xe9c127a8c35f045d37b5344b0a36711084fa20c2fc1618bf178a5386f90610be", "price_changes": [{"asset_id": "80230236018433940569996058935444651347308266584430516013229815570706872276819", "price": "0.004", "size": "72.03", "side": "BUY", "hash": "53eca27fbb2a58b92e67265ba0e370534d4c36aa", "best_bid": "0.007", "best_ask": "0.011"}, {"asset_id": "107000426448217931795450451304515386602910396776318075817601265223856116134349", "price": "0.996", "size": "72.03", "side": "SELL", "hash": "394a430c01c1db26c5561bb106491922add64dd5", "best_bid": "0.989", "best_ask": "0.993"}], "timestamp": "1769384164585", "event_type": "price_change"}}
{"_local_timestamp": "2026-01-25T23:36:04.656345+00:00", "data": {"market": "0xe9c127a8c35f045d37b5344b0a36711084fa20c2fc1618bf178a5386f90610be", "price_changes": [{"asset_id": "80230236018433940569996058935444651347308266584430516013229815570706872276819", "price": "0.005", "size": "0", "side": "BUY", "hash": "53eca27fbb2a58b92e67265ba0e370534d4c36aa", "best_bid": "0.007", "best_ask": "0.011"}, {"asset_id": "107000426448217931795450451304515386602910396776318075817601265223856116134349", "price": "0.995", "size": "0", "side": "SELL", "hash": "394a430c01c1db26c5561bb106491922add64dd5", "best_bid": "0.989", "best_ask": "0.993"}], "timestamp": "1769384164585", "event_type": "price_change"}}
{"_local_timestamp": "2026-01-25T23:36:04.891276+00:00", "data": {"market": "0xe9c127a8c35f045d37b5344b0a36711084fa20c2fc1618bf178a5386f90610be", "price_changes": [{"asset_id": "80230236018433940569996058935444651347308266584430516013229815570706872276819", "price": "0.005", "size": "70.9", "side": "BUY", "hash": "437f625644a0a2924e58759c98e5248bce5b5b85", "best_bid": "0.007", "best_ask": "0.011"}, {"asset_id": "107000426448217931795450451304515386602910396776318075817601265223856116134349", "price": "0.995", "size": "70.9", "side": "SELL", "hash": "83c68de326b85b56f4f88b30a780e83739649a30", "best_bid": "0.989", "best_ask": "0.993"}], "timestamp": "1769384164822", "event_type": "price_change"}}
{"_local_timestamp": "2026-01-25T23:36:04.893236+00:00", "data": {"market": "0xe9c127a8c35f045d37b5344b0a36711084fa20c2fc1618bf178a5386f90610be", "price_changes": [{"asset_id": "80230236018433940569996058935444651347308266584430516013229815570706872276819", "price": "0.006", "size": "27.2", "side": "BUY", "hash": "b004e6e08dd4f7958478498cab6f5112e1db619f", "best_bid": "0.007", "best_ask": "0.011"}, {"asset_id": "107000426448217931795450451304515386602910396776318075817601265223856116134349", "price": "0.994", "size": "27.2", "side": "SELL", "hash": "7d17167e44d2419103fab00b2a7813102c01f4d6", "best_bid": "0.989", "best_ask": "0.993"}], "timestamp": "1769384164826", "event_type": "price_change"}}
{"_local_timestamp": "2026-01-25T23:36:05.221249+00:00", "data": {"market": "0xe9c127a8c35f045d37b5344b0a36711084fa20c2fc1618bf178a5386f90610be", "price_changes": [{"asset_id": "107000426448217931795450451304515386602910396776318075817601265223856116134349", "price": "0.996", "size": "42.03", "side": "SELL", "hash": "9715645ab60cc494597d636318ea9f06eb903cb8", "best_bid": "0.989", "best_ask": "0.993"}, {"asset_id": "80230236018433940569996058935444651347308266584430516013229815570706872276819", "price": "0.004", "size": "42.03", "side": "BUY", "hash": "43436ffbe55516d8efb84b5c038e6389c9884e6f", "best_bid": "0.007", "best_ask": "0.011"}], "timestamp": "1769384165154", "event_type": "price_change"}}
{"_local_timestamp": "2026-01-25T23:36:05.305980+00:00", "data": {"market": "0xe9c127a8c35f045d37b5344b0a36711084fa20c2fc1618bf178a5386f90610be", "price_changes": [{"asset_id": "107000426448217931795450451304515386602910396776318075817601265223856116134349", "price": "0.994", "size": "57.2", "side": "SELL", "hash": "6c0f333adb3b915829f347df34821a54c96eb637", "best_bid": "0.989", "best_ask": "0.993"}, {"asset_id": "80230236018433940569996058935444651347308266584430516013229815570706872276819", "price": "0.006", "size": "57.2", "side": "BUY", "hash": "20a360efbeb91c762d196950cb116440cd65f963", "best_bid": "0.007", "best_ask": "0.011"}], "timestamp": "1769384165230", "event_type": "price_change"}}
{"_local_timestamp": "2026-01-25T23:36:09.426949+00:00", "data": {"market": "0xe9c127a8c35f045d37b5344b0a36711084fa20c2fc1618bf178a5386f90610be", "price_changes": [{"asset_id": "80230236018433940569996058935444651347308266584430516013229815570706872276819", "price": "0.005", "size": "0", "side": "BUY", "hash": "76d52b25455efd8ea44f65566e2828e048b6413b", "best_bid": "0.007", "best_ask": "0.011"}, {"asset_id": "107000426448217931795450451304515386602910396776318075817601265223856116134349", "price": "0.995", "size": "0", "side": "SELL", "hash": "eec2573a8ed9e22b9d8391a1364c8d032c38712c", "best_bid": "0.989", "best_ask": "0.993"}], "timestamp": "1769384169355", "event_type": "price_change"}}
{"_local_timestamp": "2026-01-25T23:36:09.434989+00:00", "data": {"market": "0xe9c127a8c35f045d37b5344b0a36711084fa20c2fc1618bf178a5386f90610be", "price_changes": [{"asset_id": "80230236018433940569996058935444651347308266584430516013229815570706872276819", "price": "0.006", "size": "30", "side": "BUY", "hash": "76d52b25455efd8ea44f65566e2828e048b6413b", "best_bid": "0.007", "best_ask": "0.011"}, {"asset_id": "107000426448217931795450451304515386602910396776318075817601265223856116134349", "price": "0.994", "size": "30", "side": "SELL", "hash": "eec2573a8ed9e22b9d8391a1364c8d032c38712c", "best_bid": "0.989", "best_ask": "0.993"}], "timestamp": "1769384169355", "event_type": "price_change"}}
{"_local_timestamp": "2026-01-25T23:36:09.555466+00:00", "data": {"market": "0xe9c127a8c35f045d37b5344b0a36711084fa20c2fc1618bf178a5386f90610be", "price_changes": [{"asset_id": "107000426448217931795450451304515386602910396776318075817601265223856116134349", "price": "0.994", "size": "0", "side": "SELL", "hash": "6545ad1084ffc980c16ce532d76e49af973565d3", "best_bid": "0.989", "best_ask": "0.993"}, {"asset_id": "80230236018433940569996058935444651347308266584430516013229815570706872276819", "price": "0.006", "size": "0", "side": "BUY", "hash": "4ef61b6d216b7200d85f5aa81af4fdff19f25fe6", "best_bid": "0.007", "best_ask": "0.011"}], "timestamp": "1769384169486", "event_type": "price_change"}}
{"_local_timestamp": "2026-01-25T23:36:09.622825+00:00", "data": {"market": "0xe9c127a8c35f045d37b5344b0a36711084fa20c2fc1618bf178a5386f90610be", "price_changes": [{"asset_id": "107000426448217931795450451304515386602910396776318075817601265223856116134349", "price": "0.996", "size": "72.03", "side": "SELL", "hash": "8c640ad137e1af8dda613cc7b0395e9846adf443", "best_bid": "0.989", "best_ask": "0.993"}, {"asset_id": "80230236018433940569996058935444651347308266584430516013229815570706872276819", "price": "0.004", "size": "72.03", "side": "BUY", "hash": "17c9bb4dabd42a24e6f7bccbe4caac0d7ce2bb09", "best_bid": "0.007", "best_ask": "0.011"}], "timestamp": "1769384169552", "event_type": "price_change"}}
{"_local_timestamp": "2026-01-25T23:36:09.791390+00:00", "data": {"market": "0xe9c127a8c35f045d37b5344b0a36711084fa20c2fc1618bf178a5386f90610be", "price_changes": [{"asset_id": "80230236018433940569996058935444651347308266584430516013229815570706872276819", "price": "0.007", "size": "32.35", "side": "BUY", "hash": "1184d7eb4b47ede427af795a02e51296015f8c82", "best_bid": "0.007", "best_ask": "0.011"}, {"asset_id": "107000426448217931795450451304515386602910396776318075817601265223856116134349", "price": "0.993", "size": "32.35", "side": "SELL", "hash": "00f3649d70ce6c319137d51d5a488daa25fa2c80", "best_bid": "0.989", "best_ask": "0.993"}], "timestamp": "1769384169720", "event_type": "price_change"}}
{"_local_timestamp": "2026-01-25T23:36:09.792031+00:00", "data": {"market": "0xe9c127a8c35f045d37b5344b0a36711084fa20c2fc1618bf178a5386f90610be", "price_changes": [{"asset_id": "80230236018433940569996058935444651347308266584430516013229815570706872276819", "price": "0.004", "size": "149.15", "side": "BUY", "hash": "036395d82e0b5090b80b004031fb2f56d6fc4bf6", "best_bid": "0.007", "best_ask": "0.011"}, {"asset_id": "107000426448217931795450451304515386602910396776318075817601265223856116134349", "price": "0.996", "size": "149.15", "side": "SELL", "hash": "f9b59cf2ec02a09d35942c3de7689ac82d21faaf", "best_bid": "0.989", "best_ask": "0.993"}], "timestamp": "1769384169724", "event_type": "price_change"}}
{"_local_timestamp": "2026-01-25T23:36:11.154859+00:00", "data": {"market": "0xe9c127a8c35f045d37b5344b0a36711084fa20c2fc1618bf178a5386f90610be", "price_changes": [{"asset_id": "80230236018433940569996058935444651347308266584430516013229815570706872276819", "price": "0.007", "size": "2.46", "side": "BUY", "hash": "48ef9c8bd971ac554adaa121d1337b93780545b2", "best_bid": "0.007", "best_ask": "0.011"}, {"asset_id": "107000426448217931795450451304515386602910396776318075817601265223856116134349", "price": "0.993", "size": "2.46", "side": "SELL", "hash": "1b4a19506d6f48e5d8718f265d9105596037f20e", "best_bid": "0.989", "best_ask": "0.993"}], "timestamp": "1769384171085", "event_type": "price_change"}}
{"_local_timestamp": "2026-01-25T23:36:11.462273+00:00", "data": {"market": "0xe9c127a8c35f045d37b5344b0a36711084fa20c2fc1618bf178a5386f90610be", "price_changes": [{"asset_id": "80230236018433940569996058935444651347308266584430516013229815570706872276819", "price": "0.005", "size": "41.85", "side": "BUY", "hash": "a142bb113280acdbeb1e5ad46f18eba84b4f367e", "best_bid": "0.007", "best_ask": "0.011"}, {"asset_id": "107000426448217931795450451304515386602910396776318075817601265223856116134349", "price": "0.995", "size": "41.85", "side": "SELL", "hash": "e3ee9c319dfd30b3c84eb71b6164d5f8110ab517", "best_bid": "0.989", "best_ask": "0.993"}], "timestamp": "1769384171389", "event_type": "price_change"}}
{"_local_timestamp": "2026-01-25T23:36:12.822483+00:00", "data": {"market": "0xe9c127a8c35f045d37b5344b0a36711084fa20c2fc1618bf178a5386f90610be", "price_changes": [{"asset_id": "80230236018433940569996058935444651347308266584430516013229815570706872276819", "price": "0.005", "size": "0", "side": "BUY", "hash": "02dcc81e16f917ee53970bd9e11cc2de811a95c0", "best_bid": "0.007", "best_ask": "0.011"}, {"asset_id": "107000426448217931795450451304515386602910396776318075817601265223856116134349", "price": "0.995", "size": "0", "side": "SELL", "hash": "27044633de840fb1395c3514c53cf5235d9963a8", "best_bid": "0.989", "best_ask": "0.993"}], "timestamp": "1769384172756", "event_type": "price_change"}}
{"_local_timestamp": "2026-01-25T23:36:13.278659+00:00", "data": {"market": "0xe9c127a8c35f045d37b5344b0a36711084fa20c2fc1618bf178a5386f90610be", "price_changes": [{"asset_id": "80230236018433940569996058935444651347308266584430516013229815570706872276819", "price": "0.005", "size": "41.85", "side": "BUY", "hash": "8621f58533b53259c1608819df28625c7bb3a836", "best_bid": "0.007", "best_ask": "0.011"}, {"asset_id": "107000426448217931795450451304515386602910396776318075817601265223856116134349", "price": "0.995", "size": "41.85", "side": "SELL", "hash": "4285323bf74f031a06b9a4f7b0c456b97611542e", "best_bid": "0.989", "best_ask": "0.993"}], "timestamp": "1769384173211", "event_type": "price_change"}}
{"_local_timestamp": "2026-01-25T23:36:15.140804+00:00", "data": {"market": "0xe9c127a8c35f045d37b5344b0a36711084fa20c2fc1618bf178a5386f90610be", "price_changes": [{"asset_id": "80230236018433940569996058935444651347308266584430516013229815570706872276819", "price": "0.005", "size": "0", "side": "BUY", "hash": "ac1c505d862bdb85f2bec5acb717d2061d4a3f91", "best_bid": "0.007", "best_ask": "0.011"}, {"asset_id": "107000426448217931795450451304515386602910396776318075817601265223856116134349", "price": "0.995", "size": "0", "side": "SELL", "hash": "5003302d52047fabb04adc1936b808202abcece1", "best_bid": "0.989", "best_ask": "0.993"}], "timestamp": "1769384175069", "event_type": "price_change"}}
{"_local_timestamp": "2026-01-25T23:36:15.512708+00:00", "data": {"market": "0xe9c127a8c35f045d37b5344b0a36711084fa20c2fc1618bf178a5386f90610be", "price_changes": [{"asset_id": "80230236018433940569996058935444651347308266584430516013229815570706872276819", "price": "0.006", "size": "22.16", "side": "BUY", "hash": "f64c3fb98cbde5a490afc4aa4dde33fee1b0f637", "best_bid": "0.007", "best_ask": "0.011"}, {"asset_id": "107000426448217931795450451304515386602910396776318075817601265223856116134349", "price": "0.994", "size": "22.16", "side": "SELL", "hash": "eddf43af3f93be409e44ff989e80e988d8561c70", "best_bid": "0.989", "best_ask": "0.993"}], "timestamp": "1769384175435", "event_type": "price_change"}}
{"_local_timestamp": "2026-01-25T23:36:15.516204+00:00", "data": {"market": "0xe9c127a8c35f045d37b5344b0a36711084fa20c2fc1618bf178a5386f90610be", "price_changes": [{"asset_id": "80230236018433940569996058935444651347308266584430516013229815570706872276819", "price": "0.005", "size": "15.25", "side": "BUY", "hash": "df47ed9d11aed3c4bc100c3fa203474cb4af9439", "best_bid": "0.007", "best_ask": "0.011"}, {"asset_id": "107000426448217931795450451304515386602910396776318075817601265223856116134349", "price": "0.995", "size": "15.25", "side": "SELL", "hash": "bb257b57a6c1aa10bacc136c8c9c4e07b0dbef7b", "best_bid": "0.989", "best_ask": "0.993"}], "timestamp": "1769384175441", "event_type": "price_change"}}
{"_local_timestamp": "2026-01-25T23:36:16.872602+00:00", "data": {"market": "0xe9c127a8c35f045d37b5344b0a36711084fa20c2fc1618bf178a5386f90610be", "price_changes": [{"asset_id": "80230236018433940569996058935444651347308266584430516013229815570706872276819", "price": "0.006", "size": "0", "side": "BUY", "hash": "42cd4fe2a534addb36737b9cf4990931a4720e92", "best_bid": "0.007", "best_ask": "0.011"}, {"asset_id": "107000426448217931795450451304515386602910396776318075817601265223856116134349", "price": "0.994", "size": "0", "side": "SELL", "hash": "4e9850ae8a1fea5b3402db3c6887063d9db2424f", "best_bid": "0.989", "best_ask": "0.993"}], "timestamp": "1769384176804", "event_type": "price_change"}}
{"_local_timestamp": "2026-01-25T23:36:17.256578+00:00", "data": {"market": "0xe9c127a8c35f045d37b5344b0a36711084fa20c2fc1618bf178a5386f90610be", "price_changes": [{"asset_id": "80230236018433940569996058935444651347308266584430516013229815570706872276819", "price": "0.005", "size": "41.85", "side": "BUY", "hash": "072cfbec016f2eebfe7b1b31ae31a92083b29094", "best_bid": "0.007", "best_ask": "0.011"}, {"asset_id": "107000426448217931795450451304515386602910396776318075817601265223856116134349", "price": "0.995", "size": "41.85", "side": "SELL", "hash": "ad981b73698b333ff361a202cacc67388f4ce89d", "best_bid": "0.989", "best_ask": "0.993"}], "timestamp": "1769384177182", "event_type": "price_change"}}
{"_local_timestamp": "2026-01-25T23:36:18.562813+00:00", "data": {"market": "0xe9c127a8c35f045d37b5344b0a36711084fa20c2fc1618bf178a5386f90610be", "price_changes": [{"asset_id": "80230236018433940569996058935444651347308266584430516013229815570706872276819", "price": "0.005", "size": "15.25", "side": "BUY", "hash": "47aa1e533e65c952980e8d1549509dba23622621", "best_bid": "0.007", "best_ask": "0.011"}, {"asset_id": "107000426448217931795450451304515386602910396776318075817601265223856116134349", "price": "0.995", "size": "15.25", "side": "SELL", "hash": "f5d0defe3f0529736a4bb994f8774af74bb5c743", "best_bid": "0.989", "best_ask": "0.993"}], "timestamp": "1769384178495", "event_type": "price_change"}}
{"_local_timestamp": "2026-01-25T23:36:18.910028+00:00", "data": {"market": "0xe9c127a8c35f045d37b5344b0a36711084fa20c2fc1618bf178a5386f90610be", "price_changes": [{"asset_id": "80230236018433940569996058935444651347308266584430516013229815570706872276819", "price": "0.005", "size": "41.85", "side": "BUY", "hash": "fdc67234dcecdc3c3fe6a02ad26a3f9551de31e0", "best_bid": "0.007", "best_ask": "0.011"}, {"asset_id": "107000426448217931795450451304515386602910396776318075817601265223856116134349", "price": "0.995", "size": "41.85", "side": "SELL", "hash": "efa83b60bafe5d9ec1d4059ff0fb9cc49bb3b941", "best_bid": "0.989", "best_ask": "0.993"}], "timestamp": "1769384178839", "event_type": "price_change"}}
{"_local_timestamp": "2026-01-25T23:36:19.843839+00:00", "data": {"market": "0xe9c127a8c35f045d37b5344b0a36711084fa20c2fc1618bf178a5386f90610be", "price_changes": [{"asset_id": "80230236018433940569996058935444651347308266584430516013229815570706872276819", "price": "0.005", "size": "15.25", "side": "BUY", "hash": "5d6784e631dbed2b61baac7221c04ef9be0c8a35", "best_bid": "0.007", "best_ask": "0.011"}, {"asset_id": "107000426448217931795450451304515386602910396776318075817601265223856116134349", "price": "0.995", "size": "15.25", "side": "SELL", "hash": "f6af1ab2b3b70c1bf1912df9f9077d539a985f12", "best_bid": "0.989", "best_ask": "0.993"}], "timestamp": "1769384179767", "event_type": "price_change"}}
{"_local_timestamp": "2026-01-25T23:36:20.219757+00:00", "data": {"market": "0xe9c127a8c35f045d37b5344b0a36711084fa20c2fc1618bf178a5386f90610be", "price_changes": [{"asset_id": "80230236018433940569996058935444651347308266584430516013229815570706872276819", "price": "0.005", "size": "41.85", "side": "BUY", "hash": "662019fe4d840d4cbc204a6dfb4486ffa17dd0c0", "best_bid": "0.007", "best_ask": "0.011"}, {"asset_id": "107000426448217931795450451304515386602910396776318075817601265223856116134349", "price": "0.995", "size": "41.85", "side": "SELL", "hash": "a61783ddb832d6d229234b442f7569f6d29d7183", "best_bid": "0.989", "best_ask": "0.993"}], "timestamp": "1769384180149", "event_type": "price_change"}}
{"_local_timestamp": "2026-01-25T23:36:21.661693+00:00", "data": {"market": "0xe9c127a8c35f045d37b5344b0a36711084fa20c2fc1618bf178a5386f90610be", "price_changes": [{"asset_id": "80230236018433940569996058935444651347308266584430516013229815570706872276819", "price": "0.005", "size": "15.25", "side": "BUY", "hash": "4ef809bbe90efd1bdf0332e8b817cd0b246d98fb", "best_bid": "0.007", "best_ask": "0.011"}, {"asset_id": "107000426448217931795450451304515386602910396776318075817601265223856116134349", "price": "0.995", "size": "15.25", "side": "SELL", "hash": "90cbdfad66277a9aaf5c2e32b8c94b89fe4e5cf2", "best_bid": "0.989", "best_ask": "0.993"}], "timestamp": "1769384181555", "event_type": "price_change"}}
{"_local_timestamp": "2026-01-25T23:36:21.870942+00:00", "data": {"market": "0xe9c127a8c35f045d37b5344b0a36711084fa20c2fc1618bf178a5386f90610be", "price_changes": [{"asset_id": "80230236018433940569996058935444651347308266584430516013229815570706872276819", "price": "0.006", "size": "16.68", "side": "BUY", "hash": "019c0ba74f5bd5e1ec8458294ffd6daeec66c853", "best_bid": "0.007", "best_ask": "0.011"}, {"asset_id": "107000426448217931795450451304515386602910396776318075817601265223856116134349", "price": "0.994", "size": "16.68", "side": "SELL", "hash": "3a426531ca347783ad86f690d633504428d23eb4", "best_bid": "0.989", "best_ask": "0.993"}], "timestamp": "1769384181800", "event_type": "price_change"}}
{"_local_timestamp": "2026-01-25T23:36:21.874210+00:00", "data": {"market": "0xe9c127a8c35f045d37b5344b0a36711084fa20c2fc1618bf178a5386f90610be", "price_changes": [{"asset_id": "80230236018433940569996058935444651347308266584430516013229815570706872276819", "price": "0.005", "size": "21.83", "side": "BUY", "hash": "b530d8eb02d220e9236417d07c0dc8aba497f889", "best_bid": "0.007", "best_ask": "0.011"}, {"asset_id": "107000426448217931795450451304515386602910396776318075817601265223856116134349", "price": "0.995", "size": "21.83", "side": "SELL", "hash": "ac060a3d7ff6d333eca2f9269e31adb23f28058a", "best_bid": "0.989", "best_ask": "0.993"}], "timestamp": "1769384181804", "event_type": "price_change"}}
{"_local_timestamp": "2026-01-25T23:36:23.763783+00:00", "data": {"market": "0xe9c127a8c35f045d37b5344b0a36711084fa20c2fc1618bf178a5386f90610be", "price_changes": [{"asset_id": "80230236018433940569996058935444651347308266584430516013229815570706872276819", "price": "0.006", "size": "0", "side": "BUY", "hash": "10430cbc5deaedbc7c93ab51f66c108024b6d784", "best_bid": "0.007", "best_ask": "0.011"}, {"asset_id": "107000426448217931795450451304515386602910396776318075817601265223856116134349", "price": "0.994", "size": "0", "side": "SELL", "hash": "455d56e05a0d071a264297000272c6a161d3bc84", "best_bid": "0.989", "best_ask": "0.993"}], "timestamp": "1769384183688", "event_type": "price_change"}}
{"_local_timestamp": "2026-01-25T23:36:24.173358+00:00", "data": {"market": "0xe9c127a8c35f045d37b5344b0a36711084fa20c2fc1618bf178a5386f90610be", "price_changes": [{"asset_id": "80230236018433940569996058935444651347308266584430516013229815570706872276819", "price": "0.005", "size": "41.85", "side": "BUY", "hash": "c9b4dbb0be84b81a5b9c600c40e1ade244c337c3", "best_bid": "0.007", "best_ask": "0.011"}, {"asset_id": "107000426448217931795450451304515386602910396776318075817601265223856116134349", "price": "0.995", "size": "41.85", "side": "SELL", "hash": "690103edbbf1e9b2ef5030cf25d1daa32b4c76ee", "best_bid": "0.989", "best_ask": "0.993"}], "timestamp": "1769384184022", "event_type": "price_change"}}
{"_local_timestamp": "2026-01-25T23:36:25.492286+00:00", "data": {"market": "0xe9c127a8c35f045d37b5344b0a36711084fa20c2fc1618bf178a5386f90610be", "price_changes": [{"asset_id": "80230236018433940569996058935444651347308266584430516013229815570706872276819", "price": "0.005", "size": "21.83", "side": "BUY", "hash": "36ef36b944e47fb6edabe19aa6cb0b4a5cee118c", "best_bid": "0.007", "best_ask": "0.011"}, {"asset_id": "107000426448217931795450451304515386602910396776318075817601265223856116134349", "price": "0.995", "size": "21.83", "side": "SELL", "hash": "9d4c954fa8b69ae0358dc245dc20745aace43471", "best_bid": "0.989", "best_ask": "0.993"}], "timestamp": "1769384185421", "event_type": "price_change"}}
{"_local_timestamp": "2026-01-25T23:36:25.829036+00:00", "data": {"market": "0xe9c127a8c35f045d37b5344b0a36711084fa20c2fc1618bf178a5386f90610be", "price_changes": [{"asset_id": "80230236018433940569996058935444651347308266584430516013229815570706872276819", "price": "0.005", "size": "41.85", "side": "BUY", "hash": "68c6f8b243db9fa985da703a5bdc93197907e2a2", "best_bid": "0.007", "best_ask": "0.011"}, {"asset_id": "107000426448217931795450451304515386602910396776318075817601265223856116134349", "price": "0.995", "size": "41.85", "side": "SELL", "hash": "d3f7486b8fed72c85027d405172301b129076988", "best_bid": "0.989", "best_ask": "0.993"}], "timestamp": "1769384185753", "event_type": "price_change"}}
{"_local_timestamp": "2026-01-25T23:36:26.960943+00:00", "data": {"market": "0xe9c127a8c35f045d37b5344b0a36711084fa20c2fc1618bf178a5386f90610be", "price_changes": [{"asset_id": "80230236018433940569996058935444651347308266584430516013229815570706872276819", "price": "0.005", "size": "21.83", "side": "BUY", "hash": "a985aff45ee31bef727512d62ab56d993390d3b6", "best_bid": "0.007", "best_ask": "0.011"}, {"asset_id": "107000426448217931795450451304515386602910396776318075817601265223856116134349", "price": "0.995", "size": "21.83", "side": "SELL", "hash": "fc699c8393dad70fae54c2f68b836f58868abf89", "best_bid": "0.989", "best_ask": "0.993"}], "timestamp": "1769384186883", "event_type": "price_change"}}
{"_local_timestamp": "2026-01-25T23:36:27.341369+00:00", "data": {"market": "0xe9c127a8c35f045d37b5344b0a36711084fa20c2fc1618bf178a5386f90610be", "price_changes": [{"asset_id": "80230236018433940569996058935444651347308266584430516013229815570706872276819", "price": "0.005", "size": "41.85", "side": "BUY", "hash": "d420330d9d10859d754630a85b32eb34a0121cc1", "best_bid": "0.007", "best_ask": "0.011"}, {"asset_id": "107000426448217931795450451304515386602910396776318075817601265223856116134349", "price": "0.995", "size": "41.85", "side": "SELL", "hash": "62674596999cfe8c3f51ba8b29d7c545ec025a02", "best_bid": "0.989", "best_ask": "0.993"}], "timestamp": "1769384187263", "event_type": "price_change"}}
{"_local_timestamp": "2026-01-25T23:36:28.428282+00:00", "data": {"market": "0xe9c127a8c35f045d37b5344b0a36711084fa20c2fc1618bf178a5386f90610be", "price_changes": [{"asset_id": "80230236018433940569996058935444651347308266584430516013229815570706872276819", "price": "0.005", "size": "21.83", "side": "BUY", "hash": "98048369b7d22a24c436dea6ca4d0bb1afc78121", "best_bid": "0.007", "best_ask": "0.011"}, {"asset_id": "107000426448217931795450451304515386602910396776318075817601265223856116134349", "price": "0.995", "size": "21.83", "side": "SELL", "hash": "1a7ad7d7367671efa7c3d0a1460ed6bc88484704", "best_bid": "0.989", "best_ask": "0.993"}], "timestamp": "1769384188348", "event_type": "price_change"}}
{"_local_timestamp": "2026-01-25T23:36:28.794314+00:00", "data": {"market": "0xe9c127a8c35f045d37b5344b0a36711084fa20c2fc1618bf178a5386f90610be", "price_changes": [{"asset_id": "80230236018433940569996058935444651347308266584430516013229815570706872276819", "price": "0.005", "size": "41.85", "side": "BUY", "hash": "8df127119e94e902836ef716ce227b7425ac60f0", "best_bid": "0.007", "best_ask": "0.011"}, {"asset_id": "107000426448217931795450451304515386602910396776318075817601265223856116134349", "price": "0.995", "size": "41.85", "side": "SELL", "hash": "21b822fce6f81fa671092e4a3f2fe942d367bc4b", "best_bid": "0.989", "best_ask": "0.993"}], "timestamp": "1769384188691", "event_type": "price_change"}}
{"_local_timestamp": "2026-01-25T23:36:31.088028+00:00", "data": {"market": "0xe9c127a8c35f045d37b5344b0a36711084fa20c2fc1618bf178a5386f90610be", "price_changes": [{"asset_id": "80230236018433940569996058935444651347308266584430516013229815570706872276819", "price": "0.005", "size": "21.83", "side": "BUY", "hash": "45e9c87397dc0d46fb4bac984cd52d28e6b0489b", "best_bid": "0.007", "best_ask": "0.011"}, {"asset_id": "107000426448217931795450451304515386602910396776318075817601265223856116134349", "price": "0.995", "size": "21.83", "side": "SELL", "hash": "015476c43a4b756a5c2141327e045ff464a0825c", "best_bid": "0.989", "best_ask": "0.993"}], "timestamp": "1769384191018", "event_type": "price_change"}}
{"_local_timestamp": "2026-01-25T23:36:31.477385+00:00", "data": {"market": "0xe9c127a8c35f045d37b5344b0a36711084fa20c2fc1618bf178a5386f90610be", "price_changes": [{"asset_id": "80230236018433940569996058935444651347308266584430516013229815570706872276819", "price": "0.005", "size": "41.85", "side": "BUY", "hash": "96a701af1042576af3d37e4a12533485ae094db8", "best_bid": "0.007", "best_ask": "0.011"}, {"asset_id": "107000426448217931795450451304515386602910396776318075817601265223856116134349", "price": "0.995", "size": "41.85", "side": "SELL", "hash": "4e21aa3b03d421a47694089cb790e9feedbf0f53", "best_bid": "0.989", "best_ask": "0.993"}], "timestamp": "1769384191409", "event_type": "price_change"}}
{"_local_timestamp": "2026-01-25T23:36:33.749341+00:00", "data": {"market": "0xe9c127a8c35f045d37b5344b0a36711084fa20c2fc1618bf178a5386f90610be", "price_changes": [{"asset_id": "80230236018433940569996058935444651347308266584430516013229815570706872276819", "price": "0.005", "size": "21.83", "side": "BUY", "hash": "21b8ca7217d54e2d4b1945ffd66fd28db873605c", "best_bid": "0.007", "best_ask": "0.011"}, {"asset_id": "107000426448217931795450451304515386602910396776318075817601265223856116134349", "price": "0.995", "size": "21.83", "side": "SELL", "hash": "0576fe0ede1b90526a12c25f9ae93529ec5afafc", "best_bid": "0.989", "best_ask": "0.993"}], "timestamp": "1769384193673", "event_type": "price_change"}}
{"_local_timestamp": "2026-01-25T23:36:33.926572+00:00", "data": {"market": "0xe9c127a8c35f045d37b5344b0a36711084fa20c2fc1618bf178a5386f90610be", "price_changes": [{"asset_id": "107000426448217931795450451304515386602910396776318075817601265223856116134349", "price": "0.6", "size": "0", "side": "BUY", "hash": "379f19a4b9e21c4ec523ccf8ed53cf26fe74bd7d", "best_bid": "0.989", "best_ask": "0.993"}, {"asset_id": "80230236018433940569996058935444651347308266584430516013229815570706872276819", "price": "0.4", "size": "0", "side": "SELL", "hash": "14e4f945c1010d136934af987ea344c7fd162914", "best_bid": "0.007", "best_ask": "0.011"}], "timestamp": "1769384193861", "event_type": "price_change"}}
{"_local_timestamp": "2026-01-25T23:36:34.129905+00:00", "data": {"market": "0xe9c127a8c35f045d37b5344b0a36711084fa20c2fc1618bf178a5386f90610be", "price_changes": [{"asset_id": "80230236018433940569996058935444651347308266584430516013229815570706872276819", "price": "0.005", "size": "41.85", "side": "BUY", "hash": "c304e1b2a71978c07fa3ae519304b343a15516b0", "best_bid": "0.007", "best_ask": "0.011"}, {"asset_id": "107000426448217931795450451304515386602910396776318075817601265223856116134349", "price": "0.995", "size": "41.85", "side": "SELL", "hash": "af0753feaa7f149bc153a9098a0b15fd27fee436", "best_bid": "0.989", "best_ask": "0.993"}], "timestamp": "1769384194049", "event_type": "price_change"}}
{"_local_timestamp": "2026-01-25T23:36:34.614601+00:00", "data": {"market": "0xe9c127a8c35f045d37b5344b0a36711084fa20c2fc1618bf178a5386f90610be", "price_changes": [{"asset_id": "80230236018433940569996058935444651347308266584430516013229815570706872276819", "price": "0.005", "size": "21.83", "side": "BUY", "hash": "58af418f1fcbd5dbc4bbb8bddab76175b91f3d89", "best_bid": "0.007", "best_ask": "0.011"}, {"asset_id": "107000426448217931795450451304515386602910396776318075817601265223856116134349", "price": "0.995", "size": "21.83", "side": "SELL", "hash": "6f38de3154ea13e1238150f271f62619b5cc6b8e", "best_bid": "0.989", "best_ask": "0.993"}], "timestamp": "1769384194532", "event_type": "price_change"}}
{"_local_timestamp": "2026-01-25T23:36:34.914595+00:00", "data": {"market": "0xe9c127a8c35f045d37b5344b0a36711084fa20c2fc1618bf178a5386f90610be", "price_changes": [{"asset_id": "80230236018433940569996058935444651347308266584430516013229815570706872276819", "price": "0.006", "size": "16.68", "side": "BUY", "hash": "0d95157ee628810bdcf2a2bc8efc4ea4173c1392", "best_bid": "0.007", "best_ask": "0.011"}, {"asset_id": "107000426448217931795450451304515386602910396776318075817601265223856116134349", "price": "0.994", "size": "16.68", "side": "SELL", "hash": "98c5fe6333648321eca1d9c10bb57de601454593", "best_bid": "0.989", "best_ask": "0.993"}], "timestamp": "1769384194838", "event_type": "price_change"}}
{"_local_timestamp": "2026-01-25T23:36:35.990933+00:00", "data": {"market": "0xe9c127a8c35f045d37b5344b0a36711084fa20c2fc1618bf178a5386f90610be", "price_changes": [{"asset_id": "107000426448217931795450451304515386602910396776318075817601265223856116134349", "price": "0.6", "size": "30", "side": "BUY", "hash": "8b4617a7a590aa3c37a871665d7073c4ea123127", "best_bid": "0.989", "best_ask": "0.993"}, {"asset_id": "80230236018433940569996058935444651347308266584430516013229815570706872276819", "price": "0.4", "size": "30", "side": "SELL", "hash": "c83136a327b5421718e541e895f431380027180e", "best_bid": "0.007", "best_ask": "0.011"}], "timestamp": "1769384195918", "event_type": "price_change"}}
{"_local_timestamp": "2026-01-25T23:36:36.514030+00:00", "data": {"market": "0xe9c127a8c35f045d37b5344b0a36711084fa20c2fc1618bf178a5386f90610be", "price_changes": [{"asset_id": "80230236018433940569996058935444651347308266584430516013229815570706872276819", "price": "0.006", "size": "0", "side": "BUY", "hash": "d80a6fa09f540c57e09d0f4486384119f5426ec6", "best_bid": "0.007", "best_ask": "0.011"}, {"asset_id": "107000426448217931795450451304515386602910396776318075817601265223856116134349", "price": "0.994", "size": "0", "side": "SELL", "hash": "c73bc84fc799326d770bc08079524699461a92c6", "best_bid": "0.989", "best_ask": "0.993"}], "timestamp": "1769384196440", "event_type": "price_change"}}
{"_local_timestamp": "2026-01-25T23:36:36.813305+00:00", "data": {"market": "0xe9c127a8c35f045d37b5344b0a36711084fa20c2fc1618bf178a5386f90610be", "price_changes": [{"asset_id": "80230236018433940569996058935444651347308266584430516013229815570706872276819", "price": "0.005", "size": "41.85", "side": "BUY", "hash": "4090b80bac37b043c9eb6cecdc2e05ea6fc0b7a8", "best_bid": "0.007", "best_ask": "0.011"}, {"asset_id": "107000426448217931795450451304515386602910396776318075817601265223856116134349", "price": "0.995", "size": "41.85", "side": "SELL", "hash": "4cf15e2501e3a5fdbc2e0725f9877af7d50907f5", "best_bid": "0.989", "best_ask": "0.993"}], "timestamp": "1769384196727", "event_type": "price_change"}}
{"_local_timestamp": "2026-01-25T23:36:38.677622+00:00", "data": {"market": "0xe9c127a8c35f045d37b5344b0a36711084fa20c2fc1618bf178a5386f90610be", "price_changes": [{"asset_id": "80230236018433940569996058935444651347308266584430516013229815570706872276819", "price": "0.005", "size": "21.83", "side": "BUY", "hash": "922f89d4edeac43febcd9fb89b15d8bac9256cff", "best_bid": "0.007", "best_ask": "0.011"}, {"asset_id": "107000426448217931795450451304515386602910396776318075817601265223856116134349", "price": "0.995", "size": "21.83", "side": "SELL", "hash": "feefa2fe3727dbb748e700169ed3c227abba0d70", "best_bid": "0.989", "best_ask": "0.993"}], "timestamp": "1769384198606", "event_type": "price_change"}}
{"_local_timestamp": "2026-01-25T23:36:38.976572+00:00", "data": {"market": "0xe9c127a8c35f045d37b5344b0a36711084fa20c2fc1618bf178a5386f90610be", "price_changes": [{"asset_id": "80230236018433940569996058935444651347308266584430516013229815570706872276819", "price": "0.005", "size": "41.85", "side": "BUY", "hash": "45539b40c056a8322784e8967959b28b903b69b6", "best_bid": "0.007", "best_ask": "0.011"}, {"asset_id": "107000426448217931795450451304515386602910396776318075817601265223856116134349", "price": "0.995", "size": "41.85", "side": "SELL", "hash": "0ad176d4664314e2b45aabb759124f83395a7202", "best_bid": "0.989", "best_ask": "0.993"}], "timestamp": "1769384198905", "event_type": "price_change"}}
{"_local_timestamp": "2026-01-25T23:36:40.407126+00:00", "data": {"market": "0xe9c127a8c35f045d37b5344b0a36711084fa20c2fc1618bf178a5386f90610be", "price_changes": [{"asset_id": "80230236018433940569996058935444651347308266584430516013229815570706872276819", "price": "0.005", "size": "21.83", "side": "BUY", "hash": "96f42c31d4101002472a4e5f3c43fd269e145b2b", "best_bid": "0.007", "best_ask": "0.011"}, {"asset_id": "107000426448217931795450451304515386602910396776318075817601265223856116134349", "price": "0.995", "size": "21.83", "side": "SELL", "hash": "29912c9f3e9def321eb0bf7856a85159168d04de", "best_bid": "0.989", "best_ask": "0.993"}], "timestamp": "1769384200333", "event_type": "price_change"}}
{"_local_timestamp": "2026-01-25T23:36:40.748051+00:00", "data": {"market": "0xe9c127a8c35f045d37b5344b0a36711084fa20c2fc1618bf178a5386f90610be", "price_changes": [{"asset_id": "80230236018433940569996058935444651347308266584430516013229815570706872276819", "price": "0.005", "size": "41.85", "side": "BUY", "hash": "ca26073a7915ae66d220fc3a0d58ab3415617847", "best_bid": "0.007", "best_ask": "0.011"}, {"asset_id": "107000426448217931795450451304515386602910396776318075817601265223856116134349", "price": "0.995", "size": "41.85", "side": "SELL", "hash": "84e039d8c060f7cfa210f5d8df9c80ee4f0c7b56", "best_bid": "0.989", "best_ask": "0.993"}], "timestamp": "1769384200678", "event_type": "price_change"}}
{"_local_timestamp": "2026-01-25T23:36:41.878177+00:00", "data": {"market": "0xe9c127a8c35f045d37b5344b0a36711084fa20c2fc1618bf178a5386f90610be", "price_changes": [{"asset_id": "80230236018433940569996058935444651347308266584430516013229815570706872276819", "price": "0.005", "size": "21.83", "side": "BUY", "hash": "a2280cccfd359e2ef460f22a7e36d804d199da4b", "best_bid": "0.007", "best_ask": "0.011"}, {"asset_id": "107000426448217931795450451304515386602910396776318075817601265223856116134349", "price": "0.995", "size": "21.83", "side": "SELL", "hash": "be18bef816cd0f7dfa10b2457fb3fd56d901cd35", "best_bid": "0.989", "best_ask": "0.993"}], "timestamp": "1769384201805", "event_type": "price_change"}}
{"_local_timestamp": "2026-01-25T23:36:42.282703+00:00", "data": {"market": "0xe9c127a8c35f045d37b5344b0a36711084fa20c2fc1618bf178a5386f90610be", "price_changes": [{"asset_id": "80230236018433940569996058935444651347308266584430516013229815570706872276819", "price": "0.005", "size": "41.85", "side": "BUY", "hash": "7733b71fd9b0b9be08ab404425f923b05420950a", "best_bid": "0.007", "best_ask": "0.011"}, {"asset_id": "107000426448217931795450451304515386602910396776318075817601265223856116134349", "price": "0.995", "size": "41.85", "side": "SELL", "hash": "494e49136835930a2baab2ed88f3822a3c04dac3", "best_bid": "0.989", "best_ask": "0.993"}], "timestamp": "1769384202207", "event_type": "price_change"}}
{"_local_timestamp": "2026-01-25T23:36:44.216808+00:00", "data": {"market": "0xe9c127a8c35f045d37b5344b0a36711084fa20c2fc1618bf178a5386f90610be", "price_changes": [{"asset_id": "80230236018433940569996058935444651347308266584430516013229815570706872276819", "price": "0.005", "size": "21.83", "side": "BUY", "hash": "e2d57755af790d7ceec9c22a79c0c9aac517d231", "best_bid": "0.007", "best_ask": "0.011"}, {"asset_id": "107000426448217931795450451304515386602910396776318075817601265223856116134349", "price": "0.995", "size": "21.83", "side": "SELL", "hash": "cd599f218e65585092c2f1d89b18ee0289cf583b", "best_bid": "0.989", "best_ask": "0.993"}], "timestamp": "1769384204149", "event_type": "price_change"}}
{"_local_timestamp": "2026-01-25T23:36:44.567315+00:00", "data": {"market": "0xe9c127a8c35f045d37b5344b0a36711084fa20c2fc1618bf178a5386f90610be", "price_changes": [{"asset_id": "80230236018433940569996058935444651347308266584430516013229815570706872276819", "price": "0.005", "size": "41.85", "side": "BUY", "hash": "2eef8e1623b8f6d4596123caff0737800ce7cbba", "best_bid": "0.007", "best_ask": "0.011"}, {"asset_id": "107000426448217931795450451304515386602910396776318075817601265223856116134349", "price": "0.995", "size": "41.85", "side": "SELL", "hash": "7c55fc37b26bcc770f6be82a8a75c07133174bb3", "best_bid": "0.989", "best_ask": "0.993"}], "timestamp": "1769384204497", "event_type": "price_change"}}
{"_local_timestamp": "2026-01-25T23:36:44.941185+00:00", "data": {"market": "0xe9c127a8c35f045d37b5344b0a36711084fa20c2fc1618bf178a5386f90610be", "price_changes": [{"asset_id": "80230236018433940569996058935444651347308266584430516013229815570706872276819", "price": "0.005", "size": "21.83", "side": "BUY", "hash": "ddb79df00e0cca32d6df84c32e07ce4d4de2d431", "best_bid": "0.007", "best_ask": "0.011"}, {"asset_id": "107000426448217931795450451304515386602910396776318075817601265223856116134349", "price": "0.995", "size": "21.83", "side": "SELL", "hash": "a02b7adece71dbe4d60bd3fad169b5ef3080abe2", "best_bid": "0.989", "best_ask": "0.993"}], "timestamp": "1769384204875", "event_type": "price_change"}}
