{"_local_timestamp": "2026-01-25T23:40:43.658386+00:00", "data": [{"market": "0xd71d7bc7a49cf072aad79a8cb61d59b892a7ed69f099e9a677ce49c360d11ddd", "asset_id": "94232807248095574946725156342494945480761596177547780845326088197721285086296", "timestamp": "1769384070841", "hash": "777ae635e5c783259452c2641786dd8ea1cff091", "bids": [{"price": "0.01", "size": "126.13"}, {"price": "0.02", "size": "38.92"}, {"price": "0.03", "size": "9"}, {"price": "0.04", "size": "7.25"}], "asks": [{"price": "0.99", "size": "167.75"}, {"price": "0.98", "size": "81"}, {"price": "0.97", "size": "9.16"}, {"price": "0.95", "size": "20"}, {"price": "0.94", "size": "33"}, {"price": "0.92", "size": "80"}, {"price": "0.91", "size": "22"}, {"price": "0.9", "size": "6.27"}, {"price": "0.89", "size": "5"}, {"price": "0.29", "size": "1.55"}], "event_type": "book", "last_trade_price": ""}, {"market": "0xd71d7bc7a49cf072aad79a8cb61d59b892a7ed69f099e9a677ce49c360d11ddd", "asset_id": "52844912006414626212922904598621713292007675741905970568212458787272277408880", "timestamp": "1769384070841", "hash": "f926908488ec4083407d9c226de237fc657521b2", "bids": [{"price": "0.01", "size": "167.75"}, {"price": "0.02", "size": "81"}, {"price": "0.03", "size": "9.16"}, {"price": "0.05", "size": "20"}, {"price": "0.06", "size": "33"}, {"price": "0.08", "size": "80"}, {"price": "0.09", "size": "22"}, {"price": "0.1", "size": "6.27"}, {"price": "0.11", "size": "5"}, {"price": "0.71", "size": "1.55"}], "asks": [{"price": "0.99", "size": "126.13"}, {"price": "0.98", "size": "38.92"}, {"price": "0.97", "size": "9"}, {"price": "0.96", "size": "7.25"}], "event_type": "book", "last_trade_price": ""}]}
{"_local_timestamp": "2026-01-25T23:40:58.215394+00:00", "data": {"market": "0xd71d7bc7a49cf072aad79a8cb61d59b892a7ed69f099e9a677ce49c360d11ddd", "price_changes": [{"asset_id": "94232807248095574946725156342494945480761596177547780845326088197721285086296", "price": "0.01", "size": "110", "side": "BUY", "hash": "d93f6f5866fe2744fb5235de6528bd62da34661c", "best_bid": "0.03", "best_ask": "0.29"}, {"asset_id": "52844912006414626212922904598621713292007675741905970568212458787272277408880", "price": "0.99", "size": "110", "side": "SELL", "hash": "c489a98b67533c3462e93ba482bafea5c600c5e6", "best_bid": "0.71", "best_ask": "0.97"}], "timestamp": "1769384458015", "event_type": "price_change"}}
{"_local_timestamp": "2026-01-25T23:40:58.217007+00:00", "data": {"market": "0xd71d7bc7a49cf072aad79a8cb61d59b892a7ed69f099e9a677ce49c360d11ddd", "price_changes": [{"asset_id": "94232807248095574946725156342494945480761596177547780845326088197721285086296", "price": "0.04", "size": "0", "side": "BUY", "hash": "d93f6f5866fe2744fb5235de6528bd62da34661c", "best_bid": "0.03", "best_ask": "0.29"}, {"asset_id": "52844912006414626212922904598621713292007675741905970568212458787272277408880", "price": "0.96", "size": "0", "side": "SELL", "hash": "c489a98b67533c3462e93ba482bafea5c600c5e6", "best_bid": "0.71", "best_ask": "0.97"}], "timestamp": "1769384458015", "event_type": "price_change"}}
{"_local_timestamp": "2026-01-25T23:41:01.192677+00:00", "data": {"market": "0xd71d7bc7a49cf072aad79a8cb61d59b892a7ed69f099e9a677ce49c360d11ddd", "price_changes": [{"asset_id": "94232807248095574946725156342494945480761596177547780845326088197721285086296", "price": "0.03", "size": "18.67", "side": "BUY", "hash": "ee1d9e0977b8f61a8429b01a7431c5cb62210759", "best_bid": "0.03", "best_ask": "0.29"}, {"asset_id": "52844912006414626212922904598621713292007675741905970568212458787272277408880", "price": "0.97", "size": "18.67", "side": "SELL", "hash": "9b467aab44ccb6c9e0417ab5d54de95ba119ccf7", "best_bid": "0.71", "best_ask": "0.97"}], "timestamp": "1769384461118", "event_type": "price_change"}}
{"_local_timestamp": "2026-01-25T23:41:01.194153+00:00", "data": {"market": "0xd71d7bc7a49cf072aad79a8cb61d59b892a7ed69f099e9a677ce49c360d11ddd", "price_changes": [{"asset_id": "94232807248095574946725156342494945480761596177547780845326088197721285086296", "price": "0.01", "size": "126.13", "side": "BUY", "hash": "0afa0db5a04155c06f9cf8a2f36d304bebb5b7b0", "best_bid": "0.03", "best_ask": "0.29"}, {"asset_id": "52844912006414626212922904598621713292007675741905970568212458787272277408880", "price": "0.99", "size": "126.13", "side": "SELL", "hash": "a9fc91c858c2048e0b872382712be4fe63453e58", "best_bid": "0.71", "best_ask": "0.97"}], "timestamp": "1769384461120", "event_type": "price_change"}}
