{"_local_timestamp": "2026-01-25T23:40:30.314088+00:00", "data": [{"market": "0x0dc45815251ab7d5c3cbde5d7eee5bc96eac3d924c0a4c4f10175049e068fe20", "asset_id": "703229116919803457142440034780425874346022451261358752931225117413237404457", "timestamp": "1769384428702", "hash": "769fc3e37c1f611078061061a6eb398f67fffc1a", "bids": [{"price": "0.01", "size": "30000"}, {"price": "0.02", "size": "5394.02"}, {"price": "0.03", "size": "2030.31"}, {"price": "0.04", "size": "2155"}, {"price": "0.05", "size": "1396.17"}, {"price": "0.06", "size": "1211.86"}, {"price": "0.07", "size": "72"}], "asks": [{"price": "0.99", "size": "6333.71"}, {"price": "0.98", "size": "1656"}, {"price": "0.97", "size": "250"}, {"price": "0.96", "size": "70.82"}, {"price": "0.95", "size": "30"}, {"price": "0.94", "size": "33"}, {"price": "0.92", "size": "16"}, {"price": "0.91", "size": "600"}, {"price": "0.9", "size": "6.3"}, {"price": "0.86", "size": "242.85"}, {"price": "0.85", "size": "550"}, {"price": "0.81", "size": "168.42"}, {"price": "0.8", "size": "400"}, {"price": "0.78", "size": "726"}, {"price": "0.77", "size": "2247.73"}, {"price": "0.72", "size": "92.85"}, {"price": "0.7", "size": "350"}, {"price": "0.67", "size": "72.72"}, {"price": "0.66", "size": "50"}, {"price": "0.62", "size": "52.63"}, {"price": "0.57", "size": "1459"}, {"price": "0.56", "size": "3714"}, {"price": "0.22", "size": "300"}, {"price": "0.18", "size": "940.3"}, {"price": "0.17", "size": "110"}, {"price": "0.16", "size": "50"}, {"price": "0.15", "size": "229.16"}, {"price": "0.13", "size": "30"}, {"price": "0.12", "size": "33"}, {"price": "0.11", "size": "86"}, {"price": "0.1", "size": "2491"}, {"price": "0.09", "size": "541.13"}], "event_type": "book", "last_trade_price": "0.070"}, {"market": "0x0dc45815251ab7d5c3cbde5d7eee5bc96eac3d924c0a4c4f10175049e068fe20", "asset_id": "71144742975537017512904527392353107518472601816123355990566837993879064231255", "timestamp": "1769384428702", "hash": "9d0baf44acacf8afbb8cc184f55a204bd081d76d", "bids": [{"price": "0.01", "size": "6333.71"}, {"price": "0.02", "size": "1656"}, {"price": "0.03", "size": "250"}, {"price": "0.04", "size": "70.82"}, {"price": "0.05", "size": "30"}, {"price": "0.06", "size": "33"}, {"price": "0.08", "size": "16"}, {"price": "0.09", "size": "600"}, {"price": "0.1", "size": "6.3"}, {"price": "0.14", "size": "242.85"}, {"price": "0.15", "size": "550"}, {"price": "0.19", "size": "168.42"}, {"price": "0.2", "size": "400"}, {"price": "0.22", "size": "726"}, {"price": "0.23", "size": "2247.73"}, {"price": "0.28", "size": "92.85"}, {"price": "0.3", "size": "350"}, {"price": "0.33", "size": "72.72"}, {"price": "0.34", "size": "50"}, {"price": "0.38", "size": "52.63"}, {"price": "0.43", "size": "1459"}, {"price": "0.44", "size": "3714"}, {"price": "0.78", "size": "300"}, {"price": "0.82", "size": "940.3"}, {"price": "0.83", "size": "110"}, {"price": "0.84", "size": "50"}, {"price": "0.85", "size": "229.16"}, {"price": "0.87", "size": "30"}, {"price": "0.88", "size": "33"}, {"price": "0.89", "size": "86"}, {"price": "0.9", "size": "2491"}, {"price": "0.91", "size": "541.13"}], "asks": [{"price": "0.99", "size": "30000"}, {"price": "0.98", "size": "5394.02"}, {"price": "0.97", "size": "2030.31"}, {"price": "0.96", "size": "2155"}, {"price": "0.95", "size": "1396.17"}, {"price": "0.94", "size": "1211.86"}, {"price": "0.93", "size": "72"}], "event_type": "book", "last_trade_price": "0.070"}]}
{"_local_timestamp": "2026-01-25T23:41:43.111257+00:00", "data": {"market": "0x0dc45815251ab7d5c3cbde5d7eee5bc96eac3d924c0a4c4f10175049e068fe20", "price_changes": [{"asset_id": "703229116919803457142440034780425874346022451261358752931225117413237404457", "price": "0.04", "size": "2130", "side": "BUY", "hash": "5a92fb0ae7517945eb17fa3047820d3a30db9ef9", "best_bid": "0.07", "best_ask": "0.09"}, {"asset_id": "71144742975537017512904527392353107518472601816123355990566837993879064231255", "price": "0.96", "size": "2130", "side": "SELL", "hash": "9793c8e49423bf6328ad67148a6e59ae1fcf1b5b", "best_bid": "0.91", "best_ask": "0.93"}], "timestamp": "1769384503038", "event_type": "price_change"}}
{"_local_timestamp": "2026-01-25T23:41:43.112424+00:00", "data": {"market": "0x0dc45815251ab7d5c3cbde5d7eee5bc96eac3d924c0a4c4f10175049e068fe20", "price_changes": [{"asset_id": "703229116919803457142440034780425874346022451261358752931225117413237404457", "price": "0.02", "size": "5294.02", "side": "BUY", "hash": "5a92fb0ae7517945eb17fa3047820d3a30db9ef9", "best_bid": "0.07", "best_ask": "0.09"}, {"asset_id": "71144742975537017512904527392353107518472601816123355990566837993879064231255", "price": "0.98", "size": "5294.02", "side": "SELL", "hash": "9793c8e49423bf6328ad67148a6e59ae1fcf1b5b", "best_bid": "0.91", "best_ask": "0.93"}], "timestamp": "1769384503038", "event_type": "price_change"}}
{"_local_timestamp": "2026-01-25T23:41:46.622953+00:00", "data": {"market": "0x0dc45815251ab7d5c3cbde5d7eee5bc96eac3d924c0a4c4f10175049e068fe20", "price_changes": [{"asset_id": "703229116919803457142440034780425874346022451261358752931225117413237404457", "price": "0.02", "size": "5394.02", "side": "BUY", "hash": "0129b8709e406a158ed8cf8bb42b0c82e76bc54a", "best_bid": "0.07", "best_ask": "0.09"}, {"asset_id": "71144742975537017512904527392353107518472601816123355990566837993879064231255", "price": "0.98", "size": "5394.02", "side": "SELL", "hash": "5954ab6c700c631c1adc4f9632bf9ef95fdae892", "best_bid": "0.91", "best_ask": "0.93"}], "timestamp": "1769384506550", "event_type": "price_change"}}
{"_local_timestamp": "2026-01-25T23:41:46.623428+00:00", "data": {"market": "0x0dc45815251ab7d5c3cbde5d7eee5bc96eac3d924c0a4c4f10175049e068fe20", "price_changes": [{"asset_id": "703229116919803457142440034780425874346022451261358752931225117413237404457", "price": "0.04", "size": "2155", "side": "BUY", "hash": "4b1b87676adf978d0ed7e12022108bd3fc3ff814", "best_bid": "0.07", "best_ask": "0.09"}, {"asset_id": "71144742975537017512904527392353107518472601816123355990566837993879064231255", "price": "0.96", "size": "2155", "side": "SELL", "hash": "8de80728269686680af001ba81fa47faea90f590", "best_bid": "0.91", "best_ask": "0.93"}], "timestamp": "1769384506551", "event_type": "price_change"}}
{"_local_timestamp": "2026-01-25T23:42:19.199533+00:00", "data": {"market": "0x0dc45815251ab7d5c3cbde5d7eee5bc96eac3d924c0a4c4f10175049e068fe20", "price_changes": [{"asset_id": "71144742975537017512904527392353107518472601816123355990566837993879064231255", "price": "0.9", "size": "2541", "side": "BUY", "hash": "ba14412c96509e6237ebeae4605f406dbfeac332", "best_bid": "0.91", "best_ask": "0.93"}, {"asset_id": "703229116919803457142440034780425874346022451261358752931225117413237404457", "price": "0.1", "size": "2541", "side": "SELL", "hash": "f331d71b94974f23a2defa1b599b3abfa44e27c8", "best_bid": "0.07", "best_ask": "0.09"}], "timestamp": "1769384539103", "event_type": "price_change"}}
{"_local_timestamp": "2026-01-25T23:42:22.771904+00:00", "data": {"market": "0x0dc45815251ab7d5c3cbde5d7eee5bc96eac3d924c0a4c4f10175049e068fe20", "price_changes": [{"asset_id": "71144742975537017512904527392353107518472601816123355990566837993879064231255", "price": "0.43", "size": "1454", "side": "BUY", "hash": "abef2961e1fa01b39b2cf0102b80fe8cdb60ace3", "best_bid": "0.91", "best_ask": "0.93"}, {"asset_id": "703229116919803457142440034780425874346022451261358752931225117413237404457", "price": "0.57", "size": "1454", "side": "SELL", "hash": "2ad6a74ee5afc6998626c881657b7b2f0778abdd", "best_bid": "0.07", "best_ask": "0.09"}], "timestamp": "1769384542659", "event_type": "price_change"}}
{"_local_timestamp": "2026-01-25T23:42:22.819469+00:00", "data": {"market": "0x0dc45815251ab7d5c3cbde5d7eee5bc96eac3d924c0a4c4f10175049e068fe20", "price_changes": [{"asset_id": "71144742975537017512904527392353107518472601816123355990566837993879064231255", "price": "0.45", "size": "5", "side": "BUY", "hash": "3fc2f6489dbfe9404739187fe860922d0a9a8afd", "best_bid": "0.91", "best_ask": "0.93"}, {"asset_id": "703229116919803457142440034780425874346022451261358752931225117413237404457", "price": "0.55", "size": "5", "side": "SELL", "hash": "4c08a95fb4530f57cc32b3a3b371ba43ae7fcd9e", "best_bid": "0.07", "best_ask": "0.09"}], "timestamp": "1769384542704", "event_type": "price_change"}}
{"_local_timestamp": "2026-01-25T23:42:56.076538+00:00", "data": {"market": "0x0dc45815251ab7d5c3cbde5d7eee5bc96eac3d924c0a4c4f10175049e068fe20", "price_changes": [{"asset_id": "71144742975537017512904527392353107518472601816123355990566837993879064231255", "price": "0.9", "size": "2491", "side": "BUY", "hash": "6eaeacc5dff2adbab33b94ec4b5640ab53c00a46", "best_bid": "0.91", "best_ask": "0.93"}, {"asset_id": "703229116919803457142440034780425874346022451261358752931225117413237404457", "price": "0.1", "size": "2491", "side": "SELL", "hash": "3df7e4efe40469354cc3c87a52b0cea8089c2593", "best_bid": "0.07", "best_ask": "0.09"}], "timestamp": "1769384575966", "event_type": "price_change"}}
{"_local_timestamp": "2026-01-25T23:43:12.756848+00:00", "data": {"market": "0x0dc45815251ab7d5c3cbde5d7eee5bc96eac3d924c0a4c4f10175049e068fe20", "price_changes": [{"asset_id": "703229116919803457142440034780425874346022451261358752931225117413237404457", "price": "0.03", "size": "2016.66", "side": "BUY", "hash": "8804e40c4b833b5287115e9896ed0504cf51c1cf", "best_bid": "0.07", "best_ask": "0.09"}, {"asset_id": "71144742975537017512904527392353107518472601816123355990566837993879064231255", "price": "0.97", "size": "2016.66", "side": "SELL", "hash": "17d430927ee0b6a3af387af90c90fa8559cc1151", "best_bid": "0.91", "best_ask": "0.93"}], "timestamp": "1769384592625", "event_type": "price_change"}}
{"_local_timestamp": "2026-01-25T23:43:13.699923+00:00", "data": {"market": "0x0dc45815251ab7d5c3cbde5d7eee5bc96eac3d924c0a4c4f10175049e068fe20", "price_changes": [{"asset_id": "703229116919803457142440034780425874346022451261358752931225117413237404457", "price": "0.03", "size": "2030.31", "side": "BUY", "hash": "9cefef40210cc1c483855557e1b01a58be7a9514", "best_bid": "0.07", "best_ask": "0.09"}, {"asset_id": "71144742975537017512904527392353107518472601816123355990566837993879064231255", "price": "0.97", "size": "2030.31", "side": "SELL", "hash": "9eff815552fbf61ae85c307667e3622082bf6467", "best_bid": "0.91", "best_ask": "0.93"}], "timestamp": "1769384592921", "event_type": "price_change"}}
{"_local_timestamp": "2026-01-25T23:44:21.018984+00:00", "data": {"market": "0x0dc45815251ab7d5c3cbde5d7eee5bc96eac3d924c0a4c4f10175049e068fe20", "price_changes": [{"asset_id": "71144742975537017512904527392353107518472601816123355990566837993879064231255", "price": "0.43", "size": "1394", "side": "BUY", "hash": "dc1ddc298682bb7adbba989f446203e1089b4302", "best_bid": "0.91", "best_ask": "0.93"}, {"asset_id": "703229116919803457142440034780425874346022451261358752931225117413237404457", "price": "0.57", "size": "1394", "side": "SELL", "hash": "18c8e2099b10b1e6e311b8a6d8653ce6a71e4674", "best_bid": "0.07", "best_ask": "0.09"}], "timestamp": "1769384660502", "event_type": "price_change"}}
{"_local_timestamp": "2026-01-25T23:44:21.597153+00:00", "data": {"market": "0x0dc45815251ab7d5c3cbde5d7eee5bc96eac3d924c0a4c4f10175049e068fe20", "price_changes": [{"asset_id": "71144742975537017512904527392353107518472601816123355990566837993879064231255", "price": "0.44", "size": "3774", "side": "BUY", "hash": "cb19c033508fb4d0d654e0612e0bc2893fd24610", "best_bid": "0.91", "best_ask": "0.93"}, {"asset_id": "703229116919803457142440034780425874346022451261358752931225117413237404457", "price": "0.56", "size": "3774", "side": "SELL", "hash": "7f8837f9a6d051488aa29b3b10761dd79a639f75", "best_bid": "0.07", "best_ask": "0.09"}], "timestamp": "1769384660899", "event_type": "price_change"}}
{"_local_timestamp": "2026-01-25T23:44:47.792595+00:00", "data": {"market": "0x0dc45815251ab7d5c3cbde5d7eee5bc96eac3d924c0a4c4f10175049e068fe20", "price_changes": [{"asset_id": "71144742975537017512904527392353107518472601816123355990566837993879064231255", "price": "0.9", "size": "2541", "side": "BUY", "hash": "95224428a0763c3f52e38eee7a1a1e84bb1edf85", "best_bid": "0.91", "best_ask": "0.93"}, {"asset_id": "703229116919803457142440034780425874346022451261358752931225117413237404457", "price": "0.1", "size": "2541", "side": "SELL", "hash": "9c876f21da3b80064f4f25405756b398e3cb0bad", "best_bid": "0.07", "best_ask": "0.09"}], "timestamp": "1769384687501", "event_type": "price_change"}}
{"_local_timestamp": "2026-01-25T23:44:57.044547+00:00", "data": {"market": "0x0dc45815251ab7d5c3cbde5d7eee5bc96eac3d924c0a4c4f10175049e068fe20", "price_changes": [{"asset_id": "71144742975537017512904527392353107518472601816123355990566837993879064231255", "price": "0.89", "size": "36", "side": "BUY", "hash": "ab7811a960e23d1e5edc41ef2625c29b9d535479", "best_bid": "0.91", "best_ask": "0.93"}, {"asset_id": "703229116919803457142440034780425874346022451261358752931225117413237404457", "price": "0.11", "size": "36", "side": "SELL", "hash": "dc38adad35c68d7dcbaf1257eb62e8fc47bb444c", "best_bid": "0.07", "best_ask": "0.09"}], "timestamp": "1769384696919", "event_type": "price_change"}}
{"_local_timestamp": "2026-01-25T23:44:57.056444+00:00", "data": {"market": "0x0dc45815251ab7d5c3cbde5d7eee5bc96eac3d924c0a4c4f10175049e068fe20", "price_changes": [{"asset_id": "703229116919803457142440034780425874346022451261358752931225117413237404457", "price": "0.05", "size": "1346.17", "side": "BUY", "hash": "86862dd336925703ce3e54b3c307a3febbeeea59", "best_bid": "0.07", "best_ask": "0.09"}, {"asset_id": "71144742975537017512904527392353107518472601816123355990566837993879064231255", "price": "0.95", "size": "1346.17", "side": "SELL", "hash": "dce3bcf9ba12dca5fc30bc2e59541ebd1a5ce063", "best_bid": "0.91", "best_ask": "0.93"}], "timestamp": "1769384696923", "event_type": "price_change"}}
{"_local_timestamp": "2026-01-25T23:45:01.069843+00:00", "data": {"market": "0x0dc45815251ab7d5c3cbde5d7eee5bc96eac3d924c0a4c4f10175049e068fe20", "price_changes": [{"asset_id": "703229116919803457142440034780425874346022451261358752931225117413237404457", "price": "0.06", "size": "1142.86", "side": "BUY", "hash": "8496a465441d1da8f4716bf375b276cf12f63660", "best_bid": "0.07", "best_ask": "0.09"}, {"asset_id": "71144742975537017512904527392353107518472601816123355990566837993879064231255", "price": "0.94", "size": "1142.86", "side": "SELL", "hash": "ac0e6f3ce50601645ad72d0eb0c24411ff0941ec", "best_bid": "0.91", "best_ask": "0.93"}], "timestamp": "1769384700998", "event_type": "price_change"}}
{"_local_timestamp": "2026-01-25T23:45:02.780552+00:00", "data": {"market": "0x0dc45815251ab7d5c3cbde5d7eee5bc96eac3d924c0a4c4f10175049e068fe20", "price_changes": [{"asset_id": "71144742975537017512904527392353107518472601816123355990566837993879064231255", "price": "0.9", "size": "2472", "side": "BUY", "hash": "93c7fa47fafa75b44d0d7510517cf03f72a81979", "best_bid": "0.91", "best_ask": "0.93"}, {"asset_id": "703229116919803457142440034780425874346022451261358752931225117413237404457", "price": "0.1", "size": "2472", "side": "SELL", "hash": "b832ec648811e7a283570898d730dd22f7ca96f9", "best_bid": "0.07", "best_ask": "0.09"}], "timestamp": "1769384702711", "event_type": "price_change"}}
{"_local_timestamp": "2026-01-25T23:45:19.525510+00:00", "data": {"market": "0x0dc45815251ab7d5c3cbde5d7eee5bc96eac3d924c0a4c4f10175049e068fe20", "price_changes": [{"asset_id": "703229116919803457142440034780425874346022451261358752931225117413237404457", "price": "0.05", "size": "1396.17", "side": "BUY", "hash": "e863f9432cd6faade15b9138ba180daadd5c7386", "best_bid": "0.07", "best_ask": "0.09"}, {"asset_id": "71144742975537017512904527392353107518472601816123355990566837993879064231255", "price": "0.95", "size": "1396.17", "side": "SELL", "hash": "becc86a2d9db78480f3b834d3f655f1b89bc7887", "best_bid": "0.91", "best_ask": "0.93"}], "timestamp": "1769384719454", "event_type": "price_change"}}
{"_local_timestamp": "2026-01-25T23:45:19.537008+00:00", "data": {"market": "0x0dc45815251ab7d5c3cbde5d7eee5bc96eac3d924c0a4c4f10175049e068fe20", "price_changes": [{"asset_id": "71144742975537017512904527392353107518472601816123355990566837993879064231255", "price": "0.89", "size": "86", "side": "BUY", "hash": "0453f06234b89e91eccd2bc9fb55eaa94e22d6fe", "best_bid": "0.91", "best_ask": "0.93"}, {"asset_id": "703229116919803457142440034780425874346022451261358752931225117413237404457", "price": "0.11", "size": "86", "side": "SELL", "hash": "693a8d15b8820020f40c5b2f5fb911ffbde232c3", "best_bid": "0.07", "best_ask": "0.09"}], "timestamp": "1769384719455", "event_type": "price_change"}}
{"_local_timestamp": "2026-01-25T23:45:21.085979+00:00", "data": {"market": "0x0dc45815251ab7d5c3cbde5d7eee5bc96eac3d924c0a4c4f10175049e068fe20", "price_changes": [{"asset_id": "703229116919803457142440034780425874346022451261358752931225117413237404457", "price": "0.04", "size": "1530", "side": "BUY", "hash": "53f652dbf264ba2f477f2bdfde6070952969a536", "best_bid": "0.07", "best_ask": "0.09"}, {"asset_id": "71144742975537017512904527392353107518472601816123355990566837993879064231255", "price": "0.96", "size": "1530", "side": "SELL", "hash": "d55bda0c51d6990dec4a72448da789806bc98f49", "best_bid": "0.91", "best_ask": "0.93"}], "timestamp": "1769384721000", "event_type": "price_change"}}
{"_local_timestamp": "2026-01-25T23:45:21.086504+00:00", "data": {"market": "0x0dc45815251ab7d5c3cbde5d7eee5bc96eac3d924c0a4c4f10175049e068fe20", "price_changes": [{"asset_id": "703229116919803457142440034780425874346022451261358752931225117413237404457", "price": "0.05", "size": "1276.17", "side": "BUY", "hash": "a6e4e6b6acc4058b8db43fce98aec3d1281a696f", "best_bid": "0.07", "best_ask": "0.09"}, {"asset_id": "71144742975537017512904527392353107518472601816123355990566837993879064231255", "price": "0.95", "size": "1276.17", "side": "SELL", "hash": "2c6185dde84890a500334c6c1aa6ea8fd9fcee9d", "best_bid": "0.91", "best_ask": "0.93"}], "timestamp": "1769384721001", "event_type": "price_change"}}
{"_local_timestamp": "2026-01-25T23:45:21.094934+00:00", "data": {"market": "0x0dc45815251ab7d5c3cbde5d7eee5bc96eac3d924c0a4c4f10175049e068fe20", "price_changes": [{"asset_id": "703229116919803457142440034780425874346022451261358752931225117413237404457", "price": "0.02", "size": "2994.02", "side": "BUY", "hash": "7d57c6946356070948dba16382c34c93482d398d", "best_bid": "0.07", "best_ask": "0.09"}, {"asset_id": "71144742975537017512904527392353107518472601816123355990566837993879064231255", "price": "0.98", "size": "2994.02", "side": "SELL", "hash": "617629ee3760e3a5bf0324dbb3820872e0a65348", "best_bid": "0.91", "best_ask": "0.93"}], "timestamp": "1769384721002", "event_type": "price_change"}}
{"_local_timestamp": "2026-01-25T23:45:22.169442+00:00", "data": {"market": "0x0dc45815251ab7d5c3cbde5d7eee5bc96eac3d924c0a4c4f10175049e068fe20", "price_changes": [{"asset_id": "703229116919803457142440034780425874346022451261358752931225117413237404457", "price": "0.06", "size": "1211.86", "side": "BUY", "hash": "b878974c0043b1e2b590851dcaa0a7b4ff00e3e0", "best_bid": "0.07", "best_ask": "0.09"}, {"asset_id": "71144742975537017512904527392353107518472601816123355990566837993879064231255", "price": "0.94", "size": "1211.86", "side": "SELL", "hash": "b3cfd7c6d361e2c987cf24517dab591c7684a545", "best_bid": "0.91", "best_ask": "0.93"}], "timestamp": "1769384722088", "event_type": "price_change"}}
{"_local_timestamp": "2026-01-25T23:45:22.581891+00:00", "data": {"market": "0x0dc45815251ab7d5c3cbde5d7eee5bc96eac3d924c0a4c4f10175049e068fe20", "price_changes": [{"asset_id": "71144742975537017512904527392353107518472601816123355990566837993879064231255", "price": "0.9", "size": "2541", "side": "BUY", "hash": "9166727d089f74417a43b3ea22d2aad0ab013668", "best_bid": "0.91", "best_ask": "0.93"}, {"asset_id": "703229116919803457142440034780425874346022451261358752931225117413237404457", "price": "0.1", "size": "2541", "side": "SELL", "hash": "d9c062320954898134cca8b9dec6469ad270d701", "best_bid": "0.07", "best_ask": "0.09"}], "timestamp": "1769384722509", "event_type": "price_change"}}
{"_local_timestamp": "2026-01-25T23:45:24.909820+00:00", "data": {"market": "0x0dc45815251ab7d5c3cbde5d7eee5bc96eac3d924c0a4c4f10175049e068fe20", "price_changes": [{"asset_id": "71144742975537017512904527392353107518472601816123355990566837993879064231255", "price": "0.9", "size": "2491", "side": "BUY", "hash": "e26e87ea9fa98f9594d4c85e3e88db6e6d564b30", "best_bid": "0.91", "best_ask": "0.93"}, {"asset_id": "703229116919803457142440034780425874346022451261358752931225117413237404457", "price": "0.1", "size": "2491", "side": "SELL", "hash": "971bde65d76ecb54a936ed0395a4c30cdd339b0c", "best_bid": "0.07", "best_ask": "0.09"}], "timestamp": "1769384724838", "event_type": "price_change"}}
{"_local_timestamp": "2026-01-25T23:46:10.352990+00:00", "data": {"market": "0x0dc45815251ab7d5c3cbde5d7eee5bc96eac3d924c0a4c4f10175049e068fe20", "price_changes": [{"asset_id": "703229116919803457142440034780425874346022451261358752931225117413237404457", "price": "0.04", "size": "2155", "side": "BUY", "hash": "f97c7dd9af09440cee3161e4ec1bea740fc72294", "best_bid": "0.07", "best_ask": "0.09"}, {"asset_id": "71144742975537017512904527392353107518472601816123355990566837993879064231255", "price": "0.96", "size": "2155", "side": "SELL", "hash": "9d87e73613b693785127802823f47e00b4df276e", "best_bid": "0.91", "best_ask": "0.93"}], "timestamp": "1769384770283", "event_type": "price_change"}}
{"_local_timestamp": "2026-01-25T23:46:10.353782+00:00", "data": {"market": "0x0dc45815251ab7d5c3cbde5d7eee5bc96eac3d924c0a4c4f10175049e068fe20", "price_changes": [{"asset_id": "703229116919803457142440034780425874346022451261358752931225117413237404457", "price": "0.05", "size": "1396.17", "side": "BUY", "hash": "e9709b5bd56630d2965a425bb3518b1b6c5b49fc", "best_bid": "0.07", "best_ask": "0.09"}, {"asset_id": "71144742975537017512904527392353107518472601816123355990566837993879064231255", "price": "0.95", "size": "1396.17", "side": "SELL", "hash": "c4514f44ccabfa4f74184416965226e115e385c3", "best_bid": "0.91", "best_ask": "0.93"}], "timestamp": "1769384770283", "event_type": "price_change"}}
{"_local_timestamp": "2026-01-25T23:46:10.362945+00:00", "data": {"market": "0x0dc45815251ab7d5c3cbde5d7eee5bc96eac3d924c0a4c4f10175049e068fe20", "price_changes": [{"asset_id": "703229116919803457142440034780425874346022451261358752931225117413237404457", "price": "0.02", "size": "5394.02", "side": "BUY", "hash": "d81603a69a1d7508f7482d8c817c4686bf074767", "best_bid": "0.07", "best_ask": "0.09"}, {"asset_id": "71144742975537017512904527392353107518472601816123355990566837993879064231255", "price": "0.98", "size": "5394.02", "side": "SELL", "hash": "297272bc0fec5f90775e4c1efe6609ecdfde8edc", "best_bid": "0.91", "best_ask": "0.93"}], "timestamp": "1769384770284", "event_type": "price_change"}}
{"_local_timestamp": "2026-01-25T23:47:15.973822+00:00", "data": {"market": "0x0dc45815251ab7d5c3cbde5d7eee5bc96eac3d924c0a4c4f10175049e068fe20", "price_changes": [{"asset_id": "71144742975537017512904527392353107518472601816123355990566837993879064231255", "price": "0.9", "size": "2541", "side": "BUY", "hash": "9d05bbd87d6fd1361c740c66b5ddd26e88135605", "best_bid": "0.91", "best_ask": "0.93"}, {"asset_id": "703229116919803457142440034780425874346022451261358752931225117413237404457", "price": "0.1", "size": "2541", "side": "SELL", "hash": "18d03b2607994a75e4cd472a48c880299b882238", "best_bid": "0.07", "best_ask": "0.09"}], "timestamp": "1769384835899", "event_type": "price_change"}}
{"_local_timestamp": "2026-01-25T23:47:17.720680+00:00", "data": {"market": "0x0dc45815251ab7d5c3cbde5d7eee5bc96eac3d924c0a4c4f10175049e068fe20", "price_changes": [{"asset_id": "703229116919803457142440034780425874346022451261358752931225117413237404457", "price": "0.03", "size": "2016.66", "side": "BUY", "hash": "38e2c92209c57cafcfed087e828375da8d3a4794", "best_bid": "0.07", "best_ask": "0.09"}, {"asset_id": "71144742975537017512904527392353107518472601816123355990566837993879064231255", "price": "0.97", "size": "2016.66", "side": "SELL", "hash": "0feca59cd1b0d2bd3200b24b5d0fc3094b4f1c53", "best_bid": "0.91", "best_ask": "0.93"}], "timestamp": "1769384837646", "event_type": "price_change"}}
{"_local_timestamp": "2026-01-25T23:47:18.573266+00:00", "data": {"market": "0x0dc45815251ab7d5c3cbde5d7eee5bc96eac3d924c0a4c4f10175049e068fe20", "price_changes": [{"asset_id": "703229116919803457142440034780425874346022451261358752931225117413237404457", "price": "0.03", "size": "2030.31", "side": "BUY", "hash": "79a3f85fee62f16c1a7c72cfc34160b741744e38", "best_bid": "0.07", "best_ask": "0.09"}, {"asset_id": "71144742975537017512904527392353107518472601816123355990566837993879064231255", "price": "0.97", "size": "2030.31", "side": "SELL", "hash": "506924709e8a525dee2ef9bdc893e766acaf3173", "best_bid": "0.91", "best_ask": "0.93"}], "timestamp": "1769384838500", "event_type": "price_change"}}
{"_local_timestamp": "2026-01-25T23:47:53.057913+00:00", "data": {"market": "0x0dc45815251ab7d5c3cbde5d7eee5bc96eac3d924c0a4c4f10175049e068fe20", "price_changes": [{"asset_id": "71144742975537017512904527392353107518472601816123355990566837993879064231255", "price": "0.9", "size": "2491", "side": "BUY", "hash": "c693996b3864f04341ea22b44f8492a062352087", "best_bid": "0.91", "best_ask": "0.93"}, {"asset_id": "703229116919803457142440034780425874346022451261358752931225117413237404457", "price": "0.1", "size": "2491", "side": "SELL", "hash": "5e6874ff82733e8d00c15a2eea64ce3468ea4965", "best_bid": "0.07", "best_ask": "0.09"}], "timestamp": "1769384872972", "event_type": "price_change"}}
{"_local_timestamp": "2026-01-25T23:48:01.074409+00:00", "data": {"market": "0x0dc45815251ab7d5c3cbde5d7eee5bc96eac3d924c0a4c4f10175049e068fe20", "price_changes": [{"asset_id": "703229116919803457142440034780425874346022451261358752931225117413237404457", "price": "0.05", "size": "1376.17", "side": "BUY", "hash": "07c6949a8c9468e9659993ec2df923bf8800cd6d", "best_bid": "0.07", "best_ask": "0.09"}, {"asset_id": "71144742975537017512904527392353107518472601816123355990566837993879064231255", "price": "0.95", "size": "1376.17", "side": "SELL", "hash": "4d5f7963a86ac7289ca88fecde54245b683feffd", "best_bid": "0.91", "best_ask": "0.93"}], "timestamp": "1769384881000", "event_type": "price_change"}}
{"_local_timestamp": "2026-01-25T23:48:01.098730+00:00", "data": {"market": "0x0dc45815251ab7d5c3cbde5d7eee5bc96eac3d924c0a4c4f10175049e068fe20", "price_changes": [{"asset_id": "703229116919803457142440034780425874346022451261358752931225117413237404457", "price": "0.02", "size": "5344.02", "side": "BUY", "hash": "07c6949a8c9468e9659993ec2df923bf8800cd6d", "best_bid": "0.07", "best_ask": "0.09"}, {"asset_id": "71144742975537017512904527392353107518472601816123355990566837993879064231255", "price": "0.98", "size": "5344.02", "side": "SELL", "hash": "4d5f7963a86ac7289ca88fecde54245b683feffd", "best_bid": "0.91", "best_ask": "0.93"}], "timestamp": "1769384881000", "event_type": "price_change"}}
{"_local_timestamp": "2026-01-25T23:49:03.104056+00:00", "data": {"market": "0x0dc45815251ab7d5c3cbde5d7eee5bc96eac3d924c0a4c4f10175049e068fe20", "price_changes": [{"asset_id": "703229116919803457142440034780425874346022451261358752931225117413237404457", "price": "0.02", "size": "5144.02", "side": "BUY", "hash": "76c24954905b87758ca49f7099d6eef7bda88fb2", "best_bid": "0.07", "best_ask": "0.09"}, {"asset_id": "71144742975537017512904527392353107518472601816123355990566837993879064231255", "price": "0.98", "size": "5144.02", "side": "SELL", "hash": "9640a6adfc47359bca7b1b207d1f7a84ce4cc23f", "best_bid": "0.91", "best_ask": "0.93"}], "timestamp": "1769384943001", "event_type": "price_change"}}
{"_local_timestamp": "2026-01-25T23:49:03.104622+00:00", "data": {"market": "0x0dc45815251ab7d5c3cbde5d7eee5bc96eac3d924c0a4c4f10175049e068fe20", "price_changes": [{"asset_id": "703229116919803457142440034780425874346022451261358752931225117413237404457", "price": "0.04", "size": "2105", "side": "BUY", "hash": "7dc2f643c71dac07593634e7ca9de270dd348259", "best_bid": "0.07", "best_ask": "0.09"}, {"asset_id": "71144742975537017512904527392353107518472601816123355990566837993879064231255", "price": "0.96", "size": "2105", "side": "SELL", "hash": "62487d1e2e09ac80f3096c99f374d457cac8e175", "best_bid": "0.91", "best_ask": "0.93"}], "timestamp": "1769384943003", "event_type": "price_change"}}
{"_local_timestamp": "2026-01-25T23:49:03.105067+00:00", "data": {"market": "0x0dc45815251ab7d5c3cbde5d7eee5bc96eac3d924c0a4c4f10175049e068fe20", "price_changes": [{"asset_id": "703229116919803457142440034780425874346022451261358752931225117413237404457", "price": "0.05", "size": "1336.17", "side": "BUY", "hash": "a5b301c63244ffc202475b169f29d3d278077ffc", "best_bid": "0.07", "best_ask": "0.09"}, {"asset_id": "71144742975537017512904527392353107518472601816123355990566837993879064231255", "price": "0.95", "size": "1336.17", "side": "SELL", "hash": "56e35eb8bc2724fe8a064559bb1a469c152487e7", "best_bid": "0.91", "best_ask": "0.93"}], "timestamp": "1769384943004", "event_type": "price_change"}}
{"_local_timestamp": "2026-01-25T23:49:06.195841+00:00", "data": {"market": "0x0dc45815251ab7d5c3cbde5d7eee5bc96eac3d924c0a4c4f10175049e068fe20", "price_changes": [{"asset_id": "703229116919803457142440034780425874346022451261358752931225117413237404457", "price": "0.02", "size": "5394.02", "side": "BUY", "hash": "966d16c98851c61ff8c242bf5ca50ec865ac56ff", "best_bid": "0.07", "best_ask": "0.09"}, {"asset_id": "71144742975537017512904527392353107518472601816123355990566837993879064231255", "price": "0.98", "size": "5394.02", "side": "SELL", "hash": "25baa6155911f7b5d3886c410dffabcf22c1fff5", "best_bid": "0.91", "best_ask": "0.93"}], "timestamp": "1769384946126", "event_type": "price_change"}}
{"_local_timestamp": "2026-01-25T23:49:06.196467+00:00", "data": {"market": "0x0dc45815251ab7d5c3cbde5d7eee5bc96eac3d924c0a4c4f10175049e068fe20", "price_changes": [{"asset_id": "703229116919803457142440034780425874346022451261358752931225117413237404457", "price": "0.04", "size": "2155", "side": "BUY", "hash": "8489f256a02eb089432d076108c66437d0d85b69", "best_bid": "0.07", "best_ask": "0.09"}, {"asset_id": "71144742975537017512904527392353107518472601816123355990566837993879064231255", "price": "0.96", "size": "2155", "side": "SELL", "hash": "4a6fa349a72af43c27b0eed5ff7fa72c26769d92", "best_bid": "0.91", "best_ask": "0.93"}], "timestamp": "1769384946126", "event_type": "price_change"}}
{"_local_timestamp": "2026-01-25T23:49:06.201237+00:00", "data": {"market": "0x0dc45815251ab7d5c3cbde5d7eee5bc96eac3d924c0a4c4f10175049e068fe20", "price_changes": [{"asset_id": "703229116919803457142440034780425874346022451261358752931225117413237404457", "price": "0.05", "size": "1396.17", "side": "BUY", "hash": "529c6cdbca24550b2735427779b9930b352dd1ae", "best_bid": "0.07", "best_ask": "0.09"}, {"asset_id": "71144742975537017512904527392353107518472601816123355990566837993879064231255", "price": "0.95", "size": "1396.17", "side": "SELL", "hash": "6c191169e7ad3e90d742cb8b449f286e7745ff00", "best_bid": "0.91", "best_ask": "0.93"}], "timestamp": "1769384946127", "event_type": "price_change"}}
{"_local_timestamp": "2026-01-25T23:49:44.969640+00:00", "data": {"market": "0x0dc45815251ab7d5c3cbde5d7eee5bc96eac3d924c0a4c4f10175049e068fe20", "price_changes": [{"asset_id": "71144742975537017512904527392353107518472601816123355990566837993879064231255", "price": "0.9", "size": "2541", "side": "BUY", "hash": "df7e4f0b572c99ab0c48be70bd773c84c0398ce8", "best_bid": "0.91", "best_ask": "0.93"}, {"asset_id": "703229116919803457142440034780425874346022451261358752931225117413237404457", "price": "0.1", "size": "2541", "side": "SELL", "hash": "c14188fcef9ba7693cdfd07bd5cefa1d37f91fe2", "best_bid": "0.07", "best_ask": "0.09"}], "timestamp": "1769384984891", "event_type": "price_change"}}
{"_local_timestamp": "2026-01-25T23:50:02.821863+00:00", "data": {"market": "0x0dc45815251ab7d5c3cbde5d7eee5bc96eac3d924c0a4c4f10175049e068fe20", "price_changes": [{"asset_id": "71144742975537017512904527392353107518472601816123355990566837993879064231255", "price": "0.22", "size": "0", "side": "BUY", "hash": "9597784165e061d75864610dbd785e64f5a06169", "best_bid": "0.91", "best_ask": "0.93"}, {"asset_id": "703229116919803457142440034780425874346022451261358752931225117413237404457", "price": "0.78", "size": "0", "side": "SELL", "hash": "3b0baf4a5fb5a3c993e3320a969693371bca016d", "best_bid": "0.07", "best_ask": "0.09"}], "timestamp": "1769385002290", "event_type": "price_change"}}
{"_local_timestamp": "2026-01-25T23:50:02.950215+00:00", "data": {"market": "0x0dc45815251ab7d5c3cbde5d7eee5bc96eac3d924c0a4c4f10175049e068fe20", "price_changes": [{"asset_id": "71144742975537017512904527392353107518472601816123355990566837993879064231255", "price": "0.43", "size": "0", "side": "BUY", "hash": "55df76fc6057511fdab7e524d1620b25fe926cdf", "best_bid": "0.91", "best_ask": "0.93"}, {"asset_id": "703229116919803457142440034780425874346022451261358752931225117413237404457", "price": "0.57", "size": "0", "side": "SELL", "hash": "3d5050432486c08aceebef291e37800e45ecfb46", "best_bid": "0.07", "best_ask": "0.09"}], "timestamp": "1769385002361", "event_type": "price_change"}}
{"_local_timestamp": "2026-01-25T23:50:21.928111+00:00", "data": {"market": "0x0dc45815251ab7d5c3cbde5d7eee5bc96eac3d924c0a4c4f10175049e068fe20", "price_changes": [{"asset_id": "71144742975537017512904527392353107518472601816123355990566837993879064231255", "price": "0.9", "size": "2491", "side": "BUY", "hash": "78ef16d47b955e11677a745c59fa54ccdbf0d54a", "best_bid": "0.91", "best_ask": "0.93"}, {"asset_id": "703229116919803457142440034780425874346022451261358752931225117413237404457", "price": "0.1", "size": "2491", "side": "SELL", "hash": "e9ebbe62a4b4a75df6c7db131bd640f15b2ef8a0", "best_bid": "0.07", "best_ask": "0.09"}], "timestamp": "1769385021843", "event_type": "price_change"}}
{"_local_timestamp": "2026-01-25T23:50:47.077329+00:00", "data": {"market": "0x0dc45815251ab7d5c3cbde5d7eee5bc96eac3d924c0a4c4f10175049e068fe20", "price_changes": [{"asset_id": "703229116919803457142440034780425874346022451261358752931225117413237404457", "price": "0.02", "size": "5294.02", "side": "BUY", "hash": "cfa6fa2254f6a093e99c6245db5c472e71ee9251", "best_bid": "0.07", "best_ask": "0.09"}, {"asset_id": "71144742975537017512904527392353107518472601816123355990566837993879064231255", "price": "0.98", "size": "5294.02", "side": "SELL", "hash": "848930b37719b0cbeb0576f7b1cb2bad9a7ce85b", "best_bid": "0.91", "best_ask": "0.93"}], "timestamp": "1769385047000", "event_type": "price_change"}}
{"_local_timestamp": "2026-01-25T23:50:47.088061+00:00", "data": {"market": "0x0dc45815251ab7d5c3cbde5d7eee5bc96eac3d924c0a4c4f10175049e068fe20", "price_changes": [{"asset_id": "703229116919803457142440034780425874346022451261358752931225117413237404457", "price": "0.04", "size": "2130", "side": "BUY", "hash": "660c55bf0489168bce8fb79622c037000f963956", "best_bid": "0.07", "best_ask": "0.09"}, {"asset_id": "71144742975537017512904527392353107518472601816123355990566837993879064231255", "price": "0.96", "size": "2130", "side": "SELL", "hash": "88f22b01c1d50706c325c58a6d38c882cfeff39c", "best_bid": "0.91", "best_ask": "0.93"}], "timestamp": "1769385047002", "event_type": "price_change"}}
{"_local_timestamp": "2026-01-25T23:51:12.506459+00:00", "data": {"market": "0x0dc45815251ab7d5c3cbde5d7eee5bc96eac3d924c0a4c4f10175049e068fe20", "price_changes": [{"asset_id": "703229116919803457142440034780425874346022451261358752931225117413237404457", "price": "0.02", "size": "5394.02", "side": "BUY", "hash": "af6fcad10725364af654984a30e473b253104151", "best_bid": "0.07", "best_ask": "0.09"}, {"asset_id": "71144742975537017512904527392353107518472601816123355990566837993879064231255", "price": "0.98", "size": "5394.02", "side": "SELL", "hash": "e49eb09c85d7b189e59a9445d41efbc39266f45e", "best_bid": "0.91", "best_ask": "0.93"}], "timestamp": "1769385072432", "event_type": "price_change"}}
{"_local_timestamp": "2026-01-25T23:51:12.507180+00:00", "data": {"market": "0x0dc45815251ab7d5c3cbde5d7eee5bc96eac3d924c0a4c4f10175049e068fe20", "price_changes": [{"asset_id": "703229116919803457142440034780425874346022451261358752931225117413237404457", "price": "0.04", "size": "2155", "side": "BUY", "hash": "cfdc505864c9eb9f046b1bcaa925731f2b537b7c", "best_bid": "0.07", "best_ask": "0.09"}, {"asset_id": "71144742975537017512904527392353107518472601816123355990566837993879064231255", "price": "0.96", "size": "2155", "side": "SELL", "hash": "03c9805a5521349430b4b8618358860be90cec12", "best_bid": "0.91", "best_ask": "0.93"}], "timestamp": "1769385072433", "event_type": "price_change"}}
{"_local_timestamp": "2026-01-25T23:51:14.249496+00:00", "data": {"market": "0x0dc45815251ab7d5c3cbde5d7eee5bc96eac3d924c0a4c4f10175049e068fe20", "price_changes": [{"asset_id": "71144742975537017512904527392353107518472601816123355990566837993879064231255", "price": "0.45", "size": "1337", "side": "BUY", "hash": "c21dd5382feafe40856cf8d2df43c9c0554bbc6d", "best_bid": "0.91", "best_ask": "0.93"}, {"asset_id": "703229116919803457142440034780425874346022451261358752931225117413237404457", "price": "0.55", "size": "1337", "side": "SELL", "hash": "1c3c524386655ed7ffac4d34928c171f5271f683", "best_bid": "0.07", "best_ask": "0.09"}], "timestamp": "1769385074179", "event_type": "price_change"}}
{"_local_timestamp": "2026-01-25T23:51:14.557504+00:00", "data": {"market": "0x0dc45815251ab7d5c3cbde5d7eee5bc96eac3d924c0a4c4f10175049e068fe20", "price_changes": [{"asset_id": "703229116919803457142440034780425874346022451261358752931225117413237404457", "price": "0.05", "size": "1314.17", "side": "BUY", "hash": "fe9c028e1ab6bdf69413069e4c28c639223c30b1", "best_bid": "0.07", "best_ask": "0.09"}, {"asset_id": "71144742975537017512904527392353107518472601816123355990566837993879064231255", "price": "0.95", "size": "1314.17", "side": "SELL", "hash": "aa58174ddf7879acf0b0f3a70cce527d85a98c31", "best_bid": "0.91", "best_ask": "0.93"}], "timestamp": "1769385074459", "event_type": "price_change"}}
{"_local_timestamp": "2026-01-25T23:51:14.563927+00:00", "data": {"market": "0x0dc45815251ab7d5c3cbde5d7eee5bc96eac3d924c0a4c4f10175049e068fe20", "price_changes": [{"asset_id": "71144742975537017512904527392353107518472601816123355990566837993879064231255", "price": "0.9", "size": "2409", "side": "BUY", "hash": "81dc7ee8956c5c738a78fbc8c5b0ad9f6e78f533", "best_bid": "0.91", "best_ask": "0.93"}, {"asset_id": "703229116919803457142440034780425874346022451261358752931225117413237404457", "price": "0.1", "size": "2409", "side": "SELL", "hash": "0939a629155aa54f35ec663dc69f82d668b75244", "best_bid": "0.07", "best_ask": "0.09"}], "timestamp": "1769385074461", "event_type": "price_change"}}
