{"_local_timestamp": "2026-01-25T23:33:21.040595+00:00", "data": [{"market": "0x921330240e4d92f8535d54bcb34b31750fc235761f97b064d92e54a48c2f9dca", "asset_id": "106102449360267073046637097096598048592436928340059823162151571020807191828087", "timestamp": "1769384000256", "hash": "212781a3ad5e824f4c81293e998b82f91487c9c4", "bids": [{"price": "0.01", "size": "7515.44"}, {"price": "0.02", "size": "5448.09"}, {"price": "0.03", "size": "500"}, {"price": "0.04", "size": "507.01"}, {"price": "0.05", "size": "500"}, {"price": "0.06", "size": "600"}, {"price": "0.08", "size": "1076"}, {"price": "0.1", "size": "3780.41"}, {"price": "0.11", "size": "2121.02"}, {"price": "0.12", "size": "600"}, {"price": "0.13", "size": "100"}, {"price": "0.14", "size": "1342"}, {"price": "0.15", "size": "225"}, {"price": "0.16", "size": "2624"}, {"price": "0.17", "size": "152.94"}, {"price": "0.18", "size": "272.22"}, {"price": "0.2", "size": "3621"}, {"price": "0.21", "size": "300"}, {"price": "0.22", "size": "90.9"}, {"price": "0.25", "size": "700"}, {"price": "0.26", "size": "1568.53"}, {"price": "0.27", "size": "20"}, {"price": "0.29", "size": "281"}, {"price": "0.3", "size": "677"}, {"price": "0.35", "size": "120"}, {"price": "0.38", "size": "21.8"}, {"price": "0.4", "size": "5237.11"}, {"price": "0.41", "size": "156.7"}, {"price": "0.43", "size": "25.58"}, {"price": "0.44", "size": "60"}, {"price": "0.49", "size": "30"}, {"price": "0.51", "size": "126"}, {"price": "0.52", "size": "200"}, {"price": "0.53", "size": "134"}], "asks": [{"price": "0.99", "size": "7505.45"}, {"price": "0.98", "size": "3205.15"}, {"price": "0.97", "size": "250"}, {"price": "0.96", "size": "6.31"}, {"price": "0.95", "size": "730"}, {"price": "0.94", "size": "250"}, {"price": "0.93", "size": "735.71"}, {"price": "0.92", "size": "500"}, {"price": "0.91", "size": "905.55"}, {"price": "0.9", "size": "2105.9"}, {"price": "0.88", "size": "233.33"}, {"price": "0.87", "size": "250"}, {"price": "0.86", "size": "3783.71"}, {"price": "0.85", "size": "250"}, {"price": "0.84", "size": "150"}, {"price": "0.82", "size": "128.96"}, {"price": "0.8", "size": "377.01"}, {"price": "0.78", "size": "1997.41"}, {"price": "0.77", "size": "8"}, {"price": "0.75", "size": "419.38"}, {"price": "0.72", "size": "46.42"}, {"price": "0.7", "size": "16.66"}, {"price": "0.69", "size": "90.9"}, {"price": "0.68", "size": "297"}, {"price": "0.57", "size": "352.02"}, {"price": "0.56", "size": "201.1"}], "event_type": "book", "last_trade_price": "0.530"}, {"market": "0x921330240e4d92f8535d54bcb34b31750fc235761f97b064d92e54a48c2f9dca", "asset_id": "86934023414665345422427506679433864279296027898426531732170959339104415335162", "timestamp": "1769384000256", "hash": "6a9748a2304077c9fc80d2d7860d9549db11ffb2", "bids": [{"price": "0.01", "size": "7505.45"}, {"price": "0.02", "size": "3205.15"}, {"price": "0.03", "size": "250"}, {"price": "0.04", "size": "6.31"}, {"price": "0.05", "size": "730"}, {"price": "0.06", "size": "250"}, {"price": "0.07", "size": "735.71"}, {"price": "0.08", "size": "500"}, {"price": "0.09", "size": "905.55"}, {"price": "0.1", "size": "2105.9"}, {"price": "0.12", "size": "233.33"}, {"price": "0.13", "size": "250"}, {"price": "0.14", "size": "3783.71"}, {"price": "0.15", "size": "250"}, {"price": "0.16", "size": "150"}, {"price": "0.18", "size": "128.96"}, {"price": "0.2", "size": "377.01"}, {"price": "0.22", "size": "1997.41"}, {"price": "0.23", "size": "8"}, {"price": "0.25", "size": "419.38"}, {"price": "0.28", "size": "46.42"}, {"price": "0.3", "size": "16.66"}, {"price": "0.31", "size": "90.9"}, {"price": "0.32", "size": "297"}, {"price": "0.43", "size": "352.02"}, {"price": "0.44", "size": "201.1"}], "asks": [{"price": "0.99", "size": "7515.44"}, {"price": "0.98", "size": "5448.09"}, {"price": "0.97", "size": "500"}, {"price": "0.96", "size": "507.01"}, {"price": "0.95", "size": "500"}, {"price": "0.94", "size": "600"}, {"price": "0.92", "size": "1076"}, {"price": "0.9", "size": "3780.41"}, {"price": "0.89", "size": "2121.02"}, {"price": "0.88", "size": "600"}, {"price": "0.87", "size": "100"}, {"price": "0.86", "size": "1342"}, {"price": "0.85", "size": "225"}, {"price": "0.84", "size": "2624"}, {"price": "0.83", "size": "152.94"}, {"price": "0.82", "size": "272.22"}, {"price": "0.8", "size": "3621"}, {"price": "0.79", "size": "300"}, {"price": "0.78", "size": "90.9"}, {"price": "0.75", "size": "700"}, {"price": "0.74", "size": "1568.53"}, {"price": "0.73", "size": "20"}, {"price": "0.71", "size": "281"}, {"price": "0.7", "size": "677"}, {"price": "0.65", "size": "120"}, {"price": "0.62", "size": "21.8"}, {"price": "0.6", "size": "5237.11"}, {"price": "0.59", "size": "156.7"}, {"price": "0.57", "size": "25.58"}, {"price": "0.56", "size": "60"}, {"price": "0.51", "size": "30"}, {"price": "0.49", "size": "126"}, {"price": "0.48", "size": "200"}, {"price": "0.47", "size": "134"}], "event_type": "book", "last_trade_price": "0.530"}]}
{"_local_timestamp": "2026-01-25T23:33:23.857048+00:00", "data": {"market": "0x921330240e4d92f8535d54bcb34b31750fc235761f97b064d92e54a48c2f9dca", "price_changes": [{"asset_id": "106102449360267073046637097096598048592436928340059823162151571020807191828087", "price": "0.15", "size": "0", "side": "BUY", "hash": "6d7ff007d32eefebc47361ec070bf75bc80254dc", "best_bid": "0.53", "best_ask": "0.56"}, {"asset_id": "86934023414665345422427506679433864279296027898426531732170959339104415335162", "price": "0.85", "size": "0", "side": "SELL", "hash": "396239c96a2704728f13bc53bbe88287436446da", "best_bid": "0.44", "best_ask": "0.47"}], "timestamp": "1769384003774", "event_type": "price_change"}}
{"_local_timestamp": "2026-01-25T23:33:24.379235+00:00", "data": {"market": "0x921330240e4d92f8535d54bcb34b31750fc235761f97b064d92e54a48c2f9dca", "price_changes": [{"asset_id": "106102449360267073046637097096598048592436928340059823162151571020807191828087", "price": "0.11", "size": "2346.02", "side": "BUY", "hash": "8ae76724a7a8594d868592ed390c6e9bd1a1937b", "best_bid": "0.53", "best_ask": "0.56"}, {"asset_id": "86934023414665345422427506679433864279296027898426531732170959339104415335162", "price": "0.89", "size": "2346.02", "side": "SELL", "hash": "e1ecb768eb19d69d1ebef2a978703f9daedcf51c", "best_bid": "0.44", "best_ask": "0.47"}], "timestamp": "1769384004280", "event_type": "price_change"}}
{"_local_timestamp": "2026-01-25T23:33:29.358997+00:00", "data": {"market": "0x921330240e4d92f8535d54bcb34b31750fc235761f97b064d92e54a48c2f9dca", "price_changes": [{"asset_id": "106102449360267073046637097096598048592436928340059823162151571020807191828087", "price": "0.69", "size": "0", "side": "SELL", "hash": "d0e4953b04c616b269f3a54ada30c137ec0825a9", "best_bid": "0.53", "best_ask": "0.56"}, {"asset_id": "86934023414665345422427506679433864279296027898426531732170959339104415335162", "price": "0.31", "size": "0", "side": "BUY", "hash": "5d43f154ab798fdc546daa878f7cedfdcb6ee242", "best_bid": "0.44", "best_ask": "0.47"}], "timestamp": "1769384009289", "event_type": "price_change"}}
{"_local_timestamp": "2026-01-25T23:33:29.389487+00:00", "data": {"market": "0x921330240e4d92f8535d54bcb34b31750fc235761f97b064d92e54a48c2f9dca", "price_changes": [{"asset_id": "106102449360267073046637097096598048592436928340059823162151571020807191828087", "price": "0.68", "size": "0", "side": "SELL", "hash": "f96df61617510ebee0af11a16d854256d51890fd", "best_bid": "0.53", "best_ask": "0.56"}, {"asset_id": "86934023414665345422427506679433864279296027898426531732170959339104415335162", "price": "0.32", "size": "0", "side": "BUY", "hash": "2def0ee10e2bfcfad35896e460c0db83ba3f0ab8", "best_bid": "0.44", "best_ask": "0.47"}], "timestamp": "1769384009314", "event_type": "price_change"}}
{"_local_timestamp": "2026-01-25T23:33:29.433254+00:00", "data": {"market": "0x921330240e4d92f8535d54bcb34b31750fc235761f97b064d92e54a48c2f9dca", "price_changes": [{"asset_id": "106102449360267073046637097096598048592436928340059823162151571020807191828087", "price": "0.7", "size": "330.66", "side": "SELL", "hash": "6d35e909376c7fa67c7195a072a35e3556f487c2", "best_bid": "0.53", "best_ask": "0.56"}, {"asset_id": "86934023414665345422427506679433864279296027898426531732170959339104415335162", "price": "0.3", "size": "330.66", "side": "BUY", "hash": "8c3121d997add3c0da99ada20371cb052ab15fd7", "best_bid": "0.44", "best_ask": "0.47"}], "timestamp": "1769384009367", "event_type": "price_change"}}
