{"_local_timestamp": "2026-01-25T23:40:30.866106+00:00", "data": [{"market": "0x087469b4129c64c688397028059dfd366796adbd426e0079ee4cfdd2e4a07b61", "asset_id": "45822599979868501396582860994506290061594012396386219725082308923565779306211", "timestamp": "1769384367011", "hash": "5bc5154a8c6cc84928733b91ea1de56dfb2653a2", "bids": [{"price": "0.01", "size": "5114.71"}, {"price": "0.02", "size": "2200"}, {"price": "0.03", "size": "10.14"}, {"price": "0.05", "size": "40"}, {"price": "0.09", "size": "1100"}, {"price": "0.1", "size": "250"}, {"price": "0.11", "size": "5.43"}, {"price": "0.13", "size": "586.53"}, {"price": "0.17", "size": "3488.23"}, {"price": "0.18", "size": "888"}, {"price": "0.2", "size": "5"}, {"price": "0.21", "size": "183.33"}, {"price": "0.26", "size": "100"}, {"price": "0.27", "size": "200"}, {"price": "0.3", "size": "830"}, {"price": "0.31", "size": "300"}, {"price": "0.34", "size": "108.82"}, {"price": "0.41", "size": "500"}, {"price": "0.5", "size": "1060"}, {"price": "0.51", "size": "5"}, {"price": "0.54", "size": "7.2"}, {"price": "0.75", "size": "110"}, {"price": "0.8", "size": "46.21"}, {"price": "0.82", "size": "262"}, {"price": "0.83", "size": "540.57"}, {"price": "0.84", "size": "614"}, {"price": "0.85", "size": "101"}], "asks": [{"price": "0.99", "size": "2855"}, {"price": "0.98", "size": "1461.25"}, {"price": "0.97", "size": "250"}, {"price": "0.96", "size": "7.44"}, {"price": "0.95", "size": "1741"}, {"price": "0.94", "size": "460"}, {"price": "0.93", "size": "106.81"}, {"price": "0.92", "size": "121.18"}, {"price": "0.91", "size": "205"}, {"price": "0.9", "size": "203.97"}, {"price": "0.89", "size": "20"}, {"price": "0.88", "size": "752.28"}, {"price": "0.87", "size": "5"}, {"price": "0.86", "size": "8.83"}], "event_type": "book", "last_trade_price": ""}, {"market": "0x087469b4129c64c688397028059dfd366796adbd426e0079ee4cfdd2e4a07b61", "asset_id": "29464249359795764732112771440808805030560641430581197204785405866716242261762", "timestamp": "1769384367011", "hash": "294dcf1e3323ffb1e1021b0e9d081bfc29ed2784", "bids": [{"price": "0.01", "size": "2855"}, {"price": "0.02", "size": "1461.25"}, {"price": "0.03", "size": "250"}, {"price": "0.04", "size": "7.44"}, {"price": "0.05", "size": "1741"}, {"price": "0.06", "size": "460"}, {"price": "0.07", "size": "106.81"}, {"price": "0.08", "size": "121.18"}, {"price": "0.09", "size": "205"}, {"price": "0.1", "size": "203.97"}, {"price": "0.11", "size": "20"}, {"price": "0.12", "size": "752.28"}, {"price": "0.13", "size": "5"}, {"price": "0.14", "size": "8.83"}], "asks": [{"price": "0.99", "size": "5114.71"}, {"price": "0.98", "size": "2200"}, {"price": "0.97", "size": "10.14"}, {"price": "0.95", "size": "40"}, {"price": "0.91", "size": "1100"}, {"price": "0.9", "size": "250"}, {"price": "0.89", "size": "5.43"}, {"price": "0.87", "size": "586.53"}, {"price": "0.83", "size": "3488.23"}, {"price": "0.82", "size": "888"}, {"price": "0.8", "size": "5"}, {"price": "0.79", "size": "183.33"}, {"price": "0.74", "size": "100"}, {"price": "0.73", "size": "200"}, {"price": "0.7", "size": "830"}, {"price": "0.69", "size": "300"}, {"price": "0.66", "size": "108.82"}, {"price": "0.59", "size": "500"}, {"price": "0.5", "size": "1060"}, {"price": "0.49", "size": "5"}, {"price": "0.46", "size": "7.2"}, {"price": "0.25", "size": "110"}, {"price": "0.2", "size": "46.21"}, {"price": "0.18", "size": "262"}, {"price": "0.17", "size": "540.57"}, {"price": "0.16", "size": "614"}, {"price": "0.15", "size": "101"}], "event_type": "book", "last_trade_price": ""}]}
{"_local_timestamp": "2026-01-25T23:40:33.006333+00:00", "data": {"market": "0x087469b4129c64c688397028059dfd366796adbd426e0079ee4cfdd2e4a07b61", "price_changes": [{"asset_id": "45822599979868501396582860994506290061594012396386219725082308923565779306211", "price": "0.22", "size": "1908", "side": "BUY", "hash": "711a9d6a15a299d0a39ae5379cb46d9467eb0201", "best_bid": "0.85", "best_ask": "0.86"}, {"asset_id": "29464249359795764732112771440808805030560641430581197204785405866716242261762", "price": "0.78", "size": "1908", "side": "SELL", "hash": "b066c1da43b29dd69a5804e3d8adc0a5ce31ba92", "best_bid": "0.14", "best_ask": "0.15"}], "timestamp": "1769384432934", "event_type": "price_change"}}
{"_local_timestamp": "2026-01-25T23:40:58.207908+00:00", "data": {"market": "0x087469b4129c64c688397028059dfd366796adbd426e0079ee4cfdd2e4a07b61", "price_changes": [{"asset_id": "29464249359795764732112771440808805030560641430581197204785405866716242261762", "price": "0.16", "size": "664.81", "side": "SELL", "hash": "f9006f72164181d815a5194a6d638ee0e2fbc652", "best_bid": "0.14", "best_ask": "0.15"}, {"asset_id": "45822599979868501396582860994506290061594012396386219725082308923565779306211", "price": "0.84", "size": "664.81", "side": "BUY", "hash": "0c493b7a4a2c559b1908f988981e0ca4a28d106e", "best_bid": "0.85", "best_ask": "0.86"}], "timestamp": "1769384458141", "event_type": "price_change"}}
{"_local_timestamp": "2026-01-25T23:41:50.969690+00:00", "data": {"market": "0x087469b4129c64c688397028059dfd366796adbd426e0079ee4cfdd2e4a07b61", "price_changes": [{"asset_id": "45822599979868501396582860994506290061594012396386219725082308923565779306211", "price": "0.27", "size": "100", "side": "BUY", "hash": "27bdebf0e1e975527efb9cfb341df4ce811f6b44", "best_bid": "0.85", "best_ask": "0.86"}, {"asset_id": "29464249359795764732112771440808805030560641430581197204785405866716242261762", "price": "0.73", "size": "100", "side": "SELL", "hash": "16df8baaede42a81773a733cf00654400b2df8af", "best_bid": "0.14", "best_ask": "0.15"}], "timestamp": "1769384510774", "event_type": "price_change"}}
{"_local_timestamp": "2026-01-25T23:41:52.855020+00:00", "data": {"market": "0x087469b4129c64c688397028059dfd366796adbd426e0079ee4cfdd2e4a07b61", "price_changes": [{"asset_id": "45822599979868501396582860994506290061594012396386219725082308923565779306211", "price": "0.3", "size": "930", "side": "BUY", "hash": "297b7baee25531fb79079ab2e74e8fbfcd210736", "best_bid": "0.85", "best_ask": "0.86"}, {"asset_id": "29464249359795764732112771440808805030560641430581197204785405866716242261762", "price": "0.7", "size": "930", "side": "SELL", "hash": "eaec0419aff2ae7287ca2604f2fcda51e9f5ac9d", "best_bid": "0.14", "best_ask": "0.15"}], "timestamp": "1769384511815", "event_type": "price_change"}}
{"_local_timestamp": "2026-01-25T23:41:53.197802+00:00", "data": {"market": "0x087469b4129c64c688397028059dfd366796adbd426e0079ee4cfdd2e4a07b61", "price_changes": [{"asset_id": "29464249359795764732112771440808805030560641430581197204785405866716242261762", "price": "0.16", "size": "614", "side": "SELL", "hash": "9235fbd27292dd6e286f1a1314294aa5c728ff1d", "best_bid": "0.14", "best_ask": "0.15"}, {"asset_id": "45822599979868501396582860994506290061594012396386219725082308923565779306211", "price": "0.84", "size": "614", "side": "BUY", "hash": "67151da14c06ee5f5debb72937e51d6ed4f9eb33", "best_bid": "0.85", "best_ask": "0.86"}], "timestamp": "1769384512925", "event_type": "price_change"}}
{"_local_timestamp": "2026-01-25T23:41:55.784618+00:00", "data": {"market": "0x087469b4129c64c688397028059dfd366796adbd426e0079ee4cfdd2e4a07b61", "price_changes": [{"asset_id": "29464249359795764732112771440808805030560641430581197204785405866716242261762", "price": "0.16", "size": "632.25", "side": "SELL", "hash": "715826cbab59359b1ce87af13d62135ae1e0dc46", "best_bid": "0.14", "best_ask": "0.15"}, {"asset_id": "45822599979868501396582860994506290061594012396386219725082308923565779306211", "price": "0.84", "size": "632.25", "side": "BUY", "hash": "cca7ed58b8424b393d666ad3d6b3cff6bc06b596", "best_bid": "0.85", "best_ask": "0.86"}], "timestamp": "1769384515718", "event_type": "price_change"}}
{"_local_timestamp": "2026-01-25T23:41:58.280904+00:00", "data": {"market": "0x087469b4129c64c688397028059dfd366796adbd426e0079ee4cfdd2e4a07b61", "price_changes": [{"asset_id": "29464249359795764732112771440808805030560641430581197204785405866716242261762", "price": "0.17", "size": "573.12", "side": "SELL", "hash": "dad86ac0b96f9bdb7ea6de1dd43ad128ec72f3ab", "best_bid": "0.14", "best_ask": "0.15"}, {"asset_id": "45822599979868501396582860994506290061594012396386219725082308923565779306211", "price": "0.83", "size": "573.12", "side": "BUY", "hash": "ea00c05698e62d17be46a0ea3c395cccb558c0a1", "best_bid": "0.85", "best_ask": "0.86"}], "timestamp": "1769384518207", "event_type": "price_change"}}
{"_local_timestamp": "2026-01-25T23:42:24.706158+00:00", "data": {"market": "0x087469b4129c64c688397028059dfd366796adbd426e0079ee4cfdd2e4a07b61", "price_changes": [{"asset_id": "45822599979868501396582860994506290061594012396386219725082308923565779306211", "price": "0.27", "size": "50", "side": "BUY", "hash": "5dbb5e7df2be000cb184251067a8c4525ac73dd0", "best_bid": "0.85", "best_ask": "0.86"}, {"asset_id": "29464249359795764732112771440808805030560641430581197204785405866716242261762", "price": "0.73", "size": "50", "side": "SELL", "hash": "1b9b855d96fb76f9b52d25da4dee0772b82204d2", "best_bid": "0.14", "best_ask": "0.15"}], "timestamp": "1769384544473", "event_type": "price_change"}}
{"_local_timestamp": "2026-01-25T23:42:25.219131+00:00", "data": {"market": "0x087469b4129c64c688397028059dfd366796adbd426e0079ee4cfdd2e4a07b61", "price_changes": [{"asset_id": "45822599979868501396582860994506290061594012396386219725082308923565779306211", "price": "0.22", "size": "1958", "side": "BUY", "hash": "be059aa06c5f1b429937e986fd44fddcc27b5b8f", "best_bid": "0.85", "best_ask": "0.86"}, {"asset_id": "29464249359795764732112771440808805030560641430581197204785405866716242261762", "price": "0.78", "size": "1958", "side": "SELL", "hash": "b5ff8a37d7e4f76030cf77cedd393b1cfa67b8e4", "best_bid": "0.14", "best_ask": "0.15"}], "timestamp": "1769384544928", "event_type": "price_change"}}
{"_local_timestamp": "2026-01-25T23:42:45.468705+00:00", "data": {"market": "0x087469b4129c64c688397028059dfd366796adbd426e0079ee4cfdd2e4a07b61", "price_changes": [{"asset_id": "45822599979868501396582860994506290061594012396386219725082308923565779306211", "price": "0.27", "size": "0", "side": "BUY", "hash": "c1dc1da620990b389e33c33be556d10a20dc7780", "best_bid": "0.85", "best_ask": "0.86"}, {"asset_id": "29464249359795764732112771440808805030560641430581197204785405866716242261762", "price": "0.73", "size": "0", "side": "SELL", "hash": "83289fc3c8557a871944c1d2bf9e0e1aad405d59", "best_bid": "0.14", "best_ask": "0.15"}], "timestamp": "1769384565222", "event_type": "price_change"}}
{"_local_timestamp": "2026-01-25T23:42:45.469655+00:00", "data": {"market": "0x087469b4129c64c688397028059dfd366796adbd426e0079ee4cfdd2e4a07b61", "price_changes": [{"asset_id": "45822599979868501396582860994506290061594012396386219725082308923565779306211", "price": "0.21", "size": "133.33", "side": "BUY", "hash": "c1dc1da620990b389e33c33be556d10a20dc7780", "best_bid": "0.85", "best_ask": "0.86"}, {"asset_id": "29464249359795764732112771440808805030560641430581197204785405866716242261762", "price": "0.79", "size": "133.33", "side": "SELL", "hash": "83289fc3c8557a871944c1d2bf9e0e1aad405d59", "best_bid": "0.14", "best_ask": "0.15"}], "timestamp": "1769384565222", "event_type": "price_change"}}
{"_local_timestamp": "2026-01-25T23:42:45.775481+00:00", "data": {"market": "0x087469b4129c64c688397028059dfd366796adbd426e0079ee4cfdd2e4a07b61", "price_changes": [{"asset_id": "45822599979868501396582860994506290061594012396386219725082308923565779306211", "price": "0.22", "size": "2008", "side": "BUY", "hash": "f1c1019b65d210806e343b9e1f3dc03648eae70d", "best_bid": "0.85", "best_ask": "0.86"}, {"asset_id": "29464249359795764732112771440808805030560641430581197204785405866716242261762", "price": "0.78", "size": "2008", "side": "SELL", "hash": "e8290f685bf1702ff0b4b9e6acef97335c638049", "best_bid": "0.14", "best_ask": "0.15"}], "timestamp": "1769384565599", "event_type": "price_change"}}
{"_local_timestamp": "2026-01-25T23:42:45.811510+00:00", "data": {"market": "0x087469b4129c64c688397028059dfd366796adbd426e0079ee4cfdd2e4a07b61", "price_changes": [{"asset_id": "45822599979868501396582860994506290061594012396386219725082308923565779306211", "price": "0.3", "size": "980", "side": "BUY", "hash": "00fe3fe5f6d7389984e03998e2f911284ce8ac0e", "best_bid": "0.85", "best_ask": "0.86"}, {"asset_id": "29464249359795764732112771440808805030560641430581197204785405866716242261762", "price": "0.7", "size": "980", "side": "SELL", "hash": "88cfcc4c409fa3c32be3ecb0ccd059d2be8fae47", "best_bid": "0.14", "best_ask": "0.15"}], "timestamp": "1769384565624", "event_type": "price_change"}}
{"_local_timestamp": "2026-01-25T23:44:20.963934+00:00", "data": {"market": "0x087469b4129c64c688397028059dfd366796adbd426e0079ee4cfdd2e4a07b61", "price_changes": [{"asset_id": "45822599979868501396582860994506290061594012396386219725082308923565779306211", "price": "0.3", "size": "880", "side": "BUY", "hash": "4ab1944b7a7abd8a51c25077b185269a94af4424", "best_bid": "0.85", "best_ask": "0.86"}, {"asset_id": "29464249359795764732112771440808805030560641430581197204785405866716242261762", "price": "0.7", "size": "880", "side": "SELL", "hash": "3a43a1b1f2d201979a20a53f4671bab67c8530ae", "best_bid": "0.14", "best_ask": "0.15"}], "timestamp": "1769384660499", "event_type": "price_change"}}
{"_local_timestamp": "2026-01-25T23:44:21.355371+00:00", "data": {"market": "0x087469b4129c64c688397028059dfd366796adbd426e0079ee4cfdd2e4a07b61", "price_changes": [{"asset_id": "45822599979868501396582860994506290061594012396386219725082308923565779306211", "price": "0.22", "size": "2108", "side": "BUY", "hash": "7fa5087a5a20f6f986fb63f9613f2874cd6dfbe9", "best_bid": "0.85", "best_ask": "0.86"}, {"asset_id": "29464249359795764732112771440808805030560641430581197204785405866716242261762", "price": "0.78", "size": "2108", "side": "SELL", "hash": "66a95b168246a45bec9a5b7be1611738f21ba48e", "best_bid": "0.14", "best_ask": "0.15"}], "timestamp": "1769384660887", "event_type": "price_change"}}
{"_local_timestamp": "2026-01-25T23:44:32.357540+00:00", "data": {"market": "0x087469b4129c64c688397028059dfd366796adbd426e0079ee4cfdd2e4a07b61", "price_changes": [{"asset_id": "45822599979868501396582860994506290061594012396386219725082308923565779306211", "price": "0.22", "size": "200", "side": "BUY", "hash": "ce17a41a75f52eeb5c6dfc0e99be6440979d3d27", "best_bid": "0.85", "best_ask": "0.86"}, {"asset_id": "29464249359795764732112771440808805030560641430581197204785405866716242261762", "price": "0.78", "size": "200", "side": "SELL", "hash": "f7464d2764c68cbcb8f09a6fba91b7b27e74e4e1", "best_bid": "0.14", "best_ask": "0.15"}], "timestamp": "1769384672290", "event_type": "price_change"}}
