{"_local_timestamp": "2026-01-25T23:33:46.185478+00:00", "data": [{"market": "0xa6ef52567677573f60cc0dd4450d9c5bc0bc67fac27b6f5b5d6d90bfb89ec790", "asset_id": "19408678225785530918702978782702878368176921515036581970766232340054721313064", "timestamp": "1769384020521", "hash": "c13afb2e7af123a1f03b0989c3fcdceabf4351c4", "bids": [{"price": "0.01", "size": "513464.29"}, {"price": "0.02", "size": "21450"}, {"price": "0.03", "size": "9050"}, {"price": "0.04", "size": "256.5"}, {"price": "0.05", "size": "30"}, {"price": "0.06", "size": "33"}, {"price": "0.09", "size": "650"}, {"price": "0.1", "size": "50"}, {"price": "0.11", "size": "60.42"}, {"price": "0.14", "size": "842.85"}, {"price": "0.17", "size": "50"}, {"price": "0.18", "size": "227.77"}, {"price": "0.2", "size": "1400"}, {"price": "0.21", "size": "910"}, {"price": "0.22", "size": "150"}, {"price": "0.23", "size": "121.73"}, {"price": "0.24", "size": "100"}, {"price": "0.26", "size": "50"}, {"price": "0.27", "size": "146.29"}, {"price": "0.28", "size": "200"}, {"price": "0.29", "size": "1448"}, {"price": "0.32", "size": "85"}, {"price": "0.34", "size": "50"}, {"price": "0.36", "size": "55.55"}, {"price": "0.43", "size": "140"}, {"price": "0.44", "size": "1432"}, {"price": "0.45", "size": "5"}, {"price": "0.55", "size": "102.39"}, {"price": "0.61", "size": "25"}, {"price": "0.7", "size": "302.6"}, {"price": "0.8", "size": "70"}, {"price": "0.84", "size": "250"}, {"price": "0.85", "size": "245.3"}, {"price": "0.87", "size": "78.17"}, {"price": "0.88", "size": "2983.33"}, {"price": "0.89", "size": "1957"}, {"price": "0.9", "size": "230"}], "asks": [{"price": "0.99", "size": "7346"}, {"price": "0.98", "size": "538.26"}, {"price": "0.97", "size": "14.96"}, {"price": "0.95", "size": "100"}, {"price": "0.94", "size": "164.85"}, {"price": "0.93", "size": "4331.49"}, {"price": "0.92", "size": "913"}, {"price": "0.91", "size": "304.99"}], "event_type": "book", "last_trade_price": "0.100"}, {"market": "0xa6ef52567677573f60cc0dd4450d9c5bc0bc67fac27b6f5b5d6d90bfb89ec790", "asset_id": "25664225514029642249635961752974354103227758642034044436527314973639924441451", "timestamp": "1769384020521", "hash": "759a5a1b4d4c7d22f5976f9e663d8d2f9cc513b8", "bids": [{"price": "0.01", "size": "7346"}, {"price": "0.02", "size": "538.26"}, {"price": "0.03", "size": "14.96"}, {"price": "0.05", "size": "100"}, {"price": "0.06", "size": "164.85"}, {"price": "0.07", "size": "4331.49"}, {"price": "0.08", "size": "913"}, {"price": "0.09", "size": "304.99"}], "asks": [{"price": "0.99", "size": "513464.29"}, {"price": "0.98", "size": "21450"}, {"price": "0.97", "size": "9050"}, {"price": "0.96", "size": "256.5"}, {"price": "0.95", "size": "30"}, {"price": "0.94", "size": "33"}, {"price": "0.91", "size": "650"}, {"price": "0.9", "size": "50"}, {"price": "0.89", "size": "60.42"}, {"price": "0.86", "size": "842.85"}, {"price": "0.83", "size": "50"}, {"price": "0.82", "size": "227.77"}, {"price": "0.8", "size": "1400"}, {"price": "0.79", "size": "910"}, {"price": "0.78", "size": "150"}, {"price": "0.77", "size": "121.73"}, {"price": "0.76", "size": "100"}, {"price": "0.74", "size": "50"}, {"price": "0.73", "size": "146.29"}, {"price": "0.72", "size": "200"}, {"price": "0.71", "size": "1448"}, {"price": "0.68", "size": "85"}, {"price": "0.66", "size": "50"}, {"price": "0.64", "size": "55.55"}, {"price": "0.57", "size": "140"}, {"price": "0.56", "size": "1432"}, {"price": "0.55", "size": "5"}, {"price": "0.45", "size": "102.39"}, {"price": "0.39", "size": "25"}, {"price": "0.3", "size": "302.6"}, {"price": "0.2", "size": "70"}, {"price": "0.16", "size": "250"}, {"price": "0.15", "size": "245.3"}, {"price": "0.13", "size": "78.17"}, {"price": "0.12", "size": "2983.33"}, {"price": "0.11", "size": "1957"}, {"price": "0.1", "size": "230"}], "event_type": "book", "last_trade_price": "0.100"}]}
{"_local_timestamp": "2026-01-25T23:34:00.090748+00:00", "data": {"market": "0xa6ef52567677573f60cc0dd4450d9c5bc0bc67fac27b6f5b5d6d90bfb89ec790", "price_changes": [{"asset_id": "25664225514029642249635961752974354103227758642034044436527314973639924441451", "price": "0.07", "size": "3931.5", "side": "BUY", "hash": "6602187158708337335487b5355e3b6ee28086ac", "best_bid": "0.09", "best_ask": "0.1"}, {"asset_id": "19408678225785530918702978782702878368176921515036581970766232340054721313064", "price": "0.93", "size": "3931.5", "side": "SELL", "hash": "2c7666a38c1103d9da611c26fcc2c42d75999e5e", "best_bid": "0.9", "best_ask": "0.91"}], "timestamp": "1769384040001", "event_type": "price_change"}}
{"_local_timestamp": "2026-01-25T23:34:04.790886+00:00", "data": {"market": "0xa6ef52567677573f60cc0dd4450d9c5bc0bc67fac27b6f5b5d6d90bfb89ec790", "price_changes": [{"asset_id": "19408678225785530918702978782702878368176921515036581970766232340054721313064", "price": "0.28", "size": "150", "side": "BUY", "hash": "2315618dd970216ff4eb5389b3e8d5ad17abc8a6", "best_bid": "0.9", "best_ask": "0.91"}, {"asset_id": "25664225514029642249635961752974354103227758642034044436527314973639924441451", "price": "0.72", "size": "150", "side": "SELL", "hash": "a5e9a1f201965a9d0001ea1836afed02171b0d34", "best_bid": "0.09", "best_ask": "0.1"}], "timestamp": "1769384044570", "event_type": "price_change"}}
{"_local_timestamp": "2026-01-25T23:34:05.220741+00:00", "data": {"market": "0xa6ef52567677573f60cc0dd4450d9c5bc0bc67fac27b6f5b5d6d90bfb89ec790", "price_changes": [{"asset_id": "19408678225785530918702978782702878368176921515036581970766232340054721313064", "price": "0.29", "size": "1498", "side": "BUY", "hash": "69e1dfb121e7ecf9e1bd85b05bfcfc7492ea7b03", "best_bid": "0.9", "best_ask": "0.91"}, {"asset_id": "25664225514029642249635961752974354103227758642034044436527314973639924441451", "price": "0.71", "size": "1498", "side": "SELL", "hash": "fbaf08ace1884f1c94950566b815c3cdc4af35dc", "best_bid": "0.09", "best_ask": "0.1"}], "timestamp": "1769384044913", "event_type": "price_change"}}
{"_local_timestamp": "2026-01-25T23:34:27.889126+00:00", "data": {"market": "0xa6ef52567677573f60cc0dd4450d9c5bc0bc67fac27b6f5b5d6d90bfb89ec790", "price_changes": [{"asset_id": "19408678225785530918702978782702878368176921515036581970766232340054721313064", "price": "0.28", "size": "50", "side": "BUY", "hash": "1666aabe9078e670cccb1d7abd4ccc3881fcc959", "best_bid": "0.9", "best_ask": "0.91"}, {"asset_id": "25664225514029642249635961752974354103227758642034044436527314973639924441451", "price": "0.72", "size": "50", "side": "SELL", "hash": "f5452d5c71b9f6c9ee970b8e3e305226f53ab181", "best_bid": "0.09", "best_ask": "0.1"}], "timestamp": "1769384067573", "event_type": "price_change"}}
{"_local_timestamp": "2026-01-25T23:34:28.572447+00:00", "data": {"market": "0xa6ef52567677573f60cc0dd4450d9c5bc0bc67fac27b6f5b5d6d90bfb89ec790", "price_changes": [{"asset_id": "19408678225785530918702978782702878368176921515036581970766232340054721313064", "price": "0.22", "size": "250", "side": "BUY", "hash": "74a24b40095e7aec24eb9d70ce4c719620fbc263", "best_bid": "0.9", "best_ask": "0.91"}, {"asset_id": "25664225514029642249635961752974354103227758642034044436527314973639924441451", "price": "0.78", "size": "250", "side": "SELL", "hash": "04b1426c91c0b49eb29764bbcfd30ea15df47b04", "best_bid": "0.09", "best_ask": "0.1"}], "timestamp": "1769384068115", "event_type": "price_change"}}
{"_local_timestamp": "2026-01-25T23:34:47.453939+00:00", "data": {"market": "0xa6ef52567677573f60cc0dd4450d9c5bc0bc67fac27b6f5b5d6d90bfb89ec790", "price_changes": [{"asset_id": "19408678225785530918702978782702878368176921515036581970766232340054721313064", "price": "0.87", "size": "68.17", "side": "BUY", "hash": "63e0bdbcc599bd8cd717d4ac3a1805a115bd7a03", "best_bid": "0.9", "best_ask": "0.91"}, {"asset_id": "25664225514029642249635961752974354103227758642034044436527314973639924441451", "price": "0.13", "size": "68.17", "side": "SELL", "hash": "2378c8edc8934ccc28b720db3162f526749fd95c", "best_bid": "0.09", "best_ask": "0.1"}], "timestamp": "1769384087357", "event_type": "price_change"}}
{"_local_timestamp": "2026-01-25T23:34:47.458518+00:00", "data": {"market": "0xa6ef52567677573f60cc0dd4450d9c5bc0bc67fac27b6f5b5d6d90bfb89ec790", "price_changes": [{"asset_id": "25664225514029642249635961752974354103227758642034044436527314973639924441451", "price": "0.06", "size": "154.85", "side": "BUY", "hash": "afa5b6fa68221593b5629d99bf9ee6817ecee535", "best_bid": "0.09", "best_ask": "0.1"}, {"asset_id": "19408678225785530918702978782702878368176921515036581970766232340054721313064", "price": "0.94", "size": "154.85", "side": "SELL", "hash": "98f2e2b1217681d29634ec539a661457ee9e95c3", "best_bid": "0.9", "best_ask": "0.91"}], "timestamp": "1769384087358", "event_type": "price_change"}}
{"_local_timestamp": "2026-01-25T23:35:26.645237+00:00", "data": {"market": "0xa6ef52567677573f60cc0dd4450d9c5bc0bc67fac27b6f5b5d6d90bfb89ec790", "price_changes": [{"asset_id": "19408678225785530918702978782702878368176921515036581970766232340054721313064", "price": "0.22", "size": "200", "side": "BUY", "hash": "7874f501950dcc8f7b008617947caedc51bcfdb1", "best_bid": "0.9", "best_ask": "0.91"}, {"asset_id": "25664225514029642249635961752974354103227758642034044436527314973639924441451", "price": "0.78", "size": "200", "side": "SELL", "hash": "1e2f506f094afe305f88f6842a3c4c42b1555593", "best_bid": "0.09", "best_ask": "0.1"}], "timestamp": "1769384126556", "event_type": "price_change"}}
{"_local_timestamp": "2026-01-25T23:35:27.092741+00:00", "data": {"market": "0xa6ef52567677573f60cc0dd4450d9c5bc0bc67fac27b6f5b5d6d90bfb89ec790", "price_changes": [{"asset_id": "19408678225785530918702978782702878368176921515036581970766232340054721313064", "price": "0.29", "size": "1548", "side": "BUY", "hash": "6747092ff25d8b1872505928abe162377f07a18a", "best_bid": "0.9", "best_ask": "0.91"}, {"asset_id": "25664225514029642249635961752974354103227758642034044436527314973639924441451", "price": "0.71", "size": "1548", "side": "SELL", "hash": "a958cdada58ead184615054983e4f22c17ba497b", "best_bid": "0.09", "best_ask": "0.1"}], "timestamp": "1769384126901", "event_type": "price_change"}}
{"_local_timestamp": "2026-01-25T23:35:54.501333+00:00", "data": {"market": "0xa6ef52567677573f60cc0dd4450d9c5bc0bc67fac27b6f5b5d6d90bfb89ec790", "price_changes": [{"asset_id": "25664225514029642249635961752974354103227758642034044436527314973639924441451", "price": "0.07", "size": "4331.49", "side": "BUY", "hash": "97ce34a06c3975ee308126e22a926173ebedcbcc", "best_bid": "0.09", "best_ask": "0.1"}, {"asset_id": "19408678225785530918702978782702878368176921515036581970766232340054721313064", "price": "0.93", "size": "4331.49", "side": "SELL", "hash": "fb6d313dd6ecae3612dbd9c210785ca40fdb1eaa", "best_bid": "0.9", "best_ask": "0.91"}], "timestamp": "1769384154428", "event_type": "price_change"}}
{"_local_timestamp": "2026-01-25T23:35:56.455700+00:00", "data": {"market": "0xa6ef52567677573f60cc0dd4450d9c5bc0bc67fac27b6f5b5d6d90bfb89ec790", "price_changes": [{"asset_id": "19408678225785530918702978782702878368176921515036581970766232340054721313064", "price": "0.22", "size": "150", "side": "BUY", "hash": "ab9994926efb1a3e324e2e8f52b007f1ffcf3931", "best_bid": "0.9", "best_ask": "0.91"}, {"asset_id": "25664225514029642249635961752974354103227758642034044436527314973639924441451", "price": "0.78", "size": "150", "side": "SELL", "hash": "7860a38a9a1980873284f5d28e98428fe7538fa4", "best_bid": "0.09", "best_ask": "0.1"}], "timestamp": "1769384156299", "event_type": "price_change"}}
{"_local_timestamp": "2026-01-25T23:35:56.463107+00:00", "data": {"market": "0xa6ef52567677573f60cc0dd4450d9c5bc0bc67fac27b6f5b5d6d90bfb89ec790", "price_changes": [{"asset_id": "19408678225785530918702978782702878368176921515036581970766232340054721313064", "price": "0.27", "size": "96.29", "side": "BUY", "hash": "17708ab86132e67e6a3f17d0d8db13ec153cad03", "best_bid": "0.9", "best_ask": "0.91"}, {"asset_id": "25664225514029642249635961752974354103227758642034044436527314973639924441451", "price": "0.73", "size": "96.29", "side": "SELL", "hash": "f55106d817b78970d62a73dfc0c7ebb6c1233343", "best_bid": "0.09", "best_ask": "0.1"}], "timestamp": "1769384156303", "event_type": "price_change"}}
{"_local_timestamp": "2026-01-25T23:35:56.885874+00:00", "data": {"market": "0xa6ef52567677573f60cc0dd4450d9c5bc0bc67fac27b6f5b5d6d90bfb89ec790", "price_changes": [{"asset_id": "19408678225785530918702978782702878368176921515036581970766232340054721313064", "price": "0.29", "size": "1598", "side": "BUY", "hash": "a1dcef2b41556676b809b5beb4eec755f30e59ea", "best_bid": "0.9", "best_ask": "0.91"}, {"asset_id": "25664225514029642249635961752974354103227758642034044436527314973639924441451", "price": "0.71", "size": "1598", "side": "SELL", "hash": "6348e6be7571de976ed617b2526537832e05ca07", "best_bid": "0.09", "best_ask": "0.1"}], "timestamp": "1769384156748", "event_type": "price_change"}}
{"_local_timestamp": "2026-01-25T23:35:56.911449+00:00", "data": {"market": "0xa6ef52567677573f60cc0dd4450d9c5bc0bc67fac27b6f5b5d6d90bfb89ec790", "price_changes": [{"asset_id": "19408678225785530918702978782702878368176921515036581970766232340054721313064", "price": "0.2", "size": "1450", "side": "BUY", "hash": "1d6595f77089dfeb414d2f0fe205f459de3a63d0", "best_bid": "0.9", "best_ask": "0.91"}, {"asset_id": "25664225514029642249635961752974354103227758642034044436527314973639924441451", "price": "0.8", "size": "1450", "side": "SELL", "hash": "382d3f222c213902548ae8ba3f5b20dc13be78b0", "best_bid": "0.09", "best_ask": "0.1"}], "timestamp": "1769384156770", "event_type": "price_change"}}
{"_local_timestamp": "2026-01-25T23:35:58.163553+00:00", "data": {"market": "0xa6ef52567677573f60cc0dd4450d9c5bc0bc67fac27b6f5b5d6d90bfb89ec790", "price_changes": [{"asset_id": "19408678225785530918702978782702878368176921515036581970766232340054721313064", "price": "0.29", "size": "150", "side": "BUY", "hash": "4d6127b2beef8e7bbccdcb5c86c3b34c8fb7c0f5", "best_bid": "0.9", "best_ask": "0.91"}, {"asset_id": "25664225514029642249635961752974354103227758642034044436527314973639924441451", "price": "0.71", "size": "150", "side": "SELL", "hash": "0030520d5d91b188834f4ad4c4af3536ae88f54e", "best_bid": "0.09", "best_ask": "0.1"}], "timestamp": "1769384158066", "event_type": "price_change"}}
{"_local_timestamp": "2026-01-25T23:36:25.663544+00:00", "data": {"market": "0xa6ef52567677573f60cc0dd4450d9c5bc0bc67fac27b6f5b5d6d90bfb89ec790", "price_changes": [{"asset_id": "19408678225785530918702978782702878368176921515036581970766232340054721313064", "price": "0.23", "size": "1947.73", "side": "BUY", "hash": "a2705e1dbe9f56cc386be6a42c0ef53973095074", "best_bid": "0.9", "best_ask": "0.91"}, {"asset_id": "25664225514029642249635961752974354103227758642034044436527314973639924441451", "price": "0.77", "size": "1947.73", "side": "SELL", "hash": "e973dbb0d2ad88fa6bed51001a59c0b27c8db27e", "best_bid": "0.09", "best_ask": "0.1"}], "timestamp": "1769384185590", "event_type": "price_change"}}
{"_local_timestamp": "2026-01-25T23:36:55.038729+00:00", "data": {"market": "0xa6ef52567677573f60cc0dd4450d9c5bc0bc67fac27b6f5b5d6d90bfb89ec790", "price_changes": [{"asset_id": "19408678225785530918702978782702878368176921515036581970766232340054721313064", "price": "0.22", "size": "50", "side": "BUY", "hash": "86518cc977afdc97590db022a5de07791f640b90", "best_bid": "0.9", "best_ask": "0.91"}, {"asset_id": "25664225514029642249635961752974354103227758642034044436527314973639924441451", "price": "0.78", "size": "50", "side": "SELL", "hash": "80b220b8714f396bbd74eb2a0a379e4df0d269bc", "best_bid": "0.09", "best_ask": "0.1"}], "timestamp": "1769384214955", "event_type": "price_change"}}
{"_local_timestamp": "2026-01-25T23:36:55.845551+00:00", "data": {"market": "0xa6ef52567677573f60cc0dd4450d9c5bc0bc67fac27b6f5b5d6d90bfb89ec790", "price_changes": [{"asset_id": "19408678225785530918702978782702878368176921515036581970766232340054721313064", "price": "0.29", "size": "250", "side": "BUY", "hash": "50f5e7b6fd40b033e8120226dc0628ad568704e2", "best_bid": "0.9", "best_ask": "0.91"}, {"asset_id": "25664225514029642249635961752974354103227758642034044436527314973639924441451", "price": "0.71", "size": "250", "side": "SELL", "hash": "aec0db94c23aa63d56bcf7ec4edc4d220b1ed335", "best_bid": "0.09", "best_ask": "0.1"}], "timestamp": "1769384215634", "event_type": "price_change"}}
{"_local_timestamp": "2026-01-25T23:37:23.934190+00:00", "data": {"market": "0xa6ef52567677573f60cc0dd4450d9c5bc0bc67fac27b6f5b5d6d90bfb89ec790", "price_changes": [{"asset_id": "19408678225785530918702978782702878368176921515036581970766232340054721313064", "price": "0.21", "size": "810", "side": "BUY", "hash": "754465db6978981c5a0dd04238a85a2d98f6cd18", "best_bid": "0.9", "best_ask": "0.91"}, {"asset_id": "25664225514029642249635961752974354103227758642034044436527314973639924441451", "price": "0.79", "size": "810", "side": "SELL", "hash": "e61c8a21998b0aa4a85b6635517f41bb791a0136", "best_bid": "0.09", "best_ask": "0.1"}], "timestamp": "1769384243850", "event_type": "price_change"}}
{"_local_timestamp": "2026-01-25T23:37:24.194991+00:00", "data": {"market": "0xa6ef52567677573f60cc0dd4450d9c5bc0bc67fac27b6f5b5d6d90bfb89ec790", "price_changes": [{"asset_id": "19408678225785530918702978782702878368176921515036581970766232340054721313064", "price": "0.23", "size": "2047.73", "side": "BUY", "hash": "21a1fcfbf6dd8d429e2c06c82a701edc13907016", "best_bid": "0.9", "best_ask": "0.91"}, {"asset_id": "25664225514029642249635961752974354103227758642034044436527314973639924441451", "price": "0.77", "size": "2047.73", "side": "SELL", "hash": "48ebea7e31c2a35b19e360c70bb0b5a896db2d9d", "best_bid": "0.09", "best_ask": "0.1"}], "timestamp": "1769384244103", "event_type": "price_change"}}
{"_local_timestamp": "2026-01-25T23:37:35.277825+00:00", "data": {"market": "0xa6ef52567677573f60cc0dd4450d9c5bc0bc67fac27b6f5b5d6d90bfb89ec790", "price_changes": [{"asset_id": "19408678225785530918702978782702878368176921515036581970766232340054721313064", "price": "0.23", "size": "221.73", "side": "BUY", "hash": "10ee1496e08f77f80c7f3bf7351dab68074b948e", "best_bid": "0.9", "best_ask": "0.91"}, {"asset_id": "25664225514029642249635961752974354103227758642034044436527314973639924441451", "price": "0.77", "size": "221.73", "side": "SELL", "hash": "f186d662696b5b39e63ff50605e57de6cbf39b0b", "best_bid": "0.09", "best_ask": "0.1"}], "timestamp": "1769384255115", "event_type": "price_change"}}
{"_local_timestamp": "2026-01-25T23:37:53.071864+00:00", "data": {"market": "0xa6ef52567677573f60cc0dd4450d9c5bc0bc67fac27b6f5b5d6d90bfb89ec790", "price_changes": [{"asset_id": "25664225514029642249635961752974354103227758642034044436527314973639924441451", "price": "0.01", "size": "7046", "side": "BUY", "hash": "72afe9c2d299e384e9cbf2581ec19f3ac097e485", "best_bid": "0.09", "best_ask": "0.1"}, {"asset_id": "19408678225785530918702978782702878368176921515036581970766232340054721313064", "price": "0.99", "size": "7046", "side": "SELL", "hash": "1088e3a187e03cf4385980fb0b47a315062397b8", "best_bid": "0.9", "best_ask": "0.91"}], "timestamp": "1769384273000", "event_type": "price_change"}}
{"_local_timestamp": "2026-01-25T23:37:57.677354+00:00", "data": {"market": "0xa6ef52567677573f60cc0dd4450d9c5bc0bc67fac27b6f5b5d6d90bfb89ec790", "price_changes": [{"asset_id": "25664225514029642249635961752974354103227758642034044436527314973639924441451", "price": "0.01", "size": "7346", "side": "BUY", "hash": "fccbce4a7ff7d69f2df3da323f7b816ed96653e8", "best_bid": "0.09", "best_ask": "0.1"}, {"asset_id": "19408678225785530918702978782702878368176921515036581970766232340054721313064", "price": "0.99", "size": "7346", "side": "SELL", "hash": "5b6d186aea0547347dba5e2e979194e6d9002540", "best_bid": "0.9", "best_ask": "0.91"}], "timestamp": "1769384277599", "event_type": "price_change"}}
{"_local_timestamp": "2026-01-25T23:38:41.551762+00:00", "data": {"market": "0xa6ef52567677573f60cc0dd4450d9c5bc0bc67fac27b6f5b5d6d90bfb89ec790", "price_changes": [{"asset_id": "19408678225785530918702978782702878368176921515036581970766232340054721313064", "price": "0.23", "size": "121.73", "side": "BUY", "hash": "bb982715c71389b5c4ba2137e4dea642d4701d3d", "best_bid": "0.9", "best_ask": "0.91"}, {"asset_id": "25664225514029642249635961752974354103227758642034044436527314973639924441451", "price": "0.77", "size": "121.73", "side": "SELL", "hash": "56b48246362a530c4520545f2d74dad05da89c73", "best_bid": "0.09", "best_ask": "0.1"}], "timestamp": "1769384321402", "event_type": "price_change"}}
{"_local_timestamp": "2026-01-25T23:38:41.780810+00:00", "data": {"market": "0xa6ef52567677573f60cc0dd4450d9c5bc0bc67fac27b6f5b5d6d90bfb89ec790", "price_changes": [{"asset_id": "19408678225785530918702978782702878368176921515036581970766232340054721313064", "price": "0.21", "size": "910", "side": "BUY", "hash": "21f13c3e34217d7135ab4905d08bb3290fc7bf32", "best_bid": "0.9", "best_ask": "0.91"}, {"asset_id": "25664225514029642249635961752974354103227758642034044436527314973639924441451", "price": "0.79", "size": "910", "side": "SELL", "hash": "7fa8a676480d546ad02e0a988728d8adf71f367e", "best_bid": "0.09", "best_ask": "0.1"}], "timestamp": "1769384321661", "event_type": "price_change"}}
{"_local_timestamp": "2026-01-25T23:38:48.789165+00:00", "data": {"market": "0xa6ef52567677573f60cc0dd4450d9c5bc0bc67fac27b6f5b5d6d90bfb89ec790", "price_changes": [{"asset_id": "19408678225785530918702978782702878368176921515036581970766232340054721313064", "price": "0.22", "size": "1958", "side": "BUY", "hash": "1327ea19b4076bae2ac9277539b2f1f13c3ca6c7", "best_bid": "0.9", "best_ask": "0.91"}, {"asset_id": "25664225514029642249635961752974354103227758642034044436527314973639924441451", "price": "0.78", "size": "1958", "side": "SELL", "hash": "1cbafad4624caaea7987351e39cd5d41b1ed5972", "best_bid": "0.09", "best_ask": "0.1"}], "timestamp": "1769384328719", "event_type": "price_change"}}
{"_local_timestamp": "2026-01-25T23:38:52.973346+00:00", "data": {"market": "0xa6ef52567677573f60cc0dd4450d9c5bc0bc67fac27b6f5b5d6d90bfb89ec790", "price_changes": [{"asset_id": "19408678225785530918702978782702878368176921515036581970766232340054721313064", "price": "0.88", "size": "3383.33", "side": "BUY", "hash": "17d7a0fc011d7104c5dd99905fa84b71cb2da6aa", "best_bid": "0.9", "best_ask": "0.91"}, {"asset_id": "25664225514029642249635961752974354103227758642034044436527314973639924441451", "price": "0.12", "size": "3383.33", "side": "SELL", "hash": "94a1454224b7cd3d4689fd1a494058717e512681", "best_bid": "0.09", "best_ask": "0.1"}], "timestamp": "1769384332895", "event_type": "price_change"}}
{"_local_timestamp": "2026-01-25T23:38:58.374419+00:00", "data": {"market": "0xa6ef52567677573f60cc0dd4450d9c5bc0bc67fac27b6f5b5d6d90bfb89ec790", "price_changes": [{"asset_id": "19408678225785530918702978782702878368176921515036581970766232340054721313064", "price": "0.29", "size": "200", "side": "BUY", "hash": "4e54612d7a2926b47b1db0189c3e036a4f8cc3e1", "best_bid": "0.9", "best_ask": "0.91"}, {"asset_id": "25664225514029642249635961752974354103227758642034044436527314973639924441451", "price": "0.71", "size": "200", "side": "SELL", "hash": "7a372be7ab8d41bcfdf8e201acbc10099ed16969", "best_bid": "0.09", "best_ask": "0.1"}], "timestamp": "1769384338216", "event_type": "price_change"}}
{"_local_timestamp": "2026-01-25T23:38:59.131119+00:00", "data": {"market": "0xa6ef52567677573f60cc0dd4450d9c5bc0bc67fac27b6f5b5d6d90bfb89ec790", "price_changes": [{"asset_id": "19408678225785530918702978782702878368176921515036581970766232340054721313064", "price": "0.23", "size": "171.73", "side": "BUY", "hash": "585e8caa276794fdb3dbcf454657284c74d18ac2", "best_bid": "0.9", "best_ask": "0.91"}, {"asset_id": "25664225514029642249635961752974354103227758642034044436527314973639924441451", "price": "0.77", "size": "171.73", "side": "SELL", "hash": "218f7db39455dc90e382289bafd18344c4ae6010", "best_bid": "0.09", "best_ask": "0.1"}], "timestamp": "1769384338692", "event_type": "price_change"}}
{"_local_timestamp": "2026-01-25T23:39:20.540282+00:00", "data": {"market": "0xa6ef52567677573f60cc0dd4450d9c5bc0bc67fac27b6f5b5d6d90bfb89ec790", "price_changes": [{"asset_id": "19408678225785530918702978782702878368176921515036581970766232340054721313064", "price": "0.22", "size": "50", "side": "BUY", "hash": "e809cbdc2ef1c06681e023063ed4c4e7f4915cd6", "best_bid": "0.9", "best_ask": "0.91"}, {"asset_id": "25664225514029642249635961752974354103227758642034044436527314973639924441451", "price": "0.78", "size": "50", "side": "SELL", "hash": "f567fb1b12c17a537468f19df8fc4f7aca0a2b34", "best_bid": "0.09", "best_ask": "0.1"}], "timestamp": "1769384360336", "event_type": "price_change"}}
{"_local_timestamp": "2026-01-25T23:39:22.399252+00:00", "data": {"market": "0xa6ef52567677573f60cc0dd4450d9c5bc0bc67fac27b6f5b5d6d90bfb89ec790", "price_changes": [{"asset_id": "19408678225785530918702978782702878368176921515036581970766232340054721313064", "price": "0.29", "size": "100", "side": "BUY", "hash": "d92db1f7c031e0f00ab6e489f0f5fa2c8aef40b9", "best_bid": "0.9", "best_ask": "0.91"}, {"asset_id": "25664225514029642249635961752974354103227758642034044436527314973639924441451", "price": "0.71", "size": "100", "side": "SELL", "hash": "4f76d93bbdf4be58751379506c35ee551b30bcec", "best_bid": "0.09", "best_ask": "0.1"}], "timestamp": "1769384362205", "event_type": "price_change"}}
{"_local_timestamp": "2026-01-25T23:39:22.882184+00:00", "data": {"market": "0xa6ef52567677573f60cc0dd4450d9c5bc0bc67fac27b6f5b5d6d90bfb89ec790", "price_changes": [{"asset_id": "19408678225785530918702978782702878368176921515036581970766232340054721313064", "price": "0.23", "size": "271.73", "side": "BUY", "hash": "90ac08fa454465fa9cc415fe86d7e05a65f432f4", "best_bid": "0.9", "best_ask": "0.91"}, {"asset_id": "25664225514029642249635961752974354103227758642034044436527314973639924441451", "price": "0.77", "size": "271.73", "side": "SELL", "hash": "2dbbfdfc8ce27ab4363aefb34724b86ad115873a", "best_bid": "0.09", "best_ask": "0.1"}], "timestamp": "1769384362698", "event_type": "price_change"}}
{"_local_timestamp": "2026-01-25T23:39:56.075064+00:00", "data": {"market": "0xa6ef52567677573f60cc0dd4450d9c5bc0bc67fac27b6f5b5d6d90bfb89ec790", "price_changes": [{"asset_id": "25664225514029642249635961752974354103227758642034044436527314973639924441451", "price": "0.01", "size": "7146", "side": "BUY", "hash": "19229ea2bb76c0ca40494bef6e7cf867452968f5", "best_bid": "0.09", "best_ask": "0.1"}, {"asset_id": "19408678225785530918702978782702878368176921515036581970766232340054721313064", "price": "0.99", "size": "7146", "side": "SELL", "hash": "9154f98e106b75e1819ef95fb95b8844c4c10cdb", "best_bid": "0.9", "best_ask": "0.91"}], "timestamp": "1769384396000", "event_type": "price_change"}}
{"_local_timestamp": "2026-01-25T23:39:56.475257+00:00", "data": {"market": "0xa6ef52567677573f60cc0dd4450d9c5bc0bc67fac27b6f5b5d6d90bfb89ec790", "price_changes": [{"asset_id": "19408678225785530918702978782702878368176921515036581970766232340054721313064", "price": "0.29", "size": "50", "side": "BUY", "hash": "f14338a094dd4c30ae127cecf5a9fd5a37ec34e4", "best_bid": "0.9", "best_ask": "0.91"}, {"asset_id": "25664225514029642249635961752974354103227758642034044436527314973639924441451", "price": "0.71", "size": "50", "side": "SELL", "hash": "d9273ff78e9c8a806e227387836f58b20bc3a8b9", "best_bid": "0.09", "best_ask": "0.1"}], "timestamp": "1769384396342", "event_type": "price_change"}}
{"_local_timestamp": "2026-01-25T23:39:56.770527+00:00", "data": {"market": "0xa6ef52567677573f60cc0dd4450d9c5bc0bc67fac27b6f5b5d6d90bfb89ec790", "price_changes": [{"asset_id": "19408678225785530918702978782702878368176921515036581970766232340054721313064", "price": "0.27", "size": "146.29", "side": "BUY", "hash": "08fa4b556670cdc1f4e236b3e3d12f09271a2443", "best_bid": "0.9", "best_ask": "0.91"}, {"asset_id": "25664225514029642249635961752974354103227758642034044436527314973639924441451", "price": "0.73", "size": "146.29", "side": "SELL", "hash": "1ccb7be554e0c4cef00fde310e4f665d460ad945", "best_bid": "0.09", "best_ask": "0.1"}], "timestamp": "1769384396621", "event_type": "price_change"}}
{"_local_timestamp": "2026-01-25T23:40:01.381774+00:00", "data": {"market": "0xa6ef52567677573f60cc0dd4450d9c5bc0bc67fac27b6f5b5d6d90bfb89ec790", "price_changes": [{"asset_id": "19408678225785530918702978782702878368176921515036581970766232340054721313064", "price": "0.24", "size": "1848", "side": "BUY", "hash": "f153a3ce4a731c6c819a7779d8e513f7e1ee73ba", "best_bid": "0.9", "best_ask": "0.91"}, {"asset_id": "25664225514029642249635961752974354103227758642034044436527314973639924441451", "price": "0.76", "size": "1848", "side": "SELL", "hash": "27ee86bd63c5c70f295ae7b57fee827c7baf3f91", "best_bid": "0.09", "best_ask": "0.1"}], "timestamp": "1769384401312", "event_type": "price_change"}}
{"_local_timestamp": "2026-01-25T23:40:05.628165+00:00", "data": {"market": "0xa6ef52567677573f60cc0dd4450d9c5bc0bc67fac27b6f5b5d6d90bfb89ec790", "price_changes": [{"asset_id": "25664225514029642249635961752974354103227758642034044436527314973639924441451", "price": "0.01", "size": "7346", "side": "BUY", "hash": "6f70c7ff58c9cc58ff90a07f080f6c2d0fa8dc0c", "best_bid": "0.09", "best_ask": "0.1"}, {"asset_id": "19408678225785530918702978782702878368176921515036581970766232340054721313064", "price": "0.99", "size": "7346", "side": "SELL", "hash": "c460e80028ffc13d22936ec16b4105c7da71cce8", "best_bid": "0.9", "best_ask": "0.91"}], "timestamp": "1769384405558", "event_type": "price_change"}}
