{"_local_timestamp": "2026-01-25T23:34:15.017846+00:00", "data": [{"market": "0xe470a4c5214be85bba76e31586a6cae64d1847a0283af04ef0a9bece7fef1ed5", "asset_id": "96016509245679039193987671940572827318782050486969878144659404668738888398029", "timestamp": "1769384043645", "hash": "0a50c3783412616ccf0738680dc25bb86268ca5f", "bids": [{"price": "0.01", "size": "4409.69"}, {"price": "0.02", "size": "2400"}, {"price": "0.03", "size": "10.12"}, {"price": "0.05", "size": "1300"}, {"price": "0.06", "size": "33"}, {"price": "0.08", "size": "550"}, {"price": "0.09", "size": "6.66"}, {"price": "0.2", "size": "200"}, {"price": "0.21", "size": "508"}, {"price": "0.22", "size": "50"}, {"price": "0.27", "size": "50"}, {"price": "0.34", "size": "50"}, {"price": "0.5", "size": "165"}, {"price": "0.6", "size": "100"}, {"price": "0.61", "size": "900"}, {"price": "0.62", "size": "189"}, {"price": "0.75", "size": "13.66"}, {"price": "0.8", "size": "50"}, {"price": "0.82", "size": "91.1"}, {"price": "0.85", "size": "500"}, {"price": "0.86", "size": "410"}, {"price": "0.87", "size": "580.74"}, {"price": "0.88", "size": "696.54"}, {"price": "0.89", "size": "200.99"}], "asks": [{"price": "0.99", "size": "650"}, {"price": "0.98", "size": "557.39"}, {"price": "0.97", "size": "13.39"}, {"price": "0.96", "size": "83.91"}, {"price": "0.95", "size": "321.88"}, {"price": "0.94", "size": "17.5"}, {"price": "0.93", "size": "300.87"}, {"price": "0.92", "size": "1418"}, {"price": "0.91", "size": "484.64"}], "event_type": "book", "last_trade_price": "0.090"}, {"market": "0xe470a4c5214be85bba76e31586a6cae64d1847a0283af04ef0a9bece7fef1ed5", "asset_id": "10339072766729796193604876825555830287400741071776960336721025688179587218575", "timestamp": "1769384043645", "hash": "ba372eb286e0914f553657b4f9e3bde5ba05bb23", "bids": [{"price": "0.01", "size": "650"}, {"price": "0.02", "size": "557.39"}, {"price": "0.03", "size": "13.39"}, {"price": "0.04", "size": "83.91"}, {"price": "0.05", "size": "321.88"}, {"price": "0.06", "size": "17.5"}, {"price": "0.07", "size": "300.87"}, {"price": "0.08", "size": "1418"}, {"price": "0.09", "size": "484.64"}], "asks": [{"price": "0.99", "size": "4409.69"}, {"price": "0.98", "size": "2400"}, {"price": "0.97", "size": "10.12"}, {"price": "0.95", "size": "1300"}, {"price": "0.94", "size": "33"}, {"price": "0.92", "size": "550"}, {"price": "0.91", "size": "6.66"}, {"price": "0.8", "size": "200"}, {"price": "0.79", "size": "508"}, {"price": "0.78", "size": "50"}, {"price": "0.73", "size": "50"}, {"price": "0.66", "size": "50"}, {"price": "0.5", "size": "165"}, {"price": "0.4", "size": "100"}, {"price": "0.39", "size": "900"}, {"price": "0.38", "size": "189"}, {"price": "0.25", "size": "13.66"}, {"price": "0.2", "size": "50"}, {"price": "0.18", "size": "91.1"}, {"price": "0.15", "size": "500"}, {"price": "0.14", "size": "410"}, {"price": "0.13", "size": "580.74"}, {"price": "0.12", "size": "696.54"}, {"price": "0.11", "size": "200.99"}], "event_type": "book", "last_trade_price": "0.090"}]}
{"_local_timestamp": "2026-01-25T23:34:19.876049+00:00", "data": {"market": "0xe470a4c5214be85bba76e31586a6cae64d1847a0283af04ef0a9bece7fef1ed5", "price_changes": [{"asset_id": "96016509245679039193987671940572827318782050486969878144659404668738888398029", "price": "0.21", "size": "9", "side": "BUY", "hash": "f5f5e1a68e3c91972d563bf67d761ed999a6ab61", "best_bid": "0.89", "best_ask": "0.91"}, {"asset_id": "10339072766729796193604876825555830287400741071776960336721025688179587218575", "price": "0.79", "size": "9", "side": "SELL", "hash": "e59a915d307d99f681d28c0ccf1980d1075c3926", "best_bid": "0.09", "best_ask": "0.11"}], "timestamp": "1769384059754", "event_type": "price_change"}}
{"_local_timestamp": "2026-01-25T23:34:22.549175+00:00", "data": {"market": "0xe470a4c5214be85bba76e31586a6cae64d1847a0283af04ef0a9bece7fef1ed5", "price_changes": [{"asset_id": "96016509245679039193987671940572827318782050486969878144659404668738888398029", "price": "0.22", "size": "527", "side": "BUY", "hash": "1cbb682a52b0c5d15e7d990bd62e5f97168b7daa", "best_bid": "0.89", "best_ask": "0.91"}, {"asset_id": "10339072766729796193604876825555830287400741071776960336721025688179587218575", "price": "0.78", "size": "527", "side": "SELL", "hash": "962fbcd6cf4c6530b6365aab9a3c02a9a2fef1c7", "best_bid": "0.09", "best_ask": "0.11"}], "timestamp": "1769384062477", "event_type": "price_change"}}
{"_local_timestamp": "2026-01-25T23:35:56.368866+00:00", "data": {"market": "0xe470a4c5214be85bba76e31586a6cae64d1847a0283af04ef0a9bece7fef1ed5", "price_changes": [{"asset_id": "96016509245679039193987671940572827318782050486969878144659404668738888398029", "price": "0.22", "size": "477", "side": "BUY", "hash": "ee66a8f8a09d8ffa2dcf461ec366acd5c8b4a975", "best_bid": "0.89", "best_ask": "0.91"}, {"asset_id": "10339072766729796193604876825555830287400741071776960336721025688179587218575", "price": "0.78", "size": "477", "side": "SELL", "hash": "fecedc231af12f0fcbf25c76a819affb1aaaa6aa", "best_bid": "0.09", "best_ask": "0.11"}], "timestamp": "1769384156275", "event_type": "price_change"}}
{"_local_timestamp": "2026-01-25T23:35:56.872817+00:00", "data": {"market": "0xe470a4c5214be85bba76e31586a6cae64d1847a0283af04ef0a9bece7fef1ed5", "price_changes": [{"asset_id": "96016509245679039193987671940572827318782050486969878144659404668738888398029", "price": "0.21", "size": "59", "side": "BUY", "hash": "54ef1a77c5be8c9c273fd45c9af8dda11dc80314", "best_bid": "0.89", "best_ask": "0.91"}, {"asset_id": "10339072766729796193604876825555830287400741071776960336721025688179587218575", "price": "0.79", "size": "59", "side": "SELL", "hash": "d93c591759ac141a6636fcf5fca177724691f6ea", "best_bid": "0.09", "best_ask": "0.11"}], "timestamp": "1769384156743", "event_type": "price_change"}}
{"_local_timestamp": "2026-01-25T23:35:58.137763+00:00", "data": {"market": "0xe470a4c5214be85bba76e31586a6cae64d1847a0283af04ef0a9bece7fef1ed5", "price_changes": [{"asset_id": "96016509245679039193987671940572827318782050486969878144659404668738888398029", "price": "0.22", "size": "0", "side": "BUY", "hash": "bd18c9e5468ebb85d92eceee3c36dde3c1369b4d", "best_bid": "0.89", "best_ask": "0.91"}, {"asset_id": "10339072766729796193604876825555830287400741071776960336721025688179587218575", "price": "0.78", "size": "0", "side": "SELL", "hash": "6906b7c9c2b0e5806785867218cd423f551b9128", "best_bid": "0.09", "best_ask": "0.11"}], "timestamp": "1769384158066", "event_type": "price_change"}}
{"_local_timestamp": "2026-01-25T23:36:14.152293+00:00", "data": {"market": "0xe470a4c5214be85bba76e31586a6cae64d1847a0283af04ef0a9bece7fef1ed5", "price_changes": [{"asset_id": "10339072766729796193604876825555830287400741071776960336721025688179587218575", "price": "0.09", "size": "324", "side": "BUY", "hash": "1c4d30b0ca5b9f968137d767c05654523376ace5", "best_bid": "0.09", "best_ask": "0.11"}, {"asset_id": "96016509245679039193987671940572827318782050486969878144659404668738888398029", "price": "0.91", "size": "324", "side": "SELL", "hash": "2d2052b713ed5247c4797eb80c27e5ae13f88329", "best_bid": "0.89", "best_ask": "0.91"}], "timestamp": "1769384174077", "event_type": "price_change"}}
{"_local_timestamp": "2026-01-25T23:36:31.776481+00:00", "data": {"market": "0xe470a4c5214be85bba76e31586a6cae64d1847a0283af04ef0a9bece7fef1ed5", "price_changes": [{"asset_id": "10339072766729796193604876825555830287400741071776960336721025688179587218575", "price": "0.09", "size": "364.16", "side": "BUY", "hash": "4fe160d00601082aa7bed7f7c6eed21832e518fc", "best_bid": "0.09", "best_ask": "0.11"}, {"asset_id": "96016509245679039193987671940572827318782050486969878144659404668738888398029", "price": "0.91", "size": "364.16", "side": "SELL", "hash": "c4b06938602abc5633ca291eb63482a05126d118", "best_bid": "0.89", "best_ask": "0.91"}], "timestamp": "1769384191712", "event_type": "price_change"}}
{"_local_timestamp": "2026-01-25T23:36:31.789521+00:00", "data": {"market": "0xe470a4c5214be85bba76e31586a6cae64d1847a0283af04ef0a9bece7fef1ed5", "price_changes": [{"asset_id": "10339072766729796193604876825555830287400741071776960336721025688179587218575", "price": "0.09", "size": "404.32", "side": "BUY", "hash": "9a2eff5919403e0fe951ef05e3b45dac92e7c932", "best_bid": "0.09", "best_ask": "0.11"}, {"asset_id": "96016509245679039193987671940572827318782050486969878144659404668738888398029", "price": "0.91", "size": "404.32", "side": "SELL", "hash": "74e5eed7d676a0527770d9b6b222f2f351c8838b", "best_bid": "0.89", "best_ask": "0.91"}], "timestamp": "1769384191713", "event_type": "price_change"}}
{"_local_timestamp": "2026-01-25T23:36:31.790208+00:00", "data": {"market": "0xe470a4c5214be85bba76e31586a6cae64d1847a0283af04ef0a9bece7fef1ed5", "price_changes": [{"asset_id": "10339072766729796193604876825555830287400741071776960336721025688179587218575", "price": "0.09", "size": "444.48", "side": "BUY", "hash": "d5c836d73329dad09a6837963d17332a9d48dcc1", "best_bid": "0.09", "best_ask": "0.11"}, {"asset_id": "96016509245679039193987671940572827318782050486969878144659404668738888398029", "price": "0.91", "size": "444.48", "side": "SELL", "hash": "5d7e3bb2a4cb2fdea87f5058e6661ed267a0955a", "best_bid": "0.89", "best_ask": "0.91"}], "timestamp": "1769384191713", "event_type": "price_change"}}
{"_local_timestamp": "2026-01-25T23:36:31.790571+00:00", "data": {"market": "0xe470a4c5214be85bba76e31586a6cae64d1847a0283af04ef0a9bece7fef1ed5", "price_changes": [{"asset_id": "10339072766729796193604876825555830287400741071776960336721025688179587218575", "price": "0.09", "size": "484.64", "side": "BUY", "hash": "750b56b9c371c70c78f6f32ee030ea3f5fa4b9d2", "best_bid": "0.09", "best_ask": "0.11"}, {"asset_id": "96016509245679039193987671940572827318782050486969878144659404668738888398029", "price": "0.91", "size": "484.64", "side": "SELL", "hash": "34c8edb2cbc9d34f13b930f623db0cc13b8b4f8e", "best_bid": "0.89", "best_ask": "0.91"}], "timestamp": "1769384191714", "event_type": "price_change"}}
{"_local_timestamp": "2026-01-25T23:36:32.686008+00:00", "data": {"market": "0xe470a4c5214be85bba76e31586a6cae64d1847a0283af04ef0a9bece7fef1ed5", "price_changes": [{"asset_id": "96016509245679039193987671940572827318782050486969878144659404668738888398029", "price": "0.21", "size": "558", "side": "BUY", "hash": "4dd301416b6bbd7f21e55dca7588c5283a471755", "best_bid": "0.89", "best_ask": "0.91"}, {"asset_id": "10339072766729796193604876825555830287400741071776960336721025688179587218575", "price": "0.79", "size": "558", "side": "SELL", "hash": "bfbcec26dc031a1f757b3bab64968b57c42384d7", "best_bid": "0.09", "best_ask": "0.11"}], "timestamp": "1769384192606", "event_type": "price_change"}}
{"_local_timestamp": "2026-01-25T23:38:21.176623+00:00", "data": {"market": "0xe470a4c5214be85bba76e31586a6cae64d1847a0283af04ef0a9bece7fef1ed5", "price_changes": [{"asset_id": "96016509245679039193987671940572827318782050486969878144659404668738888398029", "price": "0.21", "size": "508", "side": "BUY", "hash": "33033c7990ecf1a5592c0619598b3cdc2064ddf0", "best_bid": "0.89", "best_ask": "0.91"}, {"asset_id": "10339072766729796193604876825555830287400741071776960336721025688179587218575", "price": "0.79", "size": "508", "side": "SELL", "hash": "2a2986ee490309a69b438a40875369795bc8dc54", "best_bid": "0.09", "best_ask": "0.11"}], "timestamp": "1769384301105", "event_type": "price_change"}}
{"_local_timestamp": "2026-01-25T23:38:21.652835+00:00", "data": {"market": "0xe470a4c5214be85bba76e31586a6cae64d1847a0283af04ef0a9bece7fef1ed5", "price_changes": [{"asset_id": "96016509245679039193987671940572827318782050486969878144659404668738888398029", "price": "0.2", "size": "250", "side": "BUY", "hash": "ff46ade6512b544f18c75b43c07f03ffa39f4622", "best_bid": "0.89", "best_ask": "0.91"}, {"asset_id": "10339072766729796193604876825555830287400741071776960336721025688179587218575", "price": "0.8", "size": "250", "side": "SELL", "hash": "95e32ec611ff94f65988cada328f50d26e299603", "best_bid": "0.09", "best_ask": "0.11"}], "timestamp": "1769384301476", "event_type": "price_change"}}
{"_local_timestamp": "2026-01-25T23:38:38.363806+00:00", "data": {"market": "0xe470a4c5214be85bba76e31586a6cae64d1847a0283af04ef0a9bece7fef1ed5", "price_changes": [{"asset_id": "96016509245679039193987671940572827318782050486969878144659404668738888398029", "price": "0.9", "size": "300", "side": "BUY", "hash": "b90b20bfbe39ca03f4df2172982dacdfad2ee9f5", "best_bid": "0.9", "best_ask": "0.91"}, {"asset_id": "10339072766729796193604876825555830287400741071776960336721025688179587218575", "price": "0.1", "size": "300", "side": "SELL", "hash": "e1fd0c996716902e90068450a84892642c1918eb", "best_bid": "0.09", "best_ask": "0.1"}], "timestamp": "1769384318295", "event_type": "price_change"}}
{"_local_timestamp": "2026-01-25T23:38:38.394112+00:00", "data": {"market": "0xe470a4c5214be85bba76e31586a6cae64d1847a0283af04ef0a9bece7fef1ed5", "price_changes": [{"asset_id": "96016509245679039193987671940572827318782050486969878144659404668738888398029", "price": "0.91", "size": "361.64", "side": "SELL", "hash": "3fe9972f02940a538b7c2361636533069d88e8e8", "best_bid": "0.9", "best_ask": "0.91"}, {"asset_id": "10339072766729796193604876825555830287400741071776960336721025688179587218575", "price": "0.09", "size": "361.64", "side": "BUY", "hash": "70da1a01c91e6c2b67e6aed7be5913ee3acaad7d", "best_bid": "0.09", "best_ask": "0.1"}], "timestamp": "1769384318318", "event_type": "price_change"}}
{"_local_timestamp": "2026-01-25T23:38:38.394556+00:00", "data": {"market": "0xe470a4c5214be85bba76e31586a6cae64d1847a0283af04ef0a9bece7fef1ed5", "price_changes": [{"asset_id": "96016509245679039193987671940572827318782050486969878144659404668738888398029", "price": "0.88", "size": "557.54", "side": "BUY", "hash": "3fe9972f02940a538b7c2361636533069d88e8e8", "best_bid": "0.9", "best_ask": "0.91"}, {"asset_id": "10339072766729796193604876825555830287400741071776960336721025688179587218575", "price": "0.12", "size": "557.54", "side": "SELL", "hash": "70da1a01c91e6c2b67e6aed7be5913ee3acaad7d", "best_bid": "0.09", "best_ask": "0.1"}], "timestamp": "1769384318318", "event_type": "price_change"}}
{"_local_timestamp": "2026-01-25T23:38:39.458590+00:00", "data": {"market": "0xe470a4c5214be85bba76e31586a6cae64d1847a0283af04ef0a9bece7fef1ed5", "price_changes": [{"asset_id": "96016509245679039193987671940572827318782050486969878144659404668738888398029", "price": "0.88", "size": "339.54", "side": "BUY", "hash": "cc9885a2f302d298061be12f08b3aabd7ad35746", "best_bid": "0.9", "best_ask": "0.91"}, {"asset_id": "10339072766729796193604876825555830287400741071776960336721025688179587218575", "price": "0.12", "size": "339.54", "side": "SELL", "hash": "c704a0ca28c9747929deada7c3b68a95b5cf8bf2", "best_bid": "0.09", "best_ask": "0.1"}], "timestamp": "1769384319394", "event_type": "price_change"}}
{"_local_timestamp": "2026-01-25T23:38:39.601900+00:00", "data": {"market": "0xe470a4c5214be85bba76e31586a6cae64d1847a0283af04ef0a9bece7fef1ed5", "price_changes": [{"asset_id": "96016509245679039193987671940572827318782050486969878144659404668738888398029", "price": "0.88", "size": "239.54", "side": "BUY", "hash": "be9e04292d31ec818ab05f2acdee595f7d16a9b1", "best_bid": "0.9", "best_ask": "0.91"}, {"asset_id": "10339072766729796193604876825555830287400741071776960336721025688179587218575", "price": "0.12", "size": "239.54", "side": "SELL", "hash": "d9c3d6acfca0bf9bdbc58211d668781be278dad2", "best_bid": "0.09", "best_ask": "0.1"}], "timestamp": "1769384319528", "event_type": "price_change"}}
{"_local_timestamp": "2026-01-25T23:38:39.645219+00:00", "data": {"market": "0xe470a4c5214be85bba76e31586a6cae64d1847a0283af04ef0a9bece7fef1ed5", "price_changes": [{"asset_id": "96016509245679039193987671940572827318782050486969878144659404668738888398029", "price": "0.87", "size": "680.74", "side": "BUY", "hash": "08df724d963d0a87b4fa59b135b6ec5b538727e4", "best_bid": "0.9", "best_ask": "0.91"}, {"asset_id": "10339072766729796193604876825555830287400741071776960336721025688179587218575", "price": "0.13", "size": "680.74", "side": "SELL", "hash": "b07e78f4e3f4fa4b7c6c0fc22b47c9960d432fab", "best_bid": "0.09", "best_ask": "0.1"}], "timestamp": "1769384319571", "event_type": "price_change"}}
{"_local_timestamp": "2026-01-25T23:38:39.688488+00:00", "data": {"market": "0xe470a4c5214be85bba76e31586a6cae64d1847a0283af04ef0a9bece7fef1ed5", "price_changes": [{"asset_id": "96016509245679039193987671940572827318782050486969878144659404668738888398029", "price": "0.89", "size": "418.99", "side": "BUY", "hash": "ae2a1a5f8826181bb2bed8d52f7b5aaf3a5a9cca", "best_bid": "0.9", "best_ask": "0.91"}, {"asset_id": "10339072766729796193604876825555830287400741071776960336721025688179587218575", "price": "0.11", "size": "418.99", "side": "SELL", "hash": "c57c831c058431fda6374a6383efd5746b9ee9e9", "best_bid": "0.09", "best_ask": "0.1"}], "timestamp": "1769384319623", "event_type": "price_change"}}
{"_local_timestamp": "2026-01-25T23:38:54.361266+00:00", "data": {"market": "0xe470a4c5214be85bba76e31586a6cae64d1847a0283af04ef0a9bece7fef1ed5", "price_changes": [{"asset_id": "96016509245679039193987671940572827318782050486969878144659404668738888398029", "price": "0.9", "size": "250", "side": "BUY", "hash": "429e0de314d3b4ed6d50c184f9b000f2da7a08cd", "best_bid": "0.9", "best_ask": "0.91"}, {"asset_id": "10339072766729796193604876825555830287400741071776960336721025688179587218575", "price": "0.1", "size": "250", "side": "SELL", "hash": "13e4a30b368c8a2681bf34c4f3acd4873dfa69be", "best_bid": "0.09", "best_ask": "0.1"}], "timestamp": "1769384334294", "event_type": "price_change"}}
{"_local_timestamp": "2026-01-25T23:38:54.371574+00:00", "data": {"market": "0xe470a4c5214be85bba76e31586a6cae64d1847a0283af04ef0a9bece7fef1ed5", "asset_id": "10339072766729796193604876825555830287400741071776960336721025688179587218575", "bids": [{"price": "0.01", "size": "650"}, {"price": "0.02", "size": "557.39"}, {"price": "0.03", "size": "13.39"}, {"price": "0.04", "size": "83.91"}, {"price": "0.05", "size": "321.88"}, {"price": "0.06", "size": "17.5"}, {"price": "0.07", "size": "300.87"}, {"price": "0.08", "size": "1418"}, {"price": "0.09", "size": "361.64"}], "asks": [{"price": "0.99", "size": "4409.69"}, {"price": "0.98", "size": "2400"}, {"price": "0.97", "size": "10.12"}, {"price": "0.95", "size": "1300"}, {"price": "0.94", "size": "33"}, {"price": "0.92", "size": "550"}, {"price": "0.91", "size": "6.66"}, {"price": "0.8", "size": "250"}, {"price": "0.79", "size": "508"}, {"price": "0.73", "size": "50"}, {"price": "0.66", "size": "50"}, {"price": "0.5", "size": "165"}, {"price": "0.4", "size": "100"}, {"price": "0.39", "size": "900"}, {"price": "0.38", "size": "189"}, {"price": "0.25", "size": "13.66"}, {"price": "0.2", "size": "50"}, {"price": "0.18", "size": "91.1"}, {"price": "0.15", "size": "500"}, {"price": "0.14", "size": "410"}, {"price": "0.13", "size": "680.74"}, {"price": "0.12", "size": "239.54"}, {"price": "0.11", "size": "418.99"}, {"price": "0.1", "size": "250"}], "hash": "13e4a30b368c8a2681bf34c4f3acd4873dfa69be", "timestamp": "1769384334294", "event_type": "book"}}
{"_local_timestamp": "2026-01-25T23:38:54.372076+00:00", "data": {"market": "0xe470a4c5214be85bba76e31586a6cae64d1847a0283af04ef0a9bece7fef1ed5", "asset_id": "96016509245679039193987671940572827318782050486969878144659404668738888398029", "bids": [{"price": "0.01", "size": "4409.69"}, {"price": "0.02", "size": "2400"}, {"price": "0.03", "size": "10.12"}, {"price": "0.05", "size": "1300"}, {"price": "0.06", "size": "33"}, {"price": "0.08", "size": "550"}, {"price": "0.09", "size": "6.66"}, {"price": "0.2", "size": "250"}, {"price": "0.21", "size": "508"}, {"price": "0.27", "size": "50"}, {"price": "0.34", "size": "50"}, {"price": "0.5", "size": "165"}, {"price": "0.6", "size": "100"}, {"price": "0.61", "size": "900"}, {"price": "0.62", "size": "189"}, {"price": "0.75", "size": "13.66"}, {"price": "0.8", "size": "50"}, {"price": "0.82", "size": "91.1"}, {"price": "0.85", "size": "500"}, {"price": "0.86", "size": "410"}, {"price": "0.87", "size": "680.74"}, {"price": "0.88", "size": "239.54"}, {"price": "0.89", "size": "418.99"}, {"price": "0.9", "size": "250"}], "asks": [{"price": "0.99", "size": "650"}, {"price": "0.98", "size": "557.39"}, {"price": "0.97", "size": "13.39"}, {"price": "0.96", "size": "83.91"}, {"price": "0.95", "size": "321.88"}, {"price": "0.94", "size": "17.5"}, {"price": "0.93", "size": "300.87"}, {"price": "0.92", "size": "1418"}, {"price": "0.91", "size": "361.64"}], "hash": "429e0de314d3b4ed6d50c184f9b000f2da7a08cd", "timestamp": "1769384334294", "event_type": "book"}}
{"_local_timestamp": "2026-01-25T23:38:54.401228+00:00", "data": {"market": "0xe470a4c5214be85bba76e31586a6cae64d1847a0283af04ef0a9bece7fef1ed5", "asset_id": "10339072766729796193604876825555830287400741071776960336721025688179587218575", "price": "0.1", "size": "50", "fee_rate_bps": "0", "side": "BUY", "timestamp": "1769384334328", "event_type": "last_trade_price", "transaction_hash": "0x8e805ece2fbb7973103663c7a3461331c2903c0cb30ac00184f5997b63f27397"}}
{"_local_timestamp": "2026-01-25T23:38:54.584209+00:00", "data": {"market": "0xe470a4c5214be85bba76e31586a6cae64d1847a0283af04ef0a9bece7fef1ed5", "price_changes": [{"asset_id": "96016509245679039193987671940572827318782050486969878144659404668738888398029", "price": "0.94", "size": "140.5", "side": "SELL", "hash": "fc496c20963967728f732a32523bc45dd4d175f0", "best_bid": "0.9", "best_ask": "0.91"}, {"asset_id": "10339072766729796193604876825555830287400741071776960336721025688179587218575", "price": "0.06", "size": "140.5", "side": "BUY", "hash": "55a4dc443067eca5e637bc6012d6ddb58e71bb49", "best_bid": "0.09", "best_ask": "0.1"}], "timestamp": "1769384334514", "event_type": "price_change"}}
{"_local_timestamp": "2026-01-25T23:38:54.606415+00:00", "data": {"market": "0xe470a4c5214be85bba76e31586a6cae64d1847a0283af04ef0a9bece7fef1ed5", "price_changes": [{"asset_id": "10339072766729796193604876825555830287400741071776960336721025688179587218575", "price": "0.11", "size": "556.99", "side": "SELL", "hash": "01f2ab355a4f0fcd082cc46029f7b890a33150c3", "best_bid": "0.09", "best_ask": "0.1"}, {"asset_id": "96016509245679039193987671940572827318782050486969878144659404668738888398029", "price": "0.89", "size": "556.99", "side": "BUY", "hash": "175f972ad6296b9bad56de3325d1cdf68b100acd", "best_bid": "0.9", "best_ask": "0.91"}], "timestamp": "1769384334534", "event_type": "price_change"}}
{"_local_timestamp": "2026-01-25T23:38:56.606057+00:00", "data": {"market": "0xe470a4c5214be85bba76e31586a6cae64d1847a0283af04ef0a9bece7fef1ed5", "price_changes": [{"asset_id": "10339072766729796193604876825555830287400741071776960336721025688179587218575", "price": "0.08", "size": "1200", "side": "BUY", "hash": "9717d96b77a030b3ad1aae7f5ada728bd7d0dd85", "best_bid": "0.09", "best_ask": "0.1"}, {"asset_id": "96016509245679039193987671940572827318782050486969878144659404668738888398029", "price": "0.92", "size": "1200", "side": "SELL", "hash": "8aa5ac1ae3bb94b7358fbfcb455d4d600a4bc5a4", "best_bid": "0.9", "best_ask": "0.91"}], "timestamp": "1769384336537", "event_type": "price_change"}}
{"_local_timestamp": "2026-01-25T23:38:56.823564+00:00", "data": {"market": "0xe470a4c5214be85bba76e31586a6cae64d1847a0283af04ef0a9bece7fef1ed5", "price_changes": [{"asset_id": "96016509245679039193987671940572827318782050486969878144659404668738888398029", "price": "0.89", "size": "338.99", "side": "BUY", "hash": "ca55c992acd8726338ff620f02bdad724eac2854", "best_bid": "0.9", "best_ask": "0.91"}, {"asset_id": "10339072766729796193604876825555830287400741071776960336721025688179587218575", "price": "0.11", "size": "338.99", "side": "SELL", "hash": "1f3f317a1160d8258162f8541c342daa899bf37d", "best_bid": "0.09", "best_ask": "0.1"}], "timestamp": "1769384336756", "event_type": "price_change"}}
{"_local_timestamp": "2026-01-25T23:39:20.418221+00:00", "data": {"market": "0xe470a4c5214be85bba76e31586a6cae64d1847a0283af04ef0a9bece7fef1ed5", "price_changes": [{"asset_id": "96016509245679039193987671940572827318782050486969878144659404668738888398029", "price": "0.21", "size": "9", "side": "BUY", "hash": "b0691e52738c217460a471518ad4da7671e938c3", "best_bid": "0.9", "best_ask": "0.91"}, {"asset_id": "10339072766729796193604876825555830287400741071776960336721025688179587218575", "price": "0.79", "size": "9", "side": "SELL", "hash": "66246f9c685e84efb599f73db6ffb082c1e47934", "best_bid": "0.09", "best_ask": "0.1"}], "timestamp": "1769384360331", "event_type": "price_change"}}
{"_local_timestamp": "2026-01-25T23:39:20.598758+00:00", "data": {"market": "0xe470a4c5214be85bba76e31586a6cae64d1847a0283af04ef0a9bece7fef1ed5", "price_changes": [{"asset_id": "10339072766729796193604876825555830287400741071776960336721025688179587218575", "price": "0.11", "size": "200.99", "side": "SELL", "hash": "8d2017820bbede9ae78a480b1657f1a5aafcdc8d", "best_bid": "0.09", "best_ask": "0.1"}, {"asset_id": "96016509245679039193987671940572827318782050486969878144659404668738888398029", "price": "0.89", "size": "200.99", "side": "BUY", "hash": "975a49c0c8e987996ad55eb2f5e74146630af178", "best_bid": "0.9", "best_ask": "0.91"}], "timestamp": "1769384360371", "event_type": "price_change"}}
{"_local_timestamp": "2026-01-25T23:39:20.623319+00:00", "data": {"market": "0xe470a4c5214be85bba76e31586a6cae64d1847a0283af04ef0a9bece7fef1ed5", "price_changes": [{"asset_id": "10339072766729796193604876825555830287400741071776960336721025688179587218575", "price": "0.11", "size": "336.99", "side": "SELL", "hash": "4e1711a3bbfee996fa668f74f4590ca0a21a3703", "best_bid": "0.09", "best_ask": "0.1"}, {"asset_id": "96016509245679039193987671940572827318782050486969878144659404668738888398029", "price": "0.89", "size": "336.99", "side": "BUY", "hash": "75282c335c346d1e211b2ec9ac81307846c1d2d4", "best_bid": "0.9", "best_ask": "0.91"}], "timestamp": "1769384360396", "event_type": "price_change"}}
