{"_local_timestamp": "2026-01-25T23:40:49.570138+00:00", "data": [{"market": "0x7b5c576ee07b4e95934b114634af0b8c7002cdced133e4d03db8fdb5dad7efc9", "asset_id": "58522802851851118793855155558916400893498205325121134941799318021764167337515", "timestamp": "1769384446006", "hash": "89e8dc81dc3769e502939dbd6f1101743bd765a6", "bids": [{"price": "0.01", "size": "118100"}, {"price": "0.02", "size": "15407.77"}, {"price": "0.03", "size": "500"}, {"price": "0.04", "size": "3256.69"}, {"price": "0.05", "size": "905"}, {"price": "0.06", "size": "250"}, {"price": "0.07", "size": "185.71"}, {"price": "0.08", "size": "7.2"}, {"price": "0.13", "size": "100"}, {"price": "0.14", "size": "148.57"}, {"price": "0.16", "size": "4138.89"}, {"price": "0.18", "size": "2066"}, {"price": "0.19", "size": "4972.9"}, {"price": "0.2", "size": "1919.45"}, {"price": "0.21", "size": "186.28"}], "asks": [{"price": "0.99", "size": "5114.79"}, {"price": "0.98", "size": "2200"}, {"price": "0.97", "size": "27.03"}, {"price": "0.92", "size": "1150"}, {"price": "0.91", "size": "7.34"}, {"price": "0.88", "size": "833.33"}, {"price": "0.84", "size": "200"}, {"price": "0.82", "size": "1338"}, {"price": "0.8", "size": "340"}, {"price": "0.79", "size": "100"}, {"price": "0.78", "size": "1908"}, {"price": "0.77", "size": "100"}, {"price": "0.76", "size": "108.33"}, {"price": "0.75", "size": "350"}, {"price": "0.74", "size": "7"}, {"price": "0.72", "size": "185.71"}, {"price": "0.68", "size": "62.5"}, {"price": "0.65", "size": "200"}, {"price": "0.59", "size": "160"}, {"price": "0.49", "size": "75"}, {"price": "0.36", "size": "146.45"}, {"price": "0.35", "size": "11"}, {"price": "0.32", "size": "18"}, {"price": "0.31", "size": "15.94"}, {"price": "0.3", "size": "140.57"}, {"price": "0.29", "size": "11"}, {"price": "0.27", "size": "500"}, {"price": "0.26", "size": "521"}, {"price": "0.25", "size": "700"}, {"price": "0.24", "size": "1350"}, {"price": "0.23", "size": "329.74"}], "event_type": "book", "last_trade_price": "0.210"}, {"market": "0x7b5c576ee07b4e95934b114634af0b8c7002cdced133e4d03db8fdb5dad7efc9", "asset_id": "97336036946990892589126446221607202585647626122722486163761162882902175162098", "timestamp": "1769384446006", "hash": "70e059434cd7662e342192615f19e37d3b7cbc0d", "bids": [{"price": "0.01", "size": "5114.79"}, {"price": "0.02", "size": "2200"}, {"price": "0.03", "size": "27.03"}, {"price": "0.08", "size": "1150"}, {"price": "0.09", "size": "7.34"}, {"price": "0.12", "size": "833.33"}, {"price": "0.16", "size": "200"}, {"price": "0.18", "size": "1338"}, {"price": "0.2", "size": "340"}, {"price": "0.21", "size": "100"}, {"price": "0.22", "size": "1908"}, {"price": "0.23", "size": "100"}, {"price": "0.24", "size": "108.33"}, {"price": "0.25", "size": "350"}, {"price": "0.26", "size": "7"}, {"price": "0.28", "size": "185.71"}, {"price": "0.32", "size": "62.5"}, {"price": "0.35", "size": "200"}, {"price": "0.41", "size": "160"}, {"price": "0.51", "size": "75"}, {"price": "0.64", "size": "146.45"}, {"price": "0.65", "size": "11"}, {"price": "0.68", "size": "18"}, {"price": "0.69", "size": "15.94"}, {"price": "0.7", "size": "140.57"}, {"price": "0.71", "size": "11"}, {"price": "0.73", "size": "500"}, {"price": "0.74", "size": "521"}, {"price": "0.75", "size": "700"}, {"price": "0.76", "size": "1350"}, {"price": "0.77", "size": "329.74"}], "asks": [{"price": "0.99", "size": "118100"}, {"price": "0.98", "size": "15407.77"}, {"price": "0.97", "size": "500"}, {"price": "0.96", "size": "3256.69"}, {"price": "0.95", "size": "905"}, {"price": "0.94", "size": "250"}, {"price": "0.93", "size": "185.71"}, {"price": "0.92", "size": "7.2"}, {"price": "0.87", "size": "100"}, {"price": "0.86", "size": "148.57"}, {"price": "0.84", "size": "4138.89"}, {"price": "0.82", "size": "2066"}, {"price": "0.81", "size": "4972.9"}, {"price": "0.8", "size": "1919.45"}, {"price": "0.79", "size": "186.28"}], "event_type": "book", "last_trade_price": "0.210"}]}
{"_local_timestamp": "2026-01-25T23:40:51.629146+00:00", "data": {"market": "0x7b5c576ee07b4e95934b114634af0b8c7002cdced133e4d03db8fdb5dad7efc9", "price_changes": [{"asset_id": "58522802851851118793855155558916400893498205325121134941799318021764167337515", "price": "0.05", "size": "8245", "side": "BUY", "hash": "def11e8fe9dabe304ddaacd0d518c9255ceccaca", "best_bid": "0.21", "best_ask": "0.23"}, {"asset_id": "97336036946990892589126446221607202585647626122722486163761162882902175162098", "price": "0.95", "size": "8245", "side": "SELL", "hash": "939bb44b551b10253ae592080d3d2c26b6e67543", "best_bid": "0.77", "best_ask": "0.79"}], "timestamp": "1769384451563", "event_type": "price_change"}}
{"_local_timestamp": "2026-01-25T23:40:51.629622+00:00", "data": {"market": "0x7b5c576ee07b4e95934b114634af0b8c7002cdced133e4d03db8fdb5dad7efc9", "price_changes": [{"asset_id": "58522802851851118793855155558916400893498205325121134941799318021764167337515", "price": "0.19", "size": "5072.9", "side": "BUY", "hash": "2e276cf4e00c5bdfff91d664ce70f3b79c191a07", "best_bid": "0.21", "best_ask": "0.23"}, {"asset_id": "97336036946990892589126446221607202585647626122722486163761162882902175162098", "price": "0.81", "size": "5072.9", "side": "SELL", "hash": "33fd15817e9ee26e91fa596bd8e75aa1da074d32", "best_bid": "0.77", "best_ask": "0.79"}], "timestamp": "1769384451563", "event_type": "price_change"}}
{"_local_timestamp": "2026-01-25T23:40:51.629941+00:00", "data": {"market": "0x7b5c576ee07b4e95934b114634af0b8c7002cdced133e4d03db8fdb5dad7efc9", "price_changes": [{"asset_id": "58522802851851118793855155558916400893498205325121134941799318021764167337515", "price": "0.18", "size": "2583", "side": "BUY", "hash": "15aaf50cd55a2585940a6e895b371d7ee4311129", "best_bid": "0.21", "best_ask": "0.23"}, {"asset_id": "97336036946990892589126446221607202585647626122722486163761162882902175162098", "price": "0.82", "size": "2583", "side": "SELL", "hash": "029152db4532bb24097dad3ba46503fc3d6500a5", "best_bid": "0.77", "best_ask": "0.79"}], "timestamp": "1769384451564", "event_type": "price_change"}}
{"_local_timestamp": "2026-01-25T23:40:51.630215+00:00", "data": {"market": "0x7b5c576ee07b4e95934b114634af0b8c7002cdced133e4d03db8fdb5dad7efc9", "price_changes": [{"asset_id": "58522802851851118793855155558916400893498205325121134941799318021764167337515", "price": "0.16", "size": "5287.89", "side": "BUY", "hash": "fb70bbeee25ffa7fe820dec0527e3926166925a3", "best_bid": "0.21", "best_ask": "0.23"}, {"asset_id": "97336036946990892589126446221607202585647626122722486163761162882902175162098", "price": "0.84", "size": "5287.89", "side": "SELL", "hash": "92a18aa58d0da32f6433b48656bb3db13c8df99f", "best_bid": "0.77", "best_ask": "0.79"}], "timestamp": "1769384451565", "event_type": "price_change"}}
{"_local_timestamp": "2026-01-25T23:40:58.851642+00:00", "data": {"market": "0x7b5c576ee07b4e95934b114634af0b8c7002cdced133e4d03db8fdb5dad7efc9", "price_changes": [{"asset_id": "58522802851851118793855155558916400893498205325121134941799318021764167337515", "price": "0.25", "size": "944.9", "side": "SELL", "hash": "405a30eb04fa49f5ac8ddb7a2c124321351de429", "best_bid": "0.21", "best_ask": "0.23"}, {"asset_id": "97336036946990892589126446221607202585647626122722486163761162882902175162098", "price": "0.75", "size": "944.9", "side": "BUY", "hash": "d500601c27ee53f02b15646a07ea691bd17951b0", "best_bid": "0.77", "best_ask": "0.79"}], "timestamp": "1769384458784", "event_type": "price_change"}}
{"_local_timestamp": "2026-01-25T23:41:06.516812+00:00", "data": {"market": "0x7b5c576ee07b4e95934b114634af0b8c7002cdced133e4d03db8fdb5dad7efc9", "price_changes": [{"asset_id": "58522802851851118793855155558916400893498205325121134941799318021764167337515", "price": "0.23", "size": "226.65", "side": "SELL", "hash": "213011aea0eb160ca9cec05a36f9c6d93388ba55", "best_bid": "0.21", "best_ask": "0.23"}, {"asset_id": "97336036946990892589126446221607202585647626122722486163761162882902175162098", "price": "0.77", "size": "226.65", "side": "BUY", "hash": "5c83feca48c44a5b63f413648d51f6f5edcb2cd0", "best_bid": "0.77", "best_ask": "0.79"}], "timestamp": "1769384466196", "event_type": "price_change"}}
{"_local_timestamp": "2026-01-25T23:41:06.629625+00:00", "data": {"market": "0x7b5c576ee07b4e95934b114634af0b8c7002cdced133e4d03db8fdb5dad7efc9", "price_changes": [{"asset_id": "97336036946990892589126446221607202585647626122722486163761162882902175162098", "price": "0.75", "size": "844.9", "side": "BUY", "hash": "0dd6ae1c061fb2499aa8f39e420f8a31e5520d54", "best_bid": "0.77", "best_ask": "0.79"}, {"asset_id": "58522802851851118793855155558916400893498205325121134941799318021764167337515", "price": "0.25", "size": "844.9", "side": "SELL", "hash": "eeac8c3f0786fdacc22952d3d0520884b8d274fb", "best_bid": "0.21", "best_ask": "0.23"}], "timestamp": "1769384466200", "event_type": "price_change"}}
{"_local_timestamp": "2026-01-25T23:41:08.229393+00:00", "data": {"market": "0x7b5c576ee07b4e95934b114634af0b8c7002cdced133e4d03db8fdb5dad7efc9", "price_changes": [{"asset_id": "58522802851851118793855155558916400893498205325121134941799318021764167337515", "price": "0.23", "size": "329.74", "side": "SELL", "hash": "0d5376d2bca1e40aa7542b52cb3109c17fc9aa3b", "best_bid": "0.21", "best_ask": "0.23"}, {"asset_id": "97336036946990892589126446221607202585647626122722486163761162882902175162098", "price": "0.77", "size": "329.74", "side": "BUY", "hash": "f5d768f8a3b285b2d88106fb450b9aab5434cee6", "best_bid": "0.77", "best_ask": "0.79"}], "timestamp": "1769384468159", "event_type": "price_change"}}
{"_local_timestamp": "2026-01-25T23:41:14.656313+00:00", "data": {"market": "0x7b5c576ee07b4e95934b114634af0b8c7002cdced133e4d03db8fdb5dad7efc9", "price_changes": [{"asset_id": "97336036946990892589126446221607202585647626122722486163761162882902175162098", "price": "0.22", "size": "0", "side": "BUY", "hash": "8fa94c66af47c063c4941221946b26119f61a68f", "best_bid": "0.77", "best_ask": "0.79"}, {"asset_id": "58522802851851118793855155558916400893498205325121134941799318021764167337515", "price": "0.78", "size": "0", "side": "SELL", "hash": "71fef59132b725038d1bf4a8ce91a66c93e8040e", "best_bid": "0.21", "best_ask": "0.23"}], "timestamp": "1769384474531", "event_type": "price_change"}}
{"_local_timestamp": "2026-01-25T23:41:15.107384+00:00", "data": {"market": "0x7b5c576ee07b4e95934b114634af0b8c7002cdced133e4d03db8fdb5dad7efc9", "price_changes": [{"asset_id": "58522802851851118793855155558916400893498205325121134941799318021764167337515", "price": "0.25", "size": "600", "side": "SELL", "hash": "05be7ab55883fa0b11014a8c4873871967ce38bd", "best_bid": "0.21", "best_ask": "0.23"}, {"asset_id": "97336036946990892589126446221607202585647626122722486163761162882902175162098", "price": "0.75", "size": "600", "side": "BUY", "hash": "d5a91d1845e7dd9e8a35e6386f6d627ce3deadfb", "best_bid": "0.77", "best_ask": "0.79"}], "timestamp": "1769384475033", "event_type": "price_change"}}
{"_local_timestamp": "2026-01-25T23:41:17.606822+00:00", "data": {"market": "0x7b5c576ee07b4e95934b114634af0b8c7002cdced133e4d03db8fdb5dad7efc9", "price_changes": [{"asset_id": "58522802851851118793855155558916400893498205325121134941799318021764167337515", "price": "0.25", "size": "742.51", "side": "SELL", "hash": "10b3133f6b74c75329bc54059aa087111c762a5f", "best_bid": "0.21", "best_ask": "0.23"}, {"asset_id": "97336036946990892589126446221607202585647626122722486163761162882902175162098", "price": "0.75", "size": "742.51", "side": "BUY", "hash": "8f6395a967725c01a13b4fc9a5a14cdab081d856", "best_bid": "0.77", "best_ask": "0.79"}], "timestamp": "1769384477535", "event_type": "price_change"}}
{"_local_timestamp": "2026-01-25T23:41:20.040879+00:00", "data": {"market": "0x7b5c576ee07b4e95934b114634af0b8c7002cdced133e4d03db8fdb5dad7efc9", "price_changes": [{"asset_id": "58522802851851118793855155558916400893498205325121134941799318021764167337515", "price": "0.26", "size": "623.38", "side": "SELL", "hash": "e321d8bfb45d7e314a6f7f30eb7c8a3cec4e7948", "best_bid": "0.21", "best_ask": "0.23"}, {"asset_id": "97336036946990892589126446221607202585647626122722486163761162882902175162098", "price": "0.74", "size": "623.38", "side": "BUY", "hash": "cf1c798472988e050bb1182a29ab0bee0765596e", "best_bid": "0.77", "best_ask": "0.79"}], "timestamp": "1769384479973", "event_type": "price_change"}}
{"_local_timestamp": "2026-01-25T23:41:25.963446+00:00", "data": {"market": "0x7b5c576ee07b4e95934b114634af0b8c7002cdced133e4d03db8fdb5dad7efc9", "price_changes": [{"asset_id": "58522802851851118793855155558916400893498205325121134941799318021764167337515", "price": "0.25", "size": "600", "side": "SELL", "hash": "e80ec1be9fefd4ed0d7fa938164f9f81810dfccc", "best_bid": "0.21", "best_ask": "0.23"}, {"asset_id": "97336036946990892589126446221607202585647626122722486163761162882902175162098", "price": "0.75", "size": "600", "side": "BUY", "hash": "ac2a39bb21878453221112733f275a008fe9c146", "best_bid": "0.77", "best_ask": "0.79"}], "timestamp": "1769384485885", "event_type": "price_change"}}
{"_local_timestamp": "2026-01-25T23:41:25.967517+00:00", "data": {"market": "0x7b5c576ee07b4e95934b114634af0b8c7002cdced133e4d03db8fdb5dad7efc9", "price_changes": [{"asset_id": "58522802851851118793855155558916400893498205325121134941799318021764167337515", "price": "0.26", "size": "521", "side": "SELL", "hash": "e80ec1be9fefd4ed0d7fa938164f9f81810dfccc", "best_bid": "0.21", "best_ask": "0.23"}, {"asset_id": "97336036946990892589126446221607202585647626122722486163761162882902175162098", "price": "0.74", "size": "521", "side": "BUY", "hash": "ac2a39bb21878453221112733f275a008fe9c146", "best_bid": "0.77", "best_ask": "0.79"}], "timestamp": "1769384485885", "event_type": "price_change"}}
{"_local_timestamp": "2026-01-25T23:41:38.077480+00:00", "data": {"market": "0x7b5c576ee07b4e95934b114634af0b8c7002cdced133e4d03db8fdb5dad7efc9", "price_changes": [{"asset_id": "58522802851851118793855155558916400893498205325121134941799318021764167337515", "price": "0.19", "size": "5061.9", "side": "BUY", "hash": "92f578c9081f01f3a1b50e52bf6d7f4297c1c5aa", "best_bid": "0.21", "best_ask": "0.23"}, {"asset_id": "97336036946990892589126446221607202585647626122722486163761162882902175162098", "price": "0.81", "size": "5061.9", "side": "SELL", "hash": "565819a221cb20e151da6f5679130347705418ec", "best_bid": "0.77", "best_ask": "0.79"}], "timestamp": "1769384498000", "event_type": "price_change"}}
{"_local_timestamp": "2026-01-25T23:41:39.973251+00:00", "data": {"market": "0x7b5c576ee07b4e95934b114634af0b8c7002cdced133e4d03db8fdb5dad7efc9", "price_changes": [{"asset_id": "58522802851851118793855155558916400893498205325121134941799318021764167337515", "price": "0.19", "size": "5072.9", "side": "BUY", "hash": "0d951374c6f2007459195d965d98cf95485c5aba", "best_bid": "0.21", "best_ask": "0.23"}, {"asset_id": "97336036946990892589126446221607202585647626122722486163761162882902175162098", "price": "0.81", "size": "5072.9", "side": "SELL", "hash": "029b631db9ee64d77a8642fe4eb145ca419c1ad5", "best_bid": "0.77", "best_ask": "0.79"}], "timestamp": "1769384499870", "event_type": "price_change"}}
{"_local_timestamp": "2026-01-25T23:41:48.147277+00:00", "data": {"market": "0x7b5c576ee07b4e95934b114634af0b8c7002cdced133e4d03db8fdb5dad7efc9", "price_changes": [{"asset_id": "97336036946990892589126446221607202585647626122722486163761162882902175162098", "price": "0.75", "size": "700", "side": "BUY", "hash": "57a0fd11463e4bf2c31241d82f5b3eb070e3f697", "best_bid": "0.77", "best_ask": "0.79"}, {"asset_id": "58522802851851118793855155558916400893498205325121134941799318021764167337515", "price": "0.25", "size": "700", "side": "SELL", "hash": "ec307ab01bd1cf8d75ff0042976dee4eb119bbd0", "best_bid": "0.21", "best_ask": "0.23"}], "timestamp": "1769384508056", "event_type": "price_change"}}
{"_local_timestamp": "2026-01-25T23:41:50.949888+00:00", "data": {"market": "0x7b5c576ee07b4e95934b114634af0b8c7002cdced133e4d03db8fdb5dad7efc9", "price_changes": [{"asset_id": "97336036946990892589126446221607202585647626122722486163761162882902175162098", "price": "0.23", "size": "0", "side": "BUY", "hash": "d7133afcf6561d6f0778e99cd6026cb4b77cadf9", "best_bid": "0.77", "best_ask": "0.79"}, {"asset_id": "58522802851851118793855155558916400893498205325121134941799318021764167337515", "price": "0.77", "size": "0", "side": "SELL", "hash": "45546656b15491a252297ce1448b028bb471ed67", "best_bid": "0.21", "best_ask": "0.23"}], "timestamp": "1769384510759", "event_type": "price_change"}}
{"_local_timestamp": "2026-01-25T23:41:52.734129+00:00", "data": {"market": "0x7b5c576ee07b4e95934b114634af0b8c7002cdced133e4d03db8fdb5dad7efc9", "price_changes": [{"asset_id": "97336036946990892589126446221607202585647626122722486163761162882902175162098", "price": "0.25", "size": "450", "side": "BUY", "hash": "4a04ec9c559da4b0a04a13c6f9d1289b995a7bd9", "best_bid": "0.77", "best_ask": "0.79"}, {"asset_id": "58522802851851118793855155558916400893498205325121134941799318021764167337515", "price": "0.75", "size": "450", "side": "SELL", "hash": "4a1aa7eaec01fc4834ca202d667167a226f15675", "best_bid": "0.21", "best_ask": "0.23"}], "timestamp": "1769384511769", "event_type": "price_change"}}
{"_local_timestamp": "2026-01-25T23:41:56.015424+00:00", "data": {"market": "0x7b5c576ee07b4e95934b114634af0b8c7002cdced133e4d03db8fdb5dad7efc9", "price_changes": [{"asset_id": "58522802851851118793855155558916400893498205325121134941799318021764167337515", "price": "0.26", "size": "765.9", "side": "SELL", "hash": "5c1452d8b0c60b0f87668c3a081250b20cf5789e", "best_bid": "0.21", "best_ask": "0.23"}, {"asset_id": "97336036946990892589126446221607202585647626122722486163761162882902175162098", "price": "0.74", "size": "765.9", "side": "BUY", "hash": "6f5ad6daf767e33acf8e7790db2496f2f4062ad6", "best_bid": "0.77", "best_ask": "0.79"}], "timestamp": "1769384515944", "event_type": "price_change"}}
{"_local_timestamp": "2026-01-25T23:42:06.608104+00:00", "data": {"market": "0x7b5c576ee07b4e95934b114634af0b8c7002cdced133e4d03db8fdb5dad7efc9", "price_changes": [{"asset_id": "97336036946990892589126446221607202585647626122722486163761162882902175162098", "price": "0.21", "size": "2098", "side": "BUY", "hash": "8671843871831a27919515b7b2983258cd26afea", "best_bid": "0.77", "best_ask": "0.79"}, {"asset_id": "58522802851851118793855155558916400893498205325121134941799318021764167337515", "price": "0.79", "size": "2098", "side": "SELL", "hash": "5916f77c3255f6677451c35aeece0f172591c91d", "best_bid": "0.21", "best_ask": "0.23"}], "timestamp": "1769384526536", "event_type": "price_change"}}
{"_local_timestamp": "2026-01-25T23:42:24.739497+00:00", "data": {"market": "0x7b5c576ee07b4e95934b114634af0b8c7002cdced133e4d03db8fdb5dad7efc9", "price_changes": [{"asset_id": "97336036946990892589126446221607202585647626122722486163761162882902175162098", "price": "0.21", "size": "2048", "side": "BUY", "hash": "ae8e13b063876c92b3a3908f6c759c08e482e964", "best_bid": "0.77", "best_ask": "0.79"}, {"asset_id": "58522802851851118793855155558916400893498205325121134941799318021764167337515", "price": "0.79", "size": "2048", "side": "SELL", "hash": "62c95e28bc8a052eb4ccbb3ff6a94fec4beb71bb", "best_bid": "0.21", "best_ask": "0.23"}], "timestamp": "1769384544486", "event_type": "price_change"}}
{"_local_timestamp": "2026-01-25T23:42:25.156758+00:00", "data": {"market": "0x7b5c576ee07b4e95934b114634af0b8c7002cdced133e4d03db8fdb5dad7efc9", "price_changes": [{"asset_id": "97336036946990892589126446221607202585647626122722486163761162882902175162098", "price": "0.22", "size": "50", "side": "BUY", "hash": "87a1a53781ee624b90eb768c16b5b49df87ec635", "best_bid": "0.77", "best_ask": "0.79"}, {"asset_id": "58522802851851118793855155558916400893498205325121134941799318021764167337515", "price": "0.78", "size": "50", "side": "SELL", "hash": "f1af17ec200cbf03e468318cb3912c8181bd9190", "best_bid": "0.21", "best_ask": "0.23"}], "timestamp": "1769384544927", "event_type": "price_change"}}
{"_local_timestamp": "2026-01-25T23:42:45.417414+00:00", "data": {"market": "0x7b5c576ee07b4e95934b114634af0b8c7002cdced133e4d03db8fdb5dad7efc9", "price_changes": [{"asset_id": "97336036946990892589126446221607202585647626122722486163761162882902175162098", "price": "0.21", "size": "1998", "side": "BUY", "hash": "1bc225e6101465dce2d1d4e5403b84013c6d8dee", "best_bid": "0.77", "best_ask": "0.79"}, {"asset_id": "58522802851851118793855155558916400893498205325121134941799318021764167337515", "price": "0.79", "size": "1998", "side": "SELL", "hash": "777a8d67614452993ccde024c4a485eae7dae778", "best_bid": "0.21", "best_ask": "0.23"}], "timestamp": "1769384565215", "event_type": "price_change"}}
{"_local_timestamp": "2026-01-25T23:42:45.751776+00:00", "data": {"market": "0x7b5c576ee07b4e95934b114634af0b8c7002cdced133e4d03db8fdb5dad7efc9", "price_changes": [{"asset_id": "97336036946990892589126446221607202585647626122722486163761162882902175162098", "price": "0.22", "size": "100", "side": "BUY", "hash": "23f48caa3156b1a133250aafa8d9d331bd80d523", "best_bid": "0.77", "best_ask": "0.79"}, {"asset_id": "58522802851851118793855155558916400893498205325121134941799318021764167337515", "price": "0.78", "size": "100", "side": "SELL", "hash": "31d901afc7b7a4aee822178acfc5848f661b75cc", "best_bid": "0.21", "best_ask": "0.23"}], "timestamp": "1769384565589", "event_type": "price_change"}}
{"_local_timestamp": "2026-01-25T23:42:47.259741+00:00", "data": {"market": "0x7b5c576ee07b4e95934b114634af0b8c7002cdced133e4d03db8fdb5dad7efc9", "price_changes": [{"asset_id": "97336036946990892589126446221607202585647626122722486163761162882902175162098", "price": "0.21", "size": "0", "side": "BUY", "hash": "d774391274894c10193a9f083659ff4e4c92d361", "best_bid": "0.77", "best_ask": "0.79"}, {"asset_id": "58522802851851118793855155558916400893498205325121134941799318021764167337515", "price": "0.79", "size": "0", "side": "SELL", "hash": "15029234327ee451aa783727b15d1c12f167cc0a", "best_bid": "0.21", "best_ask": "0.23"}], "timestamp": "1769384566988", "event_type": "price_change"}}
{"_local_timestamp": "2026-01-25T23:42:58.843359+00:00", "data": {"market": "0x7b5c576ee07b4e95934b114634af0b8c7002cdced133e4d03db8fdb5dad7efc9", "price_changes": [{"asset_id": "97336036946990892589126446221607202585647626122722486163761162882902175162098", "price": "0.25", "size": "350", "side": "BUY", "hash": "315844d4019932b824e081fdf6ba0b90c153d114", "best_bid": "0.77", "best_ask": "0.79"}, {"asset_id": "58522802851851118793855155558916400893498205325121134941799318021764167337515", "price": "0.75", "size": "350", "side": "SELL", "hash": "b9b8f8cdaf8ea2ff224be7ec05239a2972400f89", "best_bid": "0.21", "best_ask": "0.23"}], "timestamp": "1769384578722", "event_type": "price_change"}}
{"_local_timestamp": "2026-01-25T23:42:59.124282+00:00", "data": {"market": "0x7b5c576ee07b4e95934b114634af0b8c7002cdced133e4d03db8fdb5dad7efc9", "price_changes": [{"asset_id": "97336036946990892589126446221607202585647626122722486163761162882902175162098", "price": "0.21", "size": "100", "side": "BUY", "hash": "c2276a32cde5d2706af3d0511481fbf57b7dd722", "best_bid": "0.77", "best_ask": "0.79"}, {"asset_id": "58522802851851118793855155558916400893498205325121134941799318021764167337515", "price": "0.79", "size": "100", "side": "SELL", "hash": "eabc16fdd8578ef1f12287e3ee071cbe07e74004", "best_bid": "0.21", "best_ask": "0.23"}], "timestamp": "1769384578985", "event_type": "price_change"}}
{"_local_timestamp": "2026-01-25T23:43:34.207277+00:00", "data": {"market": "0x7b5c576ee07b4e95934b114634af0b8c7002cdced133e4d03db8fdb5dad7efc9", "price_changes": [{"asset_id": "97336036946990892589126446221607202585647626122722486163761162882902175162098", "price": "0.22", "size": "2008", "side": "BUY", "hash": "ee11bf7977c1a16327267c74218d9bfc2dcee255", "best_bid": "0.77", "best_ask": "0.79"}, {"asset_id": "58522802851851118793855155558916400893498205325121134941799318021764167337515", "price": "0.78", "size": "2008", "side": "SELL", "hash": "8488949c008b06910b4009387feee9d4d2b7064b", "best_bid": "0.21", "best_ask": "0.23"}], "timestamp": "1769384614106", "event_type": "price_change"}}
{"_local_timestamp": "2026-01-25T23:43:38.541946+00:00", "data": {"market": "0x7b5c576ee07b4e95934b114634af0b8c7002cdced133e4d03db8fdb5dad7efc9", "price_changes": [{"asset_id": "97336036946990892589126446221607202585647626122722486163761162882902175162098", "price": "0.21", "size": "0", "side": "BUY", "hash": "745b75dd0cb9402487c43697741d5d755efd9f0a", "best_bid": "0.77", "best_ask": "0.79"}, {"asset_id": "58522802851851118793855155558916400893498205325121134941799318021764167337515", "price": "0.79", "size": "0", "side": "SELL", "hash": "62d2d7f8d71f4782fb16973a109ec4f746e833e8", "best_bid": "0.21", "best_ask": "0.23"}], "timestamp": "1769384618452", "event_type": "price_change"}}
{"_local_timestamp": "2026-01-25T23:43:38.833137+00:00", "data": {"market": "0x7b5c576ee07b4e95934b114634af0b8c7002cdced133e4d03db8fdb5dad7efc9", "price_changes": [{"asset_id": "97336036946990892589126446221607202585647626122722486163761162882902175162098", "price": "0.25", "size": "450", "side": "BUY", "hash": "897162ca6322e074b6ce0bd8a146e6ed57d9d198", "best_bid": "0.77", "best_ask": "0.79"}, {"asset_id": "58522802851851118793855155558916400893498205325121134941799318021764167337515", "price": "0.75", "size": "450", "side": "SELL", "hash": "bdd72241088b55eb08da5a44e3874f908b2226d4", "best_bid": "0.21", "best_ask": "0.23"}], "timestamp": "1769384618723", "event_type": "price_change"}}
{"_local_timestamp": "2026-01-25T23:44:08.674329+00:00", "data": {"market": "0x7b5c576ee07b4e95934b114634af0b8c7002cdced133e4d03db8fdb5dad7efc9", "price_changes": [{"asset_id": "97336036946990892589126446221607202585647626122722486163761162882902175162098", "price": "0.22", "size": "1958", "side": "BUY", "hash": "4c6beff341e812459a9712d440f3e78a05b9717f", "best_bid": "0.77", "best_ask": "0.79"}, {"asset_id": "58522802851851118793855155558916400893498205325121134941799318021764167337515", "price": "0.78", "size": "1958", "side": "SELL", "hash": "d3d799434a3be3102c99249f48b9f55c05e58398", "best_bid": "0.21", "best_ask": "0.23"}], "timestamp": "1769384648426", "event_type": "price_change"}}
{"_local_timestamp": "2026-01-25T23:44:09.089245+00:00", "data": {"market": "0x7b5c576ee07b4e95934b114634af0b8c7002cdced133e4d03db8fdb5dad7efc9", "price_changes": [{"asset_id": "97336036946990892589126446221607202585647626122722486163761162882902175162098", "price": "0.21", "size": "50", "side": "BUY", "hash": "6ee79a8a708fc5bfddc247667cd2d3c7ce5aa8ea", "best_bid": "0.77", "best_ask": "0.79"}, {"asset_id": "58522802851851118793855155558916400893498205325121134941799318021764167337515", "price": "0.79", "size": "50", "side": "SELL", "hash": "2c51549f988ea7235905bf8f22c8ccfa96b44c14", "best_bid": "0.21", "best_ask": "0.23"}], "timestamp": "1769384648777", "event_type": "price_change"}}
{"_local_timestamp": "2026-01-25T23:44:18.018225+00:00", "data": {"market": "0x7b5c576ee07b4e95934b114634af0b8c7002cdced133e4d03db8fdb5dad7efc9", "price_changes": [{"asset_id": "97336036946990892589126446221607202585647626122722486163761162882902175162098", "price": "0.25", "size": "350", "side": "BUY", "hash": "3eb2117814da08f1c8b54ffb9f08971d08323fed", "best_bid": "0.77", "best_ask": "0.79"}, {"asset_id": "58522802851851118793855155558916400893498205325121134941799318021764167337515", "price": "0.75", "size": "350", "side": "SELL", "hash": "611446678e3536822a096d83eeb26109d1088b89", "best_bid": "0.21", "best_ask": "0.23"}], "timestamp": "1769384657934", "event_type": "price_change"}}
{"_local_timestamp": "2026-01-25T23:44:18.268855+00:00", "data": {"market": "0x7b5c576ee07b4e95934b114634af0b8c7002cdced133e4d03db8fdb5dad7efc9", "price_changes": [{"asset_id": "97336036946990892589126446221607202585647626122722486163761162882902175162098", "price": "0.22", "size": "2058", "side": "BUY", "hash": "ad8b398f9c9fcb4c0748ce5da9b3fd629f123bfa", "best_bid": "0.77", "best_ask": "0.79"}, {"asset_id": "58522802851851118793855155558916400893498205325121134941799318021764167337515", "price": "0.78", "size": "2058", "side": "SELL", "hash": "fc3442dbf79dcdac04b35a41837278a834eff3ad", "best_bid": "0.21", "best_ask": "0.23"}], "timestamp": "1769384658180", "event_type": "price_change"}}
{"_local_timestamp": "2026-01-25T23:44:32.439561+00:00", "data": {"market": "0x7b5c576ee07b4e95934b114634af0b8c7002cdced133e4d03db8fdb5dad7efc9", "price_changes": [{"asset_id": "97336036946990892589126446221607202585647626122722486163761162882902175162098", "price": "0.22", "size": "150", "side": "BUY", "hash": "304c0a93066fea04769488988a06fb5e05437af2", "best_bid": "0.77", "best_ask": "0.79"}, {"asset_id": "58522802851851118793855155558916400893498205325121134941799318021764167337515", "price": "0.78", "size": "150", "side": "SELL", "hash": "9a7743078e7618387176194f085d34d788d49f79", "best_bid": "0.21", "best_ask": "0.23"}], "timestamp": "1769384672295", "event_type": "price_change"}}
{"_local_timestamp": "2026-01-25T23:44:56.091876+00:00", "data": {"market": "0x7b5c576ee07b4e95934b114634af0b8c7002cdced133e4d03db8fdb5dad7efc9", "price_changes": [{"asset_id": "58522802851851118793855155558916400893498205325121134941799318021764167337515", "price": "0.05", "size": "8045", "side": "BUY", "hash": "0c09b6c5fdccf0d0b646cf1c58c58ff25653ab1d", "best_bid": "0.21", "best_ask": "0.23"}, {"asset_id": "97336036946990892589126446221607202585647626122722486163761162882902175162098", "price": "0.95", "size": "8045", "side": "SELL", "hash": "bf036338ece03d27b44524a815cf375f8345ea52", "best_bid": "0.77", "best_ask": "0.79"}], "timestamp": "1769384696002", "event_type": "price_change"}}
{"_local_timestamp": "2026-01-25T23:44:56.101724+00:00", "data": {"market": "0x7b5c576ee07b4e95934b114634af0b8c7002cdced133e4d03db8fdb5dad7efc9", "price_changes": [{"asset_id": "58522802851851118793855155558916400893498205325121134941799318021764167337515", "price": "0.16", "size": "5261.89", "side": "BUY", "hash": "4fd68c92d48d9f5ab673b0ac43f97417ca5f9b73", "best_bid": "0.21", "best_ask": "0.23"}, {"asset_id": "97336036946990892589126446221607202585647626122722486163761162882902175162098", "price": "0.84", "size": "5261.89", "side": "SELL", "hash": "1c710d1b39d80291c0f2f7e5fefc1b8f2a4a24a7", "best_bid": "0.77", "best_ask": "0.79"}], "timestamp": "1769384696006", "event_type": "price_change"}}
{"_local_timestamp": "2026-01-25T23:44:56.102399+00:00", "data": {"market": "0x7b5c576ee07b4e95934b114634af0b8c7002cdced133e4d03db8fdb5dad7efc9", "price_changes": [{"asset_id": "58522802851851118793855155558916400893498205325121134941799318021764167337515", "price": "0.18", "size": "2572", "side": "BUY", "hash": "2daa5fc499f9eaf00494644d272fc2af56f17393", "best_bid": "0.21", "best_ask": "0.23"}, {"asset_id": "97336036946990892589126446221607202585647626122722486163761162882902175162098", "price": "0.82", "size": "2572", "side": "SELL", "hash": "cc496e4464c400c30fc722025f932104be79de56", "best_bid": "0.77", "best_ask": "0.79"}], "timestamp": "1769384696007", "event_type": "price_change"}}
{"_local_timestamp": "2026-01-25T23:44:57.831254+00:00", "data": {"market": "0x7b5c576ee07b4e95934b114634af0b8c7002cdced133e4d03db8fdb5dad7efc9", "price_changes": [{"asset_id": "97336036946990892589126446221607202585647626122722486163761162882902175162098", "price": "0.22", "size": "100", "side": "BUY", "hash": "f48d52168808ba2faadbcfbad94a7e3b765eb561", "best_bid": "0.77", "best_ask": "0.79"}, {"asset_id": "58522802851851118793855155558916400893498205325121134941799318021764167337515", "price": "0.78", "size": "100", "side": "SELL", "hash": "05da9f0b3df0c8a6c53a7ec8ddd75e8a29ae2363", "best_bid": "0.21", "best_ask": "0.23"}], "timestamp": "1769384697730", "event_type": "price_change"}}
{"_local_timestamp": "2026-01-25T23:44:58.282320+00:00", "data": {"market": "0x7b5c576ee07b4e95934b114634af0b8c7002cdced133e4d03db8fdb5dad7efc9", "price_changes": [{"asset_id": "97336036946990892589126446221607202585647626122722486163761162882902175162098", "price": "0.25", "size": "400", "side": "BUY", "hash": "3ca3b5dd7a13439542a5ab97cffe268a0c0f7b04", "best_bid": "0.77", "best_ask": "0.79"}, {"asset_id": "58522802851851118793855155558916400893498205325121134941799318021764167337515", "price": "0.75", "size": "400", "side": "SELL", "hash": "23765c84ebf7571e2c6257d089b6fe2e6348545c", "best_bid": "0.21", "best_ask": "0.23"}], "timestamp": "1769384698212", "event_type": "price_change"}}
{"_local_timestamp": "2026-01-25T23:45:04.791748+00:00", "data": {"market": "0x7b5c576ee07b4e95934b114634af0b8c7002cdced133e4d03db8fdb5dad7efc9", "price_changes": [{"asset_id": "58522802851851118793855155558916400893498205325121134941799318021764167337515", "price": "0.16", "size": "5287.89", "side": "BUY", "hash": "7fa68d72c381d7597705111297896bb436aebedc", "best_bid": "0.21", "best_ask": "0.23"}, {"asset_id": "97336036946990892589126446221607202585647626122722486163761162882902175162098", "price": "0.84", "size": "5287.89", "side": "SELL", "hash": "2019d2d18961386f421a4f088b710edda7605eb8", "best_bid": "0.77", "best_ask": "0.79"}], "timestamp": "1769384704727", "event_type": "price_change"}}
{"_local_timestamp": "2026-01-25T23:45:04.796263+00:00", "data": {"market": "0x7b5c576ee07b4e95934b114634af0b8c7002cdced133e4d03db8fdb5dad7efc9", "price_changes": [{"asset_id": "58522802851851118793855155558916400893498205325121134941799318021764167337515", "price": "0.18", "size": "2583", "side": "BUY", "hash": "3582aa3407be67453c5104ac25c83348b21c84ea", "best_bid": "0.21", "best_ask": "0.23"}, {"asset_id": "97336036946990892589126446221607202585647626122722486163761162882902175162098", "price": "0.82", "size": "2583", "side": "SELL", "hash": "616d06c74776156c5cdb7727db57d369a2dad442", "best_bid": "0.77", "best_ask": "0.79"}], "timestamp": "1769384704728", "event_type": "price_change"}}
{"_local_timestamp": "2026-01-25T23:45:04.796675+00:00", "data": {"market": "0x7b5c576ee07b4e95934b114634af0b8c7002cdced133e4d03db8fdb5dad7efc9", "price_changes": [{"asset_id": "58522802851851118793855155558916400893498205325121134941799318021764167337515", "price": "0.05", "size": "8245", "side": "BUY", "hash": "fe5fea8006c5633b0a9495c1cd1bb2b8c2761ae0", "best_bid": "0.21", "best_ask": "0.23"}, {"asset_id": "97336036946990892589126446221607202585647626122722486163761162882902175162098", "price": "0.95", "size": "8245", "side": "SELL", "hash": "71c2c49154f2a28b4c8520c6647ddf59e8892de2", "best_bid": "0.77", "best_ask": "0.79"}], "timestamp": "1769384704729", "event_type": "price_change"}}
{"_local_timestamp": "2026-01-25T23:45:21.178500+00:00", "data": {"market": "0x7b5c576ee07b4e95934b114634af0b8c7002cdced133e4d03db8fdb5dad7efc9", "price_changes": [{"asset_id": "97336036946990892589126446221607202585647626122722486163761162882902175162098", "price": "0.21", "size": "2048", "side": "BUY", "hash": "db722ed3e03ef5703dcfe1fa3be83f8bdd9ff361", "best_bid": "0.77", "best_ask": "0.79"}, {"asset_id": "58522802851851118793855155558916400893498205325121134941799318021764167337515", "price": "0.79", "size": "2048", "side": "SELL", "hash": "90dce7b3316380f69c15af9742cf384f3748bbc8", "best_bid": "0.21", "best_ask": "0.23"}], "timestamp": "1769384721110", "event_type": "price_change"}}
