{"_local_timestamp": "2026-01-25T23:40:44.862609+00:00", "data": [{"market": "0x6db6cda864057584d61b1b5ad88a2cfefab33feabeefef18ffe13abe579ef974", "asset_id": "112520326587254198638663761556701131674524731259419135943052015769014705233883", "timestamp": "1769384440602", "hash": "decb44c7e979b45865bf4c896f02700e5f568c63", "bids": [{"price": "0.01", "size": "14070"}, {"price": "0.02", "size": "1006.76"}, {"price": "0.03", "size": "5077.24"}, {"price": "0.04", "size": "1625"}, {"price": "0.05", "size": "440"}, {"price": "0.06", "size": "9.28"}, {"price": "0.07", "size": "25"}, {"price": "0.1", "size": "20"}, {"price": "0.11", "size": "7257.74"}, {"price": "0.12", "size": "566.65"}, {"price": "0.13", "size": "400"}], "asks": [{"price": "0.99", "size": "6014.55"}, {"price": "0.98", "size": "1000"}, {"price": "0.97", "size": "1700"}, {"price": "0.96", "size": "6.29"}, {"price": "0.94", "size": "4069.87"}, {"price": "0.92", "size": "250"}, {"price": "0.91", "size": "400"}, {"price": "0.9", "size": "5.9"}, {"price": "0.87", "size": "261.53"}, {"price": "0.85", "size": "550"}, {"price": "0.84", "size": "1450"}, {"price": "0.82", "size": "177.77"}, {"price": "0.8", "size": "25.27"}, {"price": "0.79", "size": "760"}, {"price": "0.78", "size": "2235.27"}, {"price": "0.75", "size": "100"}, {"price": "0.74", "size": "100"}, {"price": "0.72", "size": "357"}, {"price": "0.69", "size": "77.41"}, {"price": "0.66", "size": "50"}, {"price": "0.65", "size": "57.14"}, {"price": "0.57", "size": "160"}, {"price": "0.47", "size": "5"}, {"price": "0.45", "size": "5"}, {"price": "0.28", "size": "2148.67"}, {"price": "0.22", "size": "195.34"}, {"price": "0.21", "size": "16.45"}, {"price": "0.2", "size": "13.75"}, {"price": "0.19", "size": "10"}, {"price": "0.17", "size": "901.6"}, {"price": "0.16", "size": "647.33"}, {"price": "0.15", "size": "54"}], "event_type": "book", "last_trade_price": "0.880"}, {"market": "0x6db6cda864057584d61b1b5ad88a2cfefab33feabeefef18ffe13abe579ef974", "asset_id": "89614977099306584213591611084155566067625133619562703055238389297472263510387", "timestamp": "1769384440602", "hash": "5dc8bcd98d293b32fccfffc20412e4fec88c9ad6", "bids": [{"price": "0.01", "size": "6014.55"}, {"price": "0.02", "size": "1000"}, {"price": "0.03", "size": "1700"}, {"price": "0.04", "size": "6.29"}, {"price": "0.06", "size": "4069.87"}, {"price": "0.08", "size": "250"}, {"price": "0.09", "size": "400"}, {"price": "0.1", "size": "5.9"}, {"price": "0.13", "size": "261.53"}, {"price": "0.15", "size": "550"}, {"price": "0.16", "size": "1450"}, {"price": "0.18", "size": "177.77"}, {"price": "0.2", "size": "25.27"}, {"price": "0.21", "size": "760"}, {"price": "0.22", "size": "2235.27"}, {"price": "0.25", "size": "100"}, {"price": "0.26", "size": "100"}, {"price": "0.28", "size": "357"}, {"price": "0.31", "size": "77.41"}, {"price": "0.34", "size": "50"}, {"price": "0.35", "size": "57.14"}, {"price": "0.43", "size": "160"}, {"price": "0.53", "size": "5"}, {"price": "0.55", "size": "5"}, {"price": "0.72", "size": "2148.67"}, {"price": "0.78", "size": "195.34"}, {"price": "0.79", "size": "16.45"}, {"price": "0.8", "size": "13.75"}, {"price": "0.81", "size": "10"}, {"price": "0.83", "size": "901.6"}, {"price": "0.84", "size": "647.33"}, {"price": "0.85", "size": "54"}], "asks": [{"price": "0.99", "size": "14070"}, {"price": "0.98", "size": "1006.76"}, {"price": "0.97", "size": "5077.24"}, {"price": "0.96", "size": "1625"}, {"price": "0.95", "size": "440"}, {"price": "0.94", "size": "9.28"}, {"price": "0.93", "size": "25"}, {"price": "0.9", "size": "20"}, {"price": "0.89", "size": "7257.74"}, {"price": "0.88", "size": "566.65"}, {"price": "0.87", "size": "400"}], "event_type": "book", "last_trade_price": "0.880"}]}
{"_local_timestamp": "2026-01-25T23:40:45.079552+00:00", "data": {"market": "0x6db6cda864057584d61b1b5ad88a2cfefab33feabeefef18ffe13abe579ef974", "price_changes": [{"asset_id": "112520326587254198638663761556701131674524731259419135943052015769014705233883", "price": "0.17", "size": "804", "side": "SELL", "hash": "f88333cc4846a0fdd27e793112d35a6e86dacfc8", "best_bid": "0.13", "best_ask": "0.15"}, {"asset_id": "89614977099306584213591611084155566067625133619562703055238389297472263510387", "price": "0.83", "size": "804", "side": "BUY", "hash": "1acc8f07d2c5a7e76ae168c24f49dfee0099e4db", "best_bid": "0.85", "best_ask": "0.87"}], "timestamp": "1769384445000", "event_type": "price_change"}}
{"_local_timestamp": "2026-01-25T23:40:56.099036+00:00", "data": {"market": "0x6db6cda864057584d61b1b5ad88a2cfefab33feabeefef18ffe13abe579ef974", "price_changes": [{"asset_id": "112520326587254198638663761556701131674524731259419135943052015769014705233883", "price": "0.04", "size": "1250", "side": "BUY", "hash": "201afd186f041d73de26dd9c7526260dc0072c9c", "best_bid": "0.13", "best_ask": "0.15"}, {"asset_id": "89614977099306584213591611084155566067625133619562703055238389297472263510387", "price": "0.96", "size": "1250", "side": "SELL", "hash": "2c14a38533781cee714f66ffc1b274884c38d8d1", "best_bid": "0.85", "best_ask": "0.87"}], "timestamp": "1769384456000", "event_type": "price_change"}}
{"_local_timestamp": "2026-01-25T23:40:56.105435+00:00", "data": {"market": "0x6db6cda864057584d61b1b5ad88a2cfefab33feabeefef18ffe13abe579ef974", "price_changes": [{"asset_id": "112520326587254198638663761556701131674524731259419135943052015769014705233883", "price": "0.01", "size": "9070", "side": "BUY", "hash": "d474830963dd4851bde6ea751356919e7d9fcca6", "best_bid": "0.13", "best_ask": "0.15"}, {"asset_id": "89614977099306584213591611084155566067625133619562703055238389297472263510387", "price": "0.99", "size": "9070", "side": "SELL", "hash": "796e9d6c8ae9149b4063eb80e76279a7676f1109", "best_bid": "0.85", "best_ask": "0.87"}], "timestamp": "1769384456004", "event_type": "price_change"}}
{"_local_timestamp": "2026-01-25T23:41:14.686864+00:00", "data": {"market": "0x6db6cda864057584d61b1b5ad88a2cfefab33feabeefef18ffe13abe579ef974", "price_changes": [{"asset_id": "89614977099306584213591611084155566067625133619562703055238389297472263510387", "price": "0.22", "size": "327.27", "side": "BUY", "hash": "f004b6654a91f7c09735a69049a6e50c6daa9fce", "best_bid": "0.85", "best_ask": "0.87"}, {"asset_id": "112520326587254198638663761556701131674524731259419135943052015769014705233883", "price": "0.78", "size": "327.27", "side": "SELL", "hash": "9603acbd60811a3a56dc199274d4d9cb87e1f582", "best_bid": "0.13", "best_ask": "0.15"}], "timestamp": "1769384474534", "event_type": "price_change"}}
{"_local_timestamp": "2026-01-25T23:41:16.760617+00:00", "data": {"market": "0x6db6cda864057584d61b1b5ad88a2cfefab33feabeefef18ffe13abe579ef974", "price_changes": [{"asset_id": "112520326587254198638663761556701131674524731259419135943052015769014705233883", "price": "0.04", "size": "1625", "side": "BUY", "hash": "fa84abba8e42eb049734cdba7b1df03a2a0ba896", "best_bid": "0.13", "best_ask": "0.15"}, {"asset_id": "89614977099306584213591611084155566067625133619562703055238389297472263510387", "price": "0.96", "size": "1625", "side": "SELL", "hash": "1cf0c7a37c0376db2ac1d8f602f1ce27d924c20c", "best_bid": "0.85", "best_ask": "0.87"}], "timestamp": "1769384476668", "event_type": "price_change"}}
{"_local_timestamp": "2026-01-25T23:41:16.764497+00:00", "data": {"market": "0x6db6cda864057584d61b1b5ad88a2cfefab33feabeefef18ffe13abe579ef974", "price_changes": [{"asset_id": "112520326587254198638663761556701131674524731259419135943052015769014705233883", "price": "0.01", "size": "14170", "side": "BUY", "hash": "178e7d83463e864d44c8109e3b5aef08688a5ab8", "best_bid": "0.13", "best_ask": "0.15"}, {"asset_id": "89614977099306584213591611084155566067625133619562703055238389297472263510387", "price": "0.99", "size": "14170", "side": "SELL", "hash": "e5f41d5d165c9615c00702b6cc3d300ab0cb2c7d", "best_bid": "0.85", "best_ask": "0.87"}], "timestamp": "1769384476669", "event_type": "price_change"}}
