{"_local_timestamp": "2026-01-25T23:33:34.071932+00:00", "data": [{"market": "0x9c414cb64000dc7645b2bba8d7586746f3ddb1cfd1b564769188b81cd63ad667", "asset_id": "36728857867611633133460325558184760302806953709023401335708530985825837184180", "timestamp": "1769384013525", "hash": "ce64d9ff144a4b722d66ea848aab13a7b23cab89", "bids": [{"price": "0.01", "size": "3760"}, {"price": "0.02", "size": "1759.45"}, {"price": "0.03", "size": "383"}, {"price": "0.04", "size": "758.14"}, {"price": "0.05", "size": "1960"}, {"price": "0.06", "size": "375"}, {"price": "0.07", "size": "986.71"}, {"price": "0.08", "size": "175.81"}, {"price": "0.09", "size": "278"}, {"price": "0.1", "size": "90"}, {"price": "0.13", "size": "600"}, {"price": "0.14", "size": "1699.94"}, {"price": "0.15", "size": "341.66"}, {"price": "0.16", "size": "48.25"}], "asks": [{"price": "0.99", "size": "5809.7"}, {"price": "0.98", "size": "1400"}, {"price": "0.97", "size": "8.75"}, {"price": "0.92", "size": "650"}, {"price": "0.91", "size": "7.01"}, {"price": "0.88", "size": "100"}, {"price": "0.87", "size": "261.53"}, {"price": "0.85", "size": "800"}, {"price": "0.83", "size": "188.23"}, {"price": "0.8", "size": "1200"}, {"price": "0.79", "size": "2231.33"}, {"price": "0.78", "size": "50"}, {"price": "0.74", "size": "100"}, {"price": "0.73", "size": "5387"}, {"price": "0.72", "size": "250"}, {"price": "0.7", "size": "80"}, {"price": "0.66", "size": "183.82"}, {"price": "0.62", "size": "5"}, {"price": "0.48", "size": "25"}, {"price": "0.47", "size": "20.75"}, {"price": "0.25", "size": "105"}, {"price": "0.24", "size": "95.26"}, {"price": "0.2", "size": "820"}, {"price": "0.19", "size": "1566.46"}, {"price": "0.18", "size": "254.85"}], "event_type": "book", "last_trade_price": ""}, {"market": "0x9c414cb64000dc7645b2bba8d7586746f3ddb1cfd1b564769188b81cd63ad667", "asset_id": "50100538913445815307703112616258975070399904586460690699614749314148623601110", "timestamp": "1769384013525", "hash": "7788e003edc06e40fefd2920173aedb10047c2a5", "bids": [{"price": "0.01", "size": "5809.7"}, {"price": "0.02", "size": "1400"}, {"price": "0.03", "size": "8.75"}, {"price": "0.08", "size": "650"}, {"price": "0.09", "size": "7.01"}, {"price": "0.12", "size": "100"}, {"price": "0.13", "size": "261.53"}, {"price": "0.15", "size": "800"}, {"price": "0.17", "size": "188.23"}, {"price": "0.2", "size": "1200"}, {"price": "0.21", "size": "2231.33"}, {"price": "0.22", "size": "50"}, {"price": "0.26", "size": "100"}, {"price": "0.27", "size": "5387"}, {"price": "0.28", "size": "250"}, {"price": "0.3", "size": "80"}, {"price": "0.34", "size": "183.82"}, {"price": "0.38", "size": "5"}, {"price": "0.52", "size": "25"}, {"price": "0.53", "size": "20.75"}, {"price": "0.75", "size": "105"}, {"price": "0.76", "size": "95.26"}, {"price": "0.8", "size": "820"}, {"price": "0.81", "size": "1566.46"}, {"price": "0.82", "size": "254.85"}], "asks": [{"price": "0.99", "size": "3760"}, {"price": "0.98", "size": "1759.45"}, {"price": "0.97", "size": "383"}, {"price": "0.96", "size": "758.14"}, {"price": "0.95", "size": "1960"}, {"price": "0.94", "size": "375"}, {"price": "0.93", "size": "986.71"}, {"price": "0.92", "size": "175.81"}, {"price": "0.91", "size": "278"}, {"price": "0.9", "size": "90"}, {"price": "0.87", "size": "600"}, {"price": "0.86", "size": "1699.94"}, {"price": "0.85", "size": "341.66"}, {"price": "0.84", "size": "48.25"}], "event_type": "book", "last_trade_price": ""}]}
{"_local_timestamp": "2026-01-25T23:34:10.643594+00:00", "data": {"market": "0x9c414cb64000dc7645b2bba8d7586746f3ddb1cfd1b564769188b81cd63ad667", "price_changes": [{"asset_id": "50100538913445815307703112616258975070399904586460690699614749314148623601110", "price": "0.27", "size": "250", "side": "BUY", "hash": "938eff5a0b58a9cad6d2cb48059dcdc0ffd6b5f0", "best_bid": "0.82", "best_ask": "0.84"}, {"asset_id": "36728857867611633133460325558184760302806953709023401335708530985825837184180", "price": "0.73", "size": "250", "side": "SELL", "hash": "b181733b2641ce23427410c647ff93bcc50b78d2", "best_bid": "0.16", "best_ask": "0.18"}], "timestamp": "1769384050398", "event_type": "price_change"}}
{"_local_timestamp": "2026-01-25T23:34:10.761166+00:00", "data": {"market": "0x9c414cb64000dc7645b2bba8d7586746f3ddb1cfd1b564769188b81cd63ad667", "price_changes": [{"asset_id": "50100538913445815307703112616258975070399904586460690699614749314148623601110", "price": "0.35", "size": "3981", "side": "BUY", "hash": "cd5e938f6720a62bde5423748beb853efc7279be", "best_bid": "0.82", "best_ask": "0.84"}, {"asset_id": "36728857867611633133460325558184760302806953709023401335708530985825837184180", "price": "0.65", "size": "3981", "side": "SELL", "hash": "7e80c7def2dee9e050e506c11e7a9e923d2a0ffd", "best_bid": "0.16", "best_ask": "0.18"}], "timestamp": "1769384050567", "event_type": "price_change"}}
{"_local_timestamp": "2026-01-25T23:34:20.048199+00:00", "data": {"market": "0x9c414cb64000dc7645b2bba8d7586746f3ddb1cfd1b564769188b81cd63ad667", "price_changes": [{"asset_id": "50100538913445815307703112616258975070399904586460690699614749314148623601110", "price": "0.21", "size": "233.33", "side": "BUY", "hash": "6532bc72e55cc3f1e975d3f35ae8313168ac3f1f", "best_bid": "0.82", "best_ask": "0.84"}, {"asset_id": "36728857867611633133460325558184760302806953709023401335708530985825837184180", "price": "0.79", "size": "233.33", "side": "SELL", "hash": "9e41f1a91f2ca704245b318f91c69bd16aa57cc2", "best_bid": "0.16", "best_ask": "0.18"}], "timestamp": "1769384059763", "event_type": "price_change"}}
{"_local_timestamp": "2026-01-25T23:35:23.791370+00:00", "data": {"market": "0x9c414cb64000dc7645b2bba8d7586746f3ddb1cfd1b564769188b81cd63ad667", "price_changes": [{"asset_id": "50100538913445815307703112616258975070399904586460690699614749314148623601110", "price": "0.27", "size": "200", "side": "BUY", "hash": "a1d1a68164a21e3a5cc336da6aebab43f3785bb7", "best_bid": "0.82", "best_ask": "0.84"}, {"asset_id": "36728857867611633133460325558184760302806953709023401335708530985825837184180", "price": "0.73", "size": "200", "side": "SELL", "hash": "aa149454243525663ce7fd6aae7c925ca055c6c4", "best_bid": "0.16", "best_ask": "0.18"}], "timestamp": "1769384123679", "event_type": "price_change"}}
{"_local_timestamp": "2026-01-25T23:35:24.017639+00:00", "data": {"market": "0x9c414cb64000dc7645b2bba8d7586746f3ddb1cfd1b564769188b81cd63ad667", "price_changes": [{"asset_id": "50100538913445815307703112616258975070399904586460690699614749314148623601110", "price": "0.28", "size": "300", "side": "BUY", "hash": "cac723443809bb6e0ca604ad703ba1e13d5f693d", "best_bid": "0.82", "best_ask": "0.84"}, {"asset_id": "36728857867611633133460325558184760302806953709023401335708530985825837184180", "price": "0.72", "size": "300", "side": "SELL", "hash": "fdaae7598f7bd65900b1629ba9c5a0fb153aa663", "best_bid": "0.16", "best_ask": "0.18"}], "timestamp": "1769384123940", "event_type": "price_change"}}
{"_local_timestamp": "2026-01-25T23:35:27.768700+00:00", "data": {"market": "0x9c414cb64000dc7645b2bba8d7586746f3ddb1cfd1b564769188b81cd63ad667", "price_changes": [{"asset_id": "50100538913445815307703112616258975070399904586460690699614749314148623601110", "price": "0.22", "size": "1958", "side": "BUY", "hash": "e4a61237c2961bb2ef500d244252af2be67d9716", "best_bid": "0.82", "best_ask": "0.84"}, {"asset_id": "36728857867611633133460325558184760302806953709023401335708530985825837184180", "price": "0.78", "size": "1958", "side": "SELL", "hash": "c192b302e94bc83531f084948cd1380be95c25d5", "best_bid": "0.16", "best_ask": "0.18"}], "timestamp": "1769384127701", "event_type": "price_change"}}
{"_local_timestamp": "2026-01-25T23:35:56.277867+00:00", "data": {"market": "0x9c414cb64000dc7645b2bba8d7586746f3ddb1cfd1b564769188b81cd63ad667", "price_changes": [{"asset_id": "50100538913445815307703112616258975070399904586460690699614749314148623601110", "price": "0.22", "size": "1908", "side": "BUY", "hash": "a026b9bca10870e560b23aba0bedd044acfc527e", "best_bid": "0.82", "best_ask": "0.84"}, {"asset_id": "36728857867611633133460325558184760302806953709023401335708530985825837184180", "price": "0.78", "size": "1908", "side": "SELL", "hash": "cd9d2efe59816aeaa2667bc60bd2ad045c258b6d", "best_bid": "0.16", "best_ask": "0.18"}], "timestamp": "1769384156200", "event_type": "price_change"}}
{"_local_timestamp": "2026-01-25T23:35:56.886794+00:00", "data": {"market": "0x9c414cb64000dc7645b2bba8d7586746f3ddb1cfd1b564769188b81cd63ad667", "price_changes": [{"asset_id": "50100538913445815307703112616258975070399904586460690699614749314148623601110", "price": "0.21", "size": "283.33", "side": "BUY", "hash": "2665721810cbef9f7146a628b753f528a93826f5", "best_bid": "0.82", "best_ask": "0.84"}, {"asset_id": "36728857867611633133460325558184760302806953709023401335708530985825837184180", "price": "0.79", "size": "283.33", "side": "SELL", "hash": "9d853928fe2d121861615faafb293b988dd69334", "best_bid": "0.16", "best_ask": "0.18"}], "timestamp": "1769384156741", "event_type": "price_change"}}
{"_local_timestamp": "2026-01-25T23:35:59.368812+00:00", "data": {"market": "0x9c414cb64000dc7645b2bba8d7586746f3ddb1cfd1b564769188b81cd63ad667", "price_changes": [{"asset_id": "36728857867611633133460325558184760302806953709023401335708530985825837184180", "price": "0.13", "size": "577", "side": "BUY", "hash": "8135637a9d507c14a1c0f33fa0f2f7a62b7a7efb", "best_bid": "0.16", "best_ask": "0.18"}, {"asset_id": "50100538913445815307703112616258975070399904586460690699614749314148623601110", "price": "0.87", "size": "577", "side": "SELL", "hash": "04b0ab8c01222b280a128b1450b3d670084d1d5e", "best_bid": "0.82", "best_ask": "0.84"}], "timestamp": "1769384159289", "event_type": "price_change"}}
{"_local_timestamp": "2026-01-25T23:35:59.369246+00:00", "data": {"market": "0x9c414cb64000dc7645b2bba8d7586746f3ddb1cfd1b564769188b81cd63ad667", "price_changes": [{"asset_id": "36728857867611633133460325558184760302806953709023401335708530985825837184180", "price": "0.05", "size": "0", "side": "BUY", "hash": "8135637a9d507c14a1c0f33fa0f2f7a62b7a7efb", "best_bid": "0.16", "best_ask": "0.18"}, {"asset_id": "50100538913445815307703112616258975070399904586460690699614749314148623601110", "price": "0.95", "size": "0", "side": "SELL", "hash": "04b0ab8c01222b280a128b1450b3d670084d1d5e", "best_bid": "0.82", "best_ask": "0.84"}], "timestamp": "1769384159289", "event_type": "price_change"}}
{"_local_timestamp": "2026-01-25T23:35:59.369547+00:00", "data": {"market": "0x9c414cb64000dc7645b2bba8d7586746f3ddb1cfd1b564769188b81cd63ad667", "price_changes": [{"asset_id": "36728857867611633133460325558184760302806953709023401335708530985825837184180", "price": "0.14", "size": "1685.94", "side": "BUY", "hash": "8135637a9d507c14a1c0f33fa0f2f7a62b7a7efb", "best_bid": "0.16", "best_ask": "0.18"}, {"asset_id": "50100538913445815307703112616258975070399904586460690699614749314148623601110", "price": "0.86", "size": "1685.94", "side": "SELL", "hash": "04b0ab8c01222b280a128b1450b3d670084d1d5e", "best_bid": "0.82", "best_ask": "0.84"}], "timestamp": "1769384159289", "event_type": "price_change"}}
{"_local_timestamp": "2026-01-25T23:35:59.478792+00:00", "data": {"market": "0x9c414cb64000dc7645b2bba8d7586746f3ddb1cfd1b564769188b81cd63ad667", "price_changes": [{"asset_id": "36728857867611633133460325558184760302806953709023401335708530985825837184180", "price": "0.09", "size": "445", "side": "BUY", "hash": "61da670ada8334d0f45acf62377941ce65dab56d", "best_bid": "0.16", "best_ask": "0.18"}, {"asset_id": "50100538913445815307703112616258975070399904586460690699614749314148623601110", "price": "0.91", "size": "445", "side": "SELL", "hash": "6a4a36dec99c11c3ac4459b11eaddabb2aec8e8d", "best_bid": "0.82", "best_ask": "0.84"}], "timestamp": "1769384159403", "event_type": "price_change"}}
{"_local_timestamp": "2026-01-25T23:35:59.479227+00:00", "data": {"market": "0x9c414cb64000dc7645b2bba8d7586746f3ddb1cfd1b564769188b81cd63ad667", "price_changes": [{"asset_id": "36728857867611633133460325558184760302806953709023401335708530985825837184180", "price": "0.11", "size": "182", "side": "BUY", "hash": "ba76236df16f013618804a3f84a4d9271b02ec01", "best_bid": "0.16", "best_ask": "0.18"}, {"asset_id": "50100538913445815307703112616258975070399904586460690699614749314148623601110", "price": "0.89", "size": "182", "side": "SELL", "hash": "dfb47d266d21cf14b4e9e8d734b923fc4984dd68", "best_bid": "0.82", "best_ask": "0.84"}], "timestamp": "1769384159404", "event_type": "price_change"}}
{"_local_timestamp": "2026-01-25T23:35:59.479559+00:00", "data": {"market": "0x9c414cb64000dc7645b2bba8d7586746f3ddb1cfd1b564769188b81cd63ad667", "price_changes": [{"asset_id": "36728857867611633133460325558184760302806953709023401335708530985825837184180", "price": "0.07", "size": "1429.71", "side": "BUY", "hash": "933e15004f0f02e80cfe4e4c6ce17883bd6a59f4", "best_bid": "0.16", "best_ask": "0.18"}, {"asset_id": "50100538913445815307703112616258975070399904586460690699614749314148623601110", "price": "0.93", "size": "1429.71", "side": "SELL", "hash": "00a84448bed9ec867b6c917dcc587865f5d44272", "best_bid": "0.82", "best_ask": "0.84"}], "timestamp": "1769384159405", "event_type": "price_change"}}
{"_local_timestamp": "2026-01-25T23:36:02.374900+00:00", "data": {"market": "0x9c414cb64000dc7645b2bba8d7586746f3ddb1cfd1b564769188b81cd63ad667", "price_changes": [{"asset_id": "50100538913445815307703112616258975070399904586460690699614749314148623601110", "price": "0.21", "size": "183.33", "side": "BUY", "hash": "b1cae768b6951a85a1a52824996120b83519ecba", "best_bid": "0.82", "best_ask": "0.84"}, {"asset_id": "36728857867611633133460325558184760302806953709023401335708530985825837184180", "price": "0.79", "size": "183.33", "side": "SELL", "hash": "5ee7ab8da130f3b2378bc50a3159e8894f852378", "best_bid": "0.16", "best_ask": "0.18"}], "timestamp": "1769384162263", "event_type": "price_change"}}
{"_local_timestamp": "2026-01-25T23:36:02.712789+00:00", "data": {"market": "0x9c414cb64000dc7645b2bba8d7586746f3ddb1cfd1b564769188b81cd63ad667", "price_changes": [{"asset_id": "50100538913445815307703112616258975070399904586460690699614749314148623601110", "price": "0.22", "size": "2008", "side": "BUY", "hash": "3670105ba5f11738770d6d5b6549851bcb93ed5a", "best_bid": "0.82", "best_ask": "0.84"}, {"asset_id": "36728857867611633133460325558184760302806953709023401335708530985825837184180", "price": "0.78", "size": "2008", "side": "SELL", "hash": "19991535744e029736da1fb8288ee954111d0d47", "best_bid": "0.16", "best_ask": "0.18"}], "timestamp": "1769384162607", "event_type": "price_change"}}
{"_local_timestamp": "2026-01-25T23:36:05.070847+00:00", "data": {"market": "0x9c414cb64000dc7645b2bba8d7586746f3ddb1cfd1b564769188b81cd63ad667", "price_changes": [{"asset_id": "36728857867611633133460325558184760302806953709023401335708530985825837184180", "price": "0.13", "size": "523", "side": "BUY", "hash": "4c4a3b7ceb232489729c64ab66061144421001c5", "best_bid": "0.16", "best_ask": "0.18"}, {"asset_id": "50100538913445815307703112616258975070399904586460690699614749314148623601110", "price": "0.87", "size": "523", "side": "SELL", "hash": "eafbd6a53d00fdf0f45c1f2bad2a006a3c97818a", "best_bid": "0.82", "best_ask": "0.84"}], "timestamp": "1769384165000", "event_type": "price_change"}}
{"_local_timestamp": "2026-01-25T23:36:55.090223+00:00", "data": {"market": "0x9c414cb64000dc7645b2bba8d7586746f3ddb1cfd1b564769188b81cd63ad667", "price_changes": [{"asset_id": "50100538913445815307703112616258975070399904586460690699614749314148623601110", "price": "0.27", "size": "100", "side": "BUY", "hash": "206e2b759bed63ec55741f9f9ee55aeb9c36c9db", "best_bid": "0.82", "best_ask": "0.84"}, {"asset_id": "36728857867611633133460325558184760302806953709023401335708530985825837184180", "price": "0.73", "size": "100", "side": "SELL", "hash": "642fc0f33604be2b467cfd2a779d24dd755358d4", "best_bid": "0.16", "best_ask": "0.18"}], "timestamp": "1769384215004", "event_type": "price_change"}}
{"_local_timestamp": "2026-01-25T23:36:55.092063+00:00", "data": {"market": "0x9c414cb64000dc7645b2bba8d7586746f3ddb1cfd1b564769188b81cd63ad667", "price_changes": [{"asset_id": "50100538913445815307703112616258975070399904586460690699614749314148623601110", "price": "0.34", "size": "108.82", "side": "BUY", "hash": "206e2b759bed63ec55741f9f9ee55aeb9c36c9db", "best_bid": "0.82", "best_ask": "0.84"}, {"asset_id": "36728857867611633133460325558184760302806953709023401335708530985825837184180", "price": "0.66", "size": "108.82", "side": "SELL", "hash": "642fc0f33604be2b467cfd2a779d24dd755358d4", "best_bid": "0.16", "best_ask": "0.18"}], "timestamp": "1769384215004", "event_type": "price_change"}}
{"_local_timestamp": "2026-01-25T23:36:55.906744+00:00", "data": {"market": "0x9c414cb64000dc7645b2bba8d7586746f3ddb1cfd1b564769188b81cd63ad667", "price_changes": [{"asset_id": "50100538913445815307703112616258975070399904586460690699614749314148623601110", "price": "0.28", "size": "400", "side": "BUY", "hash": "943180a0bbd8b52f9de247f46a0c119d1e2d66af", "best_bid": "0.82", "best_ask": "0.84"}, {"asset_id": "36728857867611633133460325558184760302806953709023401335708530985825837184180", "price": "0.72", "size": "400", "side": "SELL", "hash": "18e1e600a9b90582124311770ca5bddb27c27008", "best_bid": "0.16", "best_ask": "0.18"}], "timestamp": "1769384215643", "event_type": "price_change"}}
{"_local_timestamp": "2026-01-25T23:36:56.135496+00:00", "data": {"market": "0x9c414cb64000dc7645b2bba8d7586746f3ddb1cfd1b564769188b81cd63ad667", "price_changes": [{"asset_id": "50100538913445815307703112616258975070399904586460690699614749314148623601110", "price": "0.35", "size": "4056", "side": "BUY", "hash": "a9cc15dda55e15977c2a515a499620477b0eb8dd", "best_bid": "0.82", "best_ask": "0.84"}, {"asset_id": "36728857867611633133460325558184760302806953709023401335708530985825837184180", "price": "0.65", "size": "4056", "side": "SELL", "hash": "0dd2b2e82a56852149def3ad767199bfb8434ccd", "best_bid": "0.16", "best_ask": "0.18"}], "timestamp": "1769384215705", "event_type": "price_change"}}
{"_local_timestamp": "2026-01-25T23:36:57.823038+00:00", "data": {"market": "0x9c414cb64000dc7645b2bba8d7586746f3ddb1cfd1b564769188b81cd63ad667", "price_changes": [{"asset_id": "50100538913445815307703112616258975070399904586460690699614749314148623601110", "price": "0.28", "size": "150", "side": "BUY", "hash": "707f6f761447422fde5817fc52861fd027f27163", "best_bid": "0.82", "best_ask": "0.84"}, {"asset_id": "36728857867611633133460325558184760302806953709023401335708530985825837184180", "price": "0.72", "size": "150", "side": "SELL", "hash": "656200f39b476eae9f55688f03e28783b924a657", "best_bid": "0.16", "best_ask": "0.18"}], "timestamp": "1769384217257", "event_type": "price_change"}}
{"_local_timestamp": "2026-01-25T23:37:13.146064+00:00", "data": {"market": "0x9c414cb64000dc7645b2bba8d7586746f3ddb1cfd1b564769188b81cd63ad667", "price_changes": [{"asset_id": "50100538913445815307703112616258975070399904586460690699614749314148623601110", "price": "0.27", "size": "50", "side": "BUY", "hash": "d5306910dbc6236cfcb45030d57878c501db9daf", "best_bid": "0.82", "best_ask": "0.84"}, {"asset_id": "36728857867611633133460325558184760302806953709023401335708530985825837184180", "price": "0.73", "size": "50", "side": "SELL", "hash": "df498126914c95a3dbea739878509366a2b4b8ef", "best_bid": "0.16", "best_ask": "0.18"}], "timestamp": "1769384233019", "event_type": "price_change"}}
{"_local_timestamp": "2026-01-25T23:37:13.523930+00:00", "data": {"market": "0x9c414cb64000dc7645b2bba8d7586746f3ddb1cfd1b564769188b81cd63ad667", "price_changes": [{"asset_id": "50100538913445815307703112616258975070399904586460690699614749314148623601110", "price": "0.35", "size": "4106", "side": "BUY", "hash": "ad8e2db9f19bfd3086c3e3b648a1f18c3e920f98", "best_bid": "0.82", "best_ask": "0.84"}, {"asset_id": "36728857867611633133460325558184760302806953709023401335708530985825837184180", "price": "0.65", "size": "4106", "side": "SELL", "hash": "e887bb0561921668dc7e1e3a01e40c414b0a99d9", "best_bid": "0.16", "best_ask": "0.18"}], "timestamp": "1769384233386", "event_type": "price_change"}}
{"_local_timestamp": "2026-01-25T23:37:21.146320+00:00", "data": {"market": "0x9c414cb64000dc7645b2bba8d7586746f3ddb1cfd1b564769188b81cd63ad667", "price_changes": [{"asset_id": "50100538913445815307703112616258975070399904586460690699614749314148623601110", "price": "0.36", "size": "300", "side": "BUY", "hash": "9a8783fd25646b7615ca52bd0bf4971fd76bc826", "best_bid": "0.82", "best_ask": "0.84"}, {"asset_id": "36728857867611633133460325558184760302806953709023401335708530985825837184180", "price": "0.64", "size": "300", "side": "SELL", "hash": "c2068ae685a41f555335dc72211d5ea9bcd26f7e", "best_bid": "0.16", "best_ask": "0.18"}], "timestamp": "1769384241082", "event_type": "price_change"}}
{"_local_timestamp": "2026-01-25T23:37:23.513922+00:00", "data": {"market": "0x9c414cb64000dc7645b2bba8d7586746f3ddb1cfd1b564769188b81cd63ad667", "price_changes": [{"asset_id": "36728857867611633133460325558184760302806953709023401335708530985825837184180", "price": "0.13", "size": "577", "side": "BUY", "hash": "a04e6fed80a870fa68d7c411172c28598d8f6c47", "best_bid": "0.16", "best_ask": "0.18"}, {"asset_id": "50100538913445815307703112616258975070399904586460690699614749314148623601110", "price": "0.87", "size": "577", "side": "SELL", "hash": "74defb3ae7aa470543d7d5f1e8e23379226efd99", "best_bid": "0.82", "best_ask": "0.84"}], "timestamp": "1769384243453", "event_type": "price_change"}}
