{"_local_timestamp": "2026-01-25T23:33:24.471944+00:00", "data": [{"market": "0xad74ec4c2b537ba1d1c914dee6a9a551136da2bc6706908aa406b028a5ce4849", "asset_id": "11919136486006873230016314493356477536899860152738426478109016899949404708107", "timestamp": "1769383921264", "hash": "d176879d68838ac722635ef2865b1ae03b215f65", "bids": [{"price": "0.01", "size": "8021.24"}, {"price": "0.02", "size": "450"}, {"price": "0.04", "size": "802.9"}, {"price": "0.05", "size": "851"}, {"price": "0.06", "size": "900"}, {"price": "0.07", "size": "471.71"}, {"price": "0.08", "size": "125"}, {"price": "0.09", "size": "61.11"}, {"price": "0.11", "size": "39.9"}, {"price": "0.13", "size": "500"}, {"price": "0.14", "size": "1631"}, {"price": "0.15", "size": "669.56"}, {"price": "0.16", "size": "135.9"}], "asks": [{"price": "0.99", "size": "5000"}, {"price": "0.98", "size": "1000"}, {"price": "0.97", "size": "2550"}, {"price": "0.95", "size": "510"}, {"price": "0.92", "size": "750"}, {"price": "0.91", "size": "300"}, {"price": "0.88", "size": "700"}, {"price": "0.87", "size": "261.53"}, {"price": "0.83", "size": "188.23"}, {"price": "0.81", "size": "1092"}, {"price": "0.79", "size": "283.33"}, {"price": "0.78", "size": "1908"}, {"price": "0.75", "size": "104"}, {"price": "0.72", "size": "50"}, {"price": "0.71", "size": "82.75"}, {"price": "0.66", "size": "58.82"}, {"price": "0.65", "size": "3360"}, {"price": "0.33", "size": "19.4"}, {"price": "0.32", "size": "16.17"}, {"price": "0.21", "size": "2008.19"}, {"price": "0.2", "size": "220.38"}, {"price": "0.19", "size": "200"}], "event_type": "book", "last_trade_price": ""}, {"market": "0xad74ec4c2b537ba1d1c914dee6a9a551136da2bc6706908aa406b028a5ce4849", "asset_id": "13807890118856274250052051142746850832347855077322656523151046362399113308927", "timestamp": "1769383921264", "hash": "c3ef27e7f706d673e3fd57fd840e48c6905c9914", "bids": [{"price": "0.01", "size": "5000"}, {"price": "0.02", "size": "1000"}, {"price": "0.03", "size": "2550"}, {"price": "0.05", "size": "510"}, {"price": "0.08", "size": "750"}, {"price": "0.09", "size": "300"}, {"price": "0.12", "size": "700"}, {"price": "0.13", "size": "261.53"}, {"price": "0.17", "size": "188.23"}, {"price": "0.19", "size": "1092"}, {"price": "0.21", "size": "283.33"}, {"price": "0.22", "size": "1908"}, {"price": "0.25", "size": "104"}, {"price": "0.28", "size": "50"}, {"price": "0.29", "size": "82.75"}, {"price": "0.34", "size": "58.82"}, {"price": "0.35", "size": "3360"}, {"price": "0.67", "size": "19.4"}, {"price": "0.68", "size": "16.17"}, {"price": "0.79", "size": "2008.19"}, {"price": "0.8", "size": "220.38"}, {"price": "0.81", "size": "200"}], "asks": [{"price": "0.99", "size": "8021.24"}, {"price": "0.98", "size": "450"}, {"price": "0.96", "size": "802.9"}, {"price": "0.95", "size": "851"}, {"price": "0.94", "size": "900"}, {"price": "0.93", "size": "471.71"}, {"price": "0.92", "size": "125"}, {"price": "0.91", "size": "61.11"}, {"price": "0.89", "size": "39.9"}, {"price": "0.87", "size": "500"}, {"price": "0.86", "size": "1631"}, {"price": "0.85", "size": "669.56"}, {"price": "0.84", "size": "135.9"}], "event_type": "book", "last_trade_price": ""}]}
{"_local_timestamp": "2026-01-25T23:33:33.271880+00:00", "data": {"market": "0xad74ec4c2b537ba1d1c914dee6a9a551136da2bc6706908aa406b028a5ce4849", "price_changes": [{"asset_id": "13807890118856274250052051142746850832347855077322656523151046362399113308927", "price": "0.21", "size": "233.33", "side": "BUY", "hash": "2c410ddebd6bd97cc1a553fe0202131d273ff289", "best_bid": "0.81", "best_ask": "0.84"}, {"asset_id": "11919136486006873230016314493356477536899860152738426478109016899949404708107", "price": "0.79", "size": "233.33", "side": "SELL", "hash": "94c48e406847c5a85a0ca1ea579d7bcc9a0b4d72", "best_bid": "0.16", "best_ask": "0.19"}], "timestamp": "1769384013131", "event_type": "price_change"}}
{"_local_timestamp": "2026-01-25T23:33:33.722255+00:00", "data": {"market": "0xad74ec4c2b537ba1d1c914dee6a9a551136da2bc6706908aa406b028a5ce4849", "price_changes": [{"asset_id": "13807890118856274250052051142746850832347855077322656523151046362399113308927", "price": "0.22", "size": "1958", "side": "BUY", "hash": "0d1e18bfd90437165a4e18c2ed07659193fdadb9", "best_bid": "0.81", "best_ask": "0.84"}, {"asset_id": "11919136486006873230016314493356477536899860152738426478109016899949404708107", "price": "0.78", "size": "1958", "side": "SELL", "hash": "0a697e928d313c7062b30ad9c6a649bc7976636f", "best_bid": "0.16", "best_ask": "0.19"}], "timestamp": "1769384013558", "event_type": "price_change"}}
{"_local_timestamp": "2026-01-25T23:34:28.022011+00:00", "data": {"market": "0xad74ec4c2b537ba1d1c914dee6a9a551136da2bc6706908aa406b028a5ce4849", "price_changes": [{"asset_id": "13807890118856274250052051142746850832347855077322656523151046362399113308927", "price": "0.21", "size": "133.33", "side": "BUY", "hash": "e11ef4a9be68cc874a376e8cef85dcdc7a2fe207", "best_bid": "0.81", "best_ask": "0.84"}, {"asset_id": "11919136486006873230016314493356477536899860152738426478109016899949404708107", "price": "0.79", "size": "133.33", "side": "SELL", "hash": "8e7947e8d296fdbcbe6d110b174566566b51d5a2", "best_bid": "0.16", "best_ask": "0.19"}], "timestamp": "1769384067604", "event_type": "price_change"}}
{"_local_timestamp": "2026-01-25T23:34:28.652136+00:00", "data": {"market": "0xad74ec4c2b537ba1d1c914dee6a9a551136da2bc6706908aa406b028a5ce4849", "price_changes": [{"asset_id": "13807890118856274250052051142746850832347855077322656523151046362399113308927", "price": "0.22", "size": "2058", "side": "BUY", "hash": "f0bdd1e6c481830130a885aab587bbd53369a763", "best_bid": "0.81", "best_ask": "0.84"}, {"asset_id": "11919136486006873230016314493356477536899860152738426478109016899949404708107", "price": "0.78", "size": "2058", "side": "SELL", "hash": "1c55ba84b6ba9384842406f5310ea6e529f14d3c", "best_bid": "0.16", "best_ask": "0.19"}], "timestamp": "1769384068149", "event_type": "price_change"}}
{"_local_timestamp": "2026-01-25T23:35:56.420792+00:00", "data": {"market": "0xad74ec4c2b537ba1d1c914dee6a9a551136da2bc6706908aa406b028a5ce4849", "price_changes": [{"asset_id": "13807890118856274250052051142746850832347855077322656523151046362399113308927", "price": "0.28", "size": "0", "side": "BUY", "hash": "252bcb60c060b2144698181841ff921167c52d68", "best_bid": "0.81", "best_ask": "0.84"}, {"asset_id": "11919136486006873230016314493356477536899860152738426478109016899949404708107", "price": "0.72", "size": "0", "side": "SELL", "hash": "ff38e0e9facfc634b8e11ee8688c87b8c25c0bd7", "best_bid": "0.16", "best_ask": "0.19"}], "timestamp": "1769384156288", "event_type": "price_change"}}
{"_local_timestamp": "2026-01-25T23:35:56.873223+00:00", "data": {"market": "0xad74ec4c2b537ba1d1c914dee6a9a551136da2bc6706908aa406b028a5ce4849", "price_changes": [{"asset_id": "13807890118856274250052051142746850832347855077322656523151046362399113308927", "price": "0.27", "size": "50", "side": "BUY", "hash": "1354c0f291d17dd2104f8433a0060ddfa96c88d8", "best_bid": "0.81", "best_ask": "0.84"}, {"asset_id": "11919136486006873230016314493356477536899860152738426478109016899949404708107", "price": "0.73", "size": "50", "side": "SELL", "hash": "6397a40e08de3f97886b1896b48df4fdee13a8c5", "best_bid": "0.16", "best_ask": "0.19"}], "timestamp": "1769384156743", "event_type": "price_change"}}
{"_local_timestamp": "2026-01-25T23:36:57.452287+00:00", "data": {"market": "0xad74ec4c2b537ba1d1c914dee6a9a551136da2bc6706908aa406b028a5ce4849", "price_changes": [{"asset_id": "13807890118856274250052051142746850832347855077322656523151046362399113308927", "price": "0.09", "size": "0", "side": "BUY", "hash": "1a7d5c014bb95a59a27c17876bc53f079ddd71f1", "best_bid": "0.81", "best_ask": "0.84"}, {"asset_id": "11919136486006873230016314493356477536899860152738426478109016899949404708107", "price": "0.91", "size": "0", "side": "SELL", "hash": "22bbb85d9217de98a1d2222173836407c4ce44f5", "best_bid": "0.16", "best_ask": "0.19"}], "timestamp": "1769384217260", "event_type": "price_change"}}
{"_local_timestamp": "2026-01-25T23:37:09.339593+00:00", "data": {"market": "0xad74ec4c2b537ba1d1c914dee6a9a551136da2bc6706908aa406b028a5ce4849", "price_changes": [{"asset_id": "13807890118856274250052051142746850832347855077322656523151046362399113308927", "price": "0.36", "size": "300", "side": "BUY", "hash": "281741169825eb17ea118c0da9543609fe97919c", "best_bid": "0.81", "best_ask": "0.84"}, {"asset_id": "11919136486006873230016314493356477536899860152738426478109016899949404708107", "price": "0.64", "size": "300", "side": "SELL", "hash": "32069e5fd33cd50686c446fd7b060f3dcaae9c67", "best_bid": "0.16", "best_ask": "0.19"}], "timestamp": "1769384229265", "event_type": "price_change"}}
{"_local_timestamp": "2026-01-25T23:37:35.247967+00:00", "data": {"market": "0xad74ec4c2b537ba1d1c914dee6a9a551136da2bc6706908aa406b028a5ce4849", "price_changes": [{"asset_id": "13807890118856274250052051142746850832347855077322656523151046362399113308927", "price": "0.22", "size": "150", "side": "BUY", "hash": "6b4ac8b30db0de7e7397e85a186f0686e8c6c326", "best_bid": "0.81", "best_ask": "0.84"}, {"asset_id": "11919136486006873230016314493356477536899860152738426478109016899949404708107", "price": "0.78", "size": "150", "side": "SELL", "hash": "45882b75a924bebee1297765cc284be1a123726a", "best_bid": "0.16", "best_ask": "0.19"}], "timestamp": "1769384255117", "event_type": "price_change"}}
{"_local_timestamp": "2026-01-25T23:37:37.913463+00:00", "data": {"market": "0xad74ec4c2b537ba1d1c914dee6a9a551136da2bc6706908aa406b028a5ce4849", "price_changes": [{"asset_id": "13807890118856274250052051142746850832347855077322656523151046362399113308927", "price": "0.2", "size": "2100", "side": "BUY", "hash": "fc5c13772238b8f9973e513de67b267b9eab2603", "best_bid": "0.81", "best_ask": "0.84"}, {"asset_id": "11919136486006873230016314493356477536899860152738426478109016899949404708107", "price": "0.8", "size": "2100", "side": "SELL", "hash": "d833ebd368a84636b4ec32aef708c94e3d55cb86", "best_bid": "0.16", "best_ask": "0.19"}], "timestamp": "1769384257844", "event_type": "price_change"}}
{"_local_timestamp": "2026-01-25T23:39:20.519772+00:00", "data": {"market": "0xad74ec4c2b537ba1d1c914dee6a9a551136da2bc6706908aa406b028a5ce4849", "price_changes": [{"asset_id": "13807890118856274250052051142746850832347855077322656523151046362399113308927", "price": "0.2", "size": "0", "side": "BUY", "hash": "6af83aa1b7ff53cdc71478b08a8c64d0dd84f14c", "best_bid": "0.81", "best_ask": "0.84"}, {"asset_id": "11919136486006873230016314493356477536899860152738426478109016899949404708107", "price": "0.8", "size": "0", "side": "SELL", "hash": "1f2b69c468e3cec6ce2785467afd79b798369a40", "best_bid": "0.16", "best_ask": "0.19"}], "timestamp": "1769384360341", "event_type": "price_change"}}
