{"_local_timestamp": "2026-01-25T23:33:19.183273+00:00", "data": [{"market": "0x966c4246b6fd493d3c8d8a78cd01af7e9ab37bfcdcfc443e52fff05c849849d3", "asset_id": "30067386062907888066453898823774239601138550807546707350388500862876873138732", "timestamp": "1769383922005", "hash": "9066f74d23bafc6a03fcb739a6eeed1dd92c0ffe", "bids": [{"price": "0.001", "size": "1086.05"}, {"price": "0.002", "size": "404.39"}, {"price": "0.015", "size": "9"}, {"price": "0.016", "size": "10.56"}, {"price": "0.025", "size": "100"}, {"price": "0.026", "size": "60"}, {"price": "0.027", "size": "49.99"}], "asks": [{"price": "0.999", "size": "3114.99"}, {"price": "0.99", "size": "23"}, {"price": "0.97", "size": "124"}, {"price": "0.95", "size": "30"}, {"price": "0.9", "size": "360"}, {"price": "0.85", "size": "226.66"}, {"price": "0.8", "size": "160"}, {"price": "0.76", "size": "116.66"}, {"price": "0.733", "size": "5"}, {"price": "0.71", "size": "89.65"}, {"price": "0.66", "size": "70.58"}, {"price": "0.61", "size": "51.28"}, {"price": "0.599", "size": "400"}, {"price": "0.598", "size": "5"}, {"price": "0.15", "size": "20"}, {"price": "0.08", "size": "102.33"}, {"price": "0.079", "size": "392.1"}, {"price": "0.071", "size": "700"}, {"price": "0.07", "size": "700"}, {"price": "0.068", "size": "4828.66"}, {"price": "0.067", "size": "10.6"}], "event_type": "book", "last_trade_price": "0.932"}, {"market": "0x966c4246b6fd493d3c8d8a78cd01af7e9ab37bfcdcfc443e52fff05c849849d3", "asset_id": "53912148792122350875306836591858850656555508262107599828438357128873832212220", "timestamp": "1769383922005", "hash": "fdad43f218493822d7c3df9c4d33aac51da3ed5f", "bids": [{"price": "0.001", "size": "3114.99"}, {"price": "0.01", "size": "23"}, {"price": "0.03", "size": "124"}, {"price": "0.05", "size": "30"}, {"price": "0.1", "size": "360"}, {"price": "0.15", "size": "226.66"}, {"price": "0.2", "size": "160"}, {"price": "0.24", "size": "116.66"}, {"price": "0.267", "size": "5"}, {"price": "0.29", "size": "89.65"}, {"price": "0.34", "size": "70.58"}, {"price": "0.39", "size": "51.28"}, {"price": "0.401", "size": "400"}, {"price": "0.402", "size": "5"}, {"price": "0.85", "size": "20"}, {"price": "0.92", "size": "102.33"}, {"price": "0.921", "size": "392.1"}, {"price": "0.929", "size": "700"}, {"price": "0.93", "size": "700"}, {"price": "0.932", "size": "4828.66"}, {"price": "0.933", "size": "10.6"}], "asks": [{"price": "0.999", "size": "1086.05"}, {"price": "0.998", "size": "404.39"}, {"price": "0.985", "size": "9"}, {"price": "0.984", "size": "10.56"}, {"price": "0.975", "size": "100"}, {"price": "0.974", "size": "60"}, {"price": "0.973", "size": "49.99"}], "event_type": "book", "last_trade_price": "0.932"}]}
{"_local_timestamp": "2026-01-25T23:33:23.452387+00:00", "data": {"market": "0x966c4246b6fd493d3c8d8a78cd01af7e9ab37bfcdcfc443e52fff05c849849d3", "price_changes": [{"asset_id": "53912148792122350875306836591858850656555508262107599828438357128873832212220", "price": "0.267", "size": "0", "side": "BUY", "hash": "387af9151ca3cafa4992da79916bd45c4553fb80", "best_bid": "0.933", "best_ask": "0.973"}, {"asset_id": "30067386062907888066453898823774239601138550807546707350388500862876873138732", "price": "0.733", "size": "0", "side": "SELL", "hash": "53c72cbe121edb4ccd0815087cc45e227df0c5e3", "best_bid": "0.027", "best_ask": "0.067"}], "timestamp": "1769384003369", "event_type": "price_change"}}
{"_local_timestamp": "2026-01-25T23:33:23.474457+00:00", "data": {"market": "0x966c4246b6fd493d3c8d8a78cd01af7e9ab37bfcdcfc443e52fff05c849849d3", "price_changes": [{"asset_id": "30067386062907888066453898823774239601138550807546707350388500862876873138732", "price": "0.028", "size": "39", "side": "BUY", "hash": "b85bee109cb5e061a86d140ea346dcfce35b9e8c", "best_bid": "0.028", "best_ask": "0.067"}, {"asset_id": "53912148792122350875306836591858850656555508262107599828438357128873832212220", "price": "0.972", "size": "39", "side": "SELL", "hash": "f67851e53ab34d00ae586b28654380356199e9c6", "best_bid": "0.933", "best_ask": "0.972"}], "timestamp": "1769384003395", "event_type": "price_change"}}
{"_local_timestamp": "2026-01-25T23:33:24.224918+00:00", "data": {"market": "0x966c4246b6fd493d3c8d8a78cd01af7e9ab37bfcdcfc443e52fff05c849849d3", "price_changes": [{"asset_id": "53912148792122350875306836591858850656555508262107599828438357128873832212220", "price": "0.267", "size": "5", "side": "BUY", "hash": "88ae85bf5fdedfd90b4b9b78a368a7b0302306cd", "best_bid": "0.933", "best_ask": "0.972"}, {"asset_id": "30067386062907888066453898823774239601138550807546707350388500862876873138732", "price": "0.733", "size": "5", "side": "SELL", "hash": "dfa22f549b98fc34402d8ff57e86b4a07531c53f", "best_bid": "0.028", "best_ask": "0.067"}], "timestamp": "1769384004150", "event_type": "price_change"}}
{"_local_timestamp": "2026-01-25T23:33:24.235372+00:00", "data": {"market": "0x966c4246b6fd493d3c8d8a78cd01af7e9ab37bfcdcfc443e52fff05c849849d3", "price_changes": [{"asset_id": "53912148792122350875306836591858850656555508262107599828438357128873832212220", "price": "0.002", "size": "22.39", "side": "BUY", "hash": "ac38e04dd2eb0cbd2e6941facda2365055452b33", "best_bid": "0.933", "best_ask": "0.972"}, {"asset_id": "30067386062907888066453898823774239601138550807546707350388500862876873138732", "price": "0.998", "size": "22.39", "side": "SELL", "hash": "334624661c464992b808d585a949c07eb7499df6", "best_bid": "0.028", "best_ask": "0.067"}], "timestamp": "1769384004159", "event_type": "price_change"}}
{"_local_timestamp": "2026-01-25T23:33:24.246895+00:00", "data": {"market": "0x966c4246b6fd493d3c8d8a78cd01af7e9ab37bfcdcfc443e52fff05c849849d3", "price_changes": [{"asset_id": "53912148792122350875306836591858850656555508262107599828438357128873832212220", "price": "0.011", "size": "8.41", "side": "BUY", "hash": "39007121148fc70f6e28371a7a777dcaa076f98f", "best_bid": "0.933", "best_ask": "0.972"}, {"asset_id": "30067386062907888066453898823774239601138550807546707350388500862876873138732", "price": "0.989", "size": "8.41", "side": "SELL", "hash": "d89cbef0f092c9b72b060c87c226381c64f53d60", "best_bid": "0.028", "best_ask": "0.067"}], "timestamp": "1769384004167", "event_type": "price_change"}}
{"_local_timestamp": "2026-01-25T23:33:24.247808+00:00", "data": {"market": "0x966c4246b6fd493d3c8d8a78cd01af7e9ab37bfcdcfc443e52fff05c849849d3", "price_changes": [{"asset_id": "53912148792122350875306836591858850656555508262107599828438357128873832212220", "price": "0.001", "size": "3120.09", "side": "BUY", "hash": "4750e4b9063acd55a579a6a0c4fd90d7513774f8", "best_bid": "0.933", "best_ask": "0.972"}, {"asset_id": "30067386062907888066453898823774239601138550807546707350388500862876873138732", "price": "0.999", "size": "3120.09", "side": "SELL", "hash": "b6019b00319fcbcd1b62312f0d30b8575a64608a", "best_bid": "0.028", "best_ask": "0.067"}], "timestamp": "1769384004171", "event_type": "price_change"}}
{"_local_timestamp": "2026-01-25T23:33:24.248675+00:00", "data": {"market": "0x966c4246b6fd493d3c8d8a78cd01af7e9ab37bfcdcfc443e52fff05c849849d3", "price_changes": [{"asset_id": "53912148792122350875306836591858850656555508262107599828438357128873832212220", "price": "0.031", "size": "8.37", "side": "BUY", "hash": "73bec56f2e738f3868669e72fc219bec6908c7d8", "best_bid": "0.933", "best_ask": "0.972"}, {"asset_id": "30067386062907888066453898823774239601138550807546707350388500862876873138732", "price": "0.969", "size": "8.37", "side": "SELL", "hash": "c4f51a18f08892f95bd507b6a247f99c98015f96", "best_bid": "0.028", "best_ask": "0.067"}], "timestamp": "1769384004174", "event_type": "price_change"}}
{"_local_timestamp": "2026-01-25T23:33:24.248980+00:00", "data": {"market": "0x966c4246b6fd493d3c8d8a78cd01af7e9ab37bfcdcfc443e52fff05c849849d3", "price_changes": [{"asset_id": "53912148792122350875306836591858850656555508262107599828438357128873832212220", "price": "0.101", "size": "5.91", "side": "BUY", "hash": "f1962a7ecee821f2fea7145948286213ee82068d", "best_bid": "0.933", "best_ask": "0.972"}, {"asset_id": "30067386062907888066453898823774239601138550807546707350388500862876873138732", "price": "0.899", "size": "5.91", "side": "SELL", "hash": "72a4134fcd07c970cdd4e694fcbf39df7056b753", "best_bid": "0.028", "best_ask": "0.067"}], "timestamp": "1769384004178", "event_type": "price_change"}}
{"_local_timestamp": "2026-01-25T23:33:24.715861+00:00", "data": {"market": "0x966c4246b6fd493d3c8d8a78cd01af7e9ab37bfcdcfc443e52fff05c849849d3", "price_changes": [{"asset_id": "30067386062907888066453898823774239601138550807546707350388500862876873138732", "price": "0.028", "size": "0", "side": "BUY", "hash": "87095cc725f738ef4cc784910b4fa482e2400995", "best_bid": "0.027", "best_ask": "0.067"}, {"asset_id": "53912148792122350875306836591858850656555508262107599828438357128873832212220", "price": "0.972", "size": "0", "side": "SELL", "hash": "450112f26404f27f1a1dee5b84ffec9455ab5740", "best_bid": "0.933", "best_ask": "0.973"}], "timestamp": "1769384004643", "event_type": "price_change"}}
