{"_local_timestamp": "2026-01-25T23:33:16.943825+00:00", "data": [{"market": "0xcab7ba4a9133cfd407d7e73e5757e5abbace413b59421527a31113406c97815c", "asset_id": "20002636398944597965698652220992177552927816915094913583821579024925426590022", "timestamp": "1769383982300", "hash": "301eca89f262f485a034e9f49121d5d9b49358c6", "bids": [{"price": "0.001", "size": "507730.91"}, {"price": "0.002", "size": "6257.57"}, {"price": "0.003", "size": "1400"}, {"price": "0.004", "size": "3000"}, {"price": "0.005", "size": "6.89"}, {"price": "0.006", "size": "200"}, {"price": "0.007", "size": "9000"}, {"price": "0.01", "size": "1018"}, {"price": "0.011", "size": "2000"}, {"price": "0.012", "size": "5.01"}, {"price": "0.02", "size": "1000"}, {"price": "0.021", "size": "152.38"}, {"price": "0.024", "size": "3200"}, {"price": "0.025", "size": "147.69"}, {"price": "0.026", "size": "123.07"}, {"price": "0.027", "size": "11.41"}, {"price": "0.05", "size": "30"}, {"price": "0.051", "size": "39"}, {"price": "0.06", "size": "500"}, {"price": "0.061", "size": "52.45"}, {"price": "0.07", "size": "52.74"}, {"price": "0.071", "size": "45.07"}, {"price": "0.1", "size": "560"}, {"price": "0.102", "size": "5050"}, {"price": "0.103", "size": "35.84"}, {"price": "0.104", "size": "30.76"}, {"price": "0.105", "size": "5.49"}, {"price": "0.128", "size": "28.84"}, {"price": "0.129", "size": "24.8"}, {"price": "0.15", "size": "776.66"}, {"price": "0.151", "size": "21.19"}, {"price": "0.164", "size": "22.51"}, {"price": "0.165", "size": "19.39"}, {"price": "0.2", "size": "610"}, {"price": "0.201", "size": "34.28"}, {"price": "0.223", "size": "65"}, {"price": "0.224", "size": "14.28"}, {"price": "0.25", "size": "312"}, {"price": "0.251", "size": "14.71"}, {"price": "0.252", "size": "12.69"}, {"price": "0.261", "size": "14.14"}, {"price": "0.262", "size": "12.21"}, {"price": "0.3", "size": "147.32"}, {"price": "0.303", "size": "2752.44"}, {"price": "0.304", "size": "250"}, {"price": "0.34", "size": "50"}, {"price": "0.35", "size": "68.57"}, {"price": "0.351", "size": "10.51"}, {"price": "0.4", "size": "58"}, {"price": "0.401", "size": "9.2"}, {"price": "0.47", "size": "500"}, {"price": "0.489", "size": "7.55"}, {"price": "0.49", "size": "6.53"}, {"price": "0.51", "size": "20"}, {"price": "0.523", "size": "62"}, {"price": "0.524", "size": "500"}, {"price": "0.528", "size": "6.99"}, {"price": "0.529", "size": "5"}, {"price": "0.723", "size": "83"}, {"price": "0.823", "size": "190"}, {"price": "0.824", "size": "300"}, {"price": "0.923", "size": "267"}, {"price": "0.924", "size": "300"}, {"price": "0.941", "size": "42.94"}, {"price": "0.952", "size": "200"}, {"price": "0.958", "size": "40.74"}, {"price": "0.96", "size": "121.09"}], "asks": [{"price": "0.999", "size": "14729.03"}, {"price": "0.998", "size": "3687.6"}, {"price": "0.997", "size": "176.9"}, {"price": "0.995", "size": "53"}, {"price": "0.994", "size": "51.82"}, {"price": "0.983", "size": "298.64"}, {"price": "0.982", "size": "13.97"}, {"price": "0.981", "size": "337.63"}], "event_type": "book", "last_trade_price": "0.026"}, {"market": "0xcab7ba4a9133cfd407d7e73e5757e5abbace413b59421527a31113406c97815c", "asset_id": "96361925776989336186111887920533578209326565663637092688733016597062311745569", "timestamp": "1769383982300", "hash": "873384cac763e99c595ef22341298de34e21f791", "bids": [{"price": "0.001", "size": "14729.03"}, {"price": "0.002", "size": "3687.6"}, {"price": "0.003", "size": "176.9"}, {"price": "0.005", "size": "53"}, {"price": "0.006", "size": "51.82"}, {"price": "0.017", "size": "298.64"}, {"price": "0.018", "size": "13.97"}, {"price": "0.019", "size": "337.63"}], "asks": [{"price": "0.999", "size": "507730.91"}, {"price": "0.998", "size": "6257.57"}, {"price": "0.997", "size": "1400"}, {"price": "0.996", "size": "3000"}, {"price": "0.995", "size": "6.89"}, {"price": "0.994", "size": "200"}, {"price": "0.993", "size": "9000"}, {"price": "0.99", "size": "1018"}, {"price": "0.989", "size": "2000"}, {"price": "0.988", "size": "5.01"}, {"price": "0.98", "size": "1000"}, {"price": "0.979", "size": "152.38"}, {"price": "0.976", "size": "3200"}, {"price": "0.975", "size": "147.69"}, {"price": "0.974", "size": "123.07"}, {"price": "0.973", "size": "11.41"}, {"price": "0.95", "size": "30"}, {"price": "0.949", "size": "39"}, {"price": "0.94", "size": "500"}, {"price": "0.939", "size": "52.45"}, {"price": "0.93", "size": "52.74"}, {"price": "0.929", "size": "45.07"}, {"price": "0.9", "size": "560"}, {"price": "0.898", "size": "5050"}, {"price": "0.897", "size": "35.84"}, {"price": "0.896", "size": "30.76"}, {"price": "0.895", "size": "5.49"}, {"price": "0.872", "size": "28.84"}, {"price": "0.871", "size": "24.8"}, {"price": "0.85", "size": "776.66"}, {"price": "0.849", "size": "21.19"}, {"price": "0.836", "size": "22.51"}, {"price": "0.835", "size": "19.39"}, {"price": "0.8", "size": "610"}, {"price": "0.799", "size": "34.28"}, {"price": "0.777", "size": "65"}, {"price": "0.776", "size": "14.28"}, {"price": "0.75", "size": "312"}, {"price": "0.749", "size": "14.71"}, {"price": "0.748", "size": "12.69"}, {"price": "0.739", "size": "14.14"}, {"price": "0.738", "size": "12.21"}, {"price": "0.7", "size": "147.32"}, {"price": "0.697", "size": "2752.44"}, {"price": "0.696", "size": "250"}, {"price": "0.66", "size": "50"}, {"price": "0.65", "size": "68.57"}, {"price": "0.649", "size": "10.51"}, {"price": "0.6", "size": "58"}, {"price": "0.599", "size": "9.2"}, {"price": "0.53", "size": "500"}, {"price": "0.511", "size": "7.55"}, {"price": "0.51", "size": "6.53"}, {"price": "0.49", "size": "20"}, {"price": "0.477", "size": "62"}, {"price": "0.476", "size": "500"}, {"price": "0.472", "size": "6.99"}, {"price": "0.471", "size": "5"}, {"price": "0.277", "size": "83"}, {"price": "0.177", "size": "190"}, {"price": "0.176", "size": "300"}, {"price": "0.077", "size": "267"}, {"price": "0.076", "size": "300"}, {"price": "0.059", "size": "42.94"}, {"price": "0.048", "size": "200"}, {"price": "0.042", "size": "40.74"}, {"price": "0.04", "size": "121.09"}], "event_type": "book", "last_trade_price": "0.026"}]}
{"_local_timestamp": "2026-01-25T23:33:22.982461+00:00", "data": {"market": "0xcab7ba4a9133cfd407d7e73e5757e5abbace413b59421527a31113406c97815c", "price_changes": [{"asset_id": "20002636398944597965698652220992177552927816915094913583821579024925426590022", "price": "0.4", "size": "50", "side": "BUY", "hash": "5c95ca2d5d36ce21a569e3a5765109c40326b844", "best_bid": "0.96", "best_ask": "0.981"}, {"asset_id": "96361925776989336186111887920533578209326565663637092688733016597062311745569", "price": "0.6", "size": "50", "side": "SELL", "hash": "b0db92099827e03edab9cc307113bdbd81bd0803", "best_bid": "0.019", "best_ask": "0.04"}], "timestamp": "1769384002909", "event_type": "price_change"}}
{"_local_timestamp": "2026-01-25T23:33:23.170974+00:00", "data": {"market": "0xcab7ba4a9133cfd407d7e73e5757e5abbace413b59421527a31113406c97815c", "price_changes": [{"asset_id": "20002636398944597965698652220992177552927816915094913583821579024925426590022", "price": "0.3", "size": "136.66", "side": "BUY", "hash": "157d16bfab92a37781651feb0e42c80753b45e96", "best_bid": "0.96", "best_ask": "0.981"}, {"asset_id": "96361925776989336186111887920533578209326565663637092688733016597062311745569", "price": "0.7", "size": "136.66", "side": "SELL", "hash": "99f9c4a1e1a32f34dc49e3c0b8d07c2f7bc6244d", "best_bid": "0.019", "best_ask": "0.04"}], "timestamp": "1769384003102", "event_type": "price_change"}}
{"_local_timestamp": "2026-01-25T23:33:23.403437+00:00", "data": {"market": "0xcab7ba4a9133cfd407d7e73e5757e5abbace413b59421527a31113406c97815c", "price_changes": [{"asset_id": "20002636398944597965698652220992177552927816915094913583821579024925426590022", "price": "0.104", "size": "0", "side": "BUY", "hash": "714d0c63a240bbd84b3207029f295590fae53589", "best_bid": "0.96", "best_ask": "0.981"}, {"asset_id": "96361925776989336186111887920533578209326565663637092688733016597062311745569", "price": "0.896", "size": "0", "side": "SELL", "hash": "7b91b2d097eedddbc99fb837e13101605999337b", "best_bid": "0.019", "best_ask": "0.04"}], "timestamp": "1769384003322", "event_type": "price_change"}}
{"_local_timestamp": "2026-01-25T23:33:23.577169+00:00", "data": {"market": "0xcab7ba4a9133cfd407d7e73e5757e5abbace413b59421527a31113406c97815c", "price_changes": [{"asset_id": "20002636398944597965698652220992177552927816915094913583821579024925426590022", "price": "0.026", "size": "0", "side": "BUY", "hash": "407d4b9f7eebc761a5b074c826f64da68b0a0393", "best_bid": "0.96", "best_ask": "0.981"}, {"asset_id": "96361925776989336186111887920533578209326565663637092688733016597062311745569", "price": "0.974", "size": "0", "side": "SELL", "hash": "eefc911c0b58d1a802b87f3c80601cf6bc0e6493", "best_bid": "0.019", "best_ask": "0.04"}], "timestamp": "1769384003501", "event_type": "price_change"}}
{"_local_timestamp": "2026-01-25T23:33:23.756559+00:00", "data": {"market": "0xcab7ba4a9133cfd407d7e73e5757e5abbace413b59421527a31113406c97815c", "price_changes": [{"asset_id": "20002636398944597965698652220992177552927816915094913583821579024925426590022", "price": "0.021", "size": "0", "side": "BUY", "hash": "91cb9980cb099e9c8bd05aa0cc4dbaefb7326597", "best_bid": "0.96", "best_ask": "0.981"}, {"asset_id": "96361925776989336186111887920533578209326565663637092688733016597062311745569", "price": "0.979", "size": "0", "side": "SELL", "hash": "d76e05add14f480bc8752fb35aecec32a3296746", "best_bid": "0.019", "best_ask": "0.04"}], "timestamp": "1769384003683", "event_type": "price_change"}}
{"_local_timestamp": "2026-01-25T23:33:23.989989+00:00", "data": {"market": "0xcab7ba4a9133cfd407d7e73e5757e5abbace413b59421527a31113406c97815c", "price_changes": [{"asset_id": "20002636398944597965698652220992177552927816915094913583821579024925426590022", "price": "0.021", "size": "163.26", "side": "BUY", "hash": "f4c4bd7898b75135a14d0535080d3354c4940d1d", "best_bid": "0.96", "best_ask": "0.981"}, {"asset_id": "96361925776989336186111887920533578209326565663637092688733016597062311745569", "price": "0.979", "size": "163.26", "side": "SELL", "hash": "54ea3505d37f662a453dc4491ca7f42791965f12", "best_bid": "0.019", "best_ask": "0.04"}], "timestamp": "1769384003895", "event_type": "price_change"}}
{"_local_timestamp": "2026-01-25T23:33:24.203480+00:00", "data": {"market": "0xcab7ba4a9133cfd407d7e73e5757e5abbace413b59421527a31113406c97815c", "price_changes": [{"asset_id": "20002636398944597965698652220992177552927816915094913583821579024925426590022", "price": "0.028", "size": "122.44", "side": "BUY", "hash": "f73027b9ee0f16ffd0e5556bef0f758a5a48aac6", "best_bid": "0.96", "best_ask": "0.981"}, {"asset_id": "96361925776989336186111887920533578209326565663637092688733016597062311745569", "price": "0.972", "size": "122.44", "side": "SELL", "hash": "db3b8a7b08e273bb4f6ddc0b5cb64e74208908ed", "best_bid": "0.019", "best_ask": "0.04"}], "timestamp": "1769384004128", "event_type": "price_change"}}
{"_local_timestamp": "2026-01-25T23:33:24.425534+00:00", "data": {"market": "0xcab7ba4a9133cfd407d7e73e5757e5abbace413b59421527a31113406c97815c", "price_changes": [{"asset_id": "20002636398944597965698652220992177552927816915094913583821579024925426590022", "price": "0.061", "size": "0", "side": "BUY", "hash": "45d42c455242835152b6d06f79b91493831835c2", "best_bid": "0.96", "best_ask": "0.981"}, {"asset_id": "96361925776989336186111887920533578209326565663637092688733016597062311745569", "price": "0.939", "size": "0", "side": "SELL", "hash": "d4280cc83999a5ee90b57db40a24ce43caee5f73", "best_bid": "0.019", "best_ask": "0.04"}], "timestamp": "1769384004340", "event_type": "price_change"}}
{"_local_timestamp": "2026-01-25T23:33:24.630733+00:00", "data": {"market": "0xcab7ba4a9133cfd407d7e73e5757e5abbace413b59421527a31113406c97815c", "price_changes": [{"asset_id": "20002636398944597965698652220992177552927816915094913583821579024925426590022", "price": "0.061", "size": "56.2", "side": "BUY", "hash": "dde577382679b4dd647ed493580a57a4aecc3146", "best_bid": "0.96", "best_ask": "0.981"}, {"asset_id": "96361925776989336186111887920533578209326565663637092688733016597062311745569", "price": "0.939", "size": "56.2", "side": "SELL", "hash": "ce34ccc47ee6e04c381e6e0b71e00db5aee81ad3", "best_bid": "0.019", "best_ask": "0.04"}], "timestamp": "1769384004563", "event_type": "price_change"}}
{"_local_timestamp": "2026-01-25T23:33:24.809434+00:00", "data": {"market": "0xcab7ba4a9133cfd407d7e73e5757e5abbace413b59421527a31113406c97815c", "price_changes": [{"asset_id": "20002636398944597965698652220992177552927816915094913583821579024925426590022", "price": "0.071", "size": "0", "side": "BUY", "hash": "490be6b7c062ca315323c954c4dc541576ab4c16", "best_bid": "0.96", "best_ask": "0.981"}, {"asset_id": "96361925776989336186111887920533578209326565663637092688733016597062311745569", "price": "0.929", "size": "0", "side": "SELL", "hash": "ac17075ffc810202ef077f71f1b790177f310215", "best_bid": "0.019", "best_ask": "0.04"}], "timestamp": "1769384004742", "event_type": "price_change"}}
{"_local_timestamp": "2026-01-25T23:33:25.022180+00:00", "data": {"market": "0xcab7ba4a9133cfd407d7e73e5757e5abbace413b59421527a31113406c97815c", "price_changes": [{"asset_id": "20002636398944597965698652220992177552927816915094913583821579024925426590022", "price": "0.071", "size": "48.28", "side": "BUY", "hash": "8c83cd47df5d3bf2326936d38c50bb1908a599ba", "best_bid": "0.96", "best_ask": "0.981"}, {"asset_id": "96361925776989336186111887920533578209326565663637092688733016597062311745569", "price": "0.929", "size": "48.28", "side": "SELL", "hash": "ed258770fc5679e26d6b0fe71a7050526ed6360e", "best_bid": "0.019", "best_ask": "0.04"}], "timestamp": "1769384004948", "event_type": "price_change"}}
{"_local_timestamp": "2026-01-25T23:33:25.229248+00:00", "data": {"market": "0xcab7ba4a9133cfd407d7e73e5757e5abbace413b59421527a31113406c97815c", "price_changes": [{"asset_id": "20002636398944597965698652220992177552927816915094913583821579024925426590022", "price": "0.106", "size": "32.34", "side": "BUY", "hash": "0d1d1ee20c6252709290daf45b8971c0389c3f34", "best_bid": "0.96", "best_ask": "0.981"}, {"asset_id": "96361925776989336186111887920533578209326565663637092688733016597062311745569", "price": "0.894", "size": "32.34", "side": "SELL", "hash": "d56511958fecb129960edeabf8a3312989c27dac", "best_bid": "0.019", "best_ask": "0.04"}], "timestamp": "1769384005158", "event_type": "price_change"}}
{"_local_timestamp": "2026-01-25T23:33:25.415138+00:00", "data": {"market": "0xcab7ba4a9133cfd407d7e73e5757e5abbace413b59421527a31113406c97815c", "price_changes": [{"asset_id": "20002636398944597965698652220992177552927816915094913583821579024925426590022", "price": "0.129", "size": "0", "side": "BUY", "hash": "bddf0292b1b58f1d9a8c0dacbeb5cf9dcfee3842", "best_bid": "0.96", "best_ask": "0.981"}, {"asset_id": "96361925776989336186111887920533578209326565663637092688733016597062311745569", "price": "0.871", "size": "0", "side": "SELL", "hash": "ac363058efbfbae5df4326df8139aeaa65b93476", "best_bid": "0.019", "best_ask": "0.04"}], "timestamp": "1769384005343", "event_type": "price_change"}}
{"_local_timestamp": "2026-01-25T23:33:25.641578+00:00", "data": {"market": "0xcab7ba4a9133cfd407d7e73e5757e5abbace413b59421527a31113406c97815c", "price_changes": [{"asset_id": "20002636398944597965698652220992177552927816915094913583821579024925426590022", "price": "0.129", "size": "26.57", "side": "BUY", "hash": "48a98e4135edd85e061390c17a51e278f97bf2d6", "best_bid": "0.96", "best_ask": "0.981"}, {"asset_id": "96361925776989336186111887920533578209326565663637092688733016597062311745569", "price": "0.871", "size": "26.57", "side": "SELL", "hash": "be3ba2f8b3b1005f574ccbbc4537978251de3d4f", "best_bid": "0.019", "best_ask": "0.04"}], "timestamp": "1769384005573", "event_type": "price_change"}}
{"_local_timestamp": "2026-01-25T23:33:25.862912+00:00", "data": {"market": "0xcab7ba4a9133cfd407d7e73e5757e5abbace413b59421527a31113406c97815c", "price_changes": [{"asset_id": "20002636398944597965698652220992177552927816915094913583821579024925426590022", "price": "0.151", "size": "0", "side": "BUY", "hash": "7173d08ffa2b1b47c70c3f2db4e1803097020c7a", "best_bid": "0.96", "best_ask": "0.981"}, {"asset_id": "96361925776989336186111887920533578209326565663637092688733016597062311745569", "price": "0.849", "size": "0", "side": "SELL", "hash": "76d4a59f45d625820d3b0951c0694a230e745ac5", "best_bid": "0.019", "best_ask": "0.04"}], "timestamp": "1769384005781", "event_type": "price_change"}}
{"_local_timestamp": "2026-01-25T23:33:26.098913+00:00", "data": {"market": "0xcab7ba4a9133cfd407d7e73e5757e5abbace413b59421527a31113406c97815c", "price_changes": [{"asset_id": "20002636398944597965698652220992177552927816915094913583821579024925426590022", "price": "0.151", "size": "22.7", "side": "BUY", "hash": "d40218779e566722292784b5f2ce0056a3aeadf0", "best_bid": "0.96", "best_ask": "0.981"}, {"asset_id": "96361925776989336186111887920533578209326565663637092688733016597062311745569", "price": "0.849", "size": "22.7", "side": "SELL", "hash": "460f3a6463526f9419260b69078d2fa11214b8d2", "best_bid": "0.019", "best_ask": "0.04"}], "timestamp": "1769384006008", "event_type": "price_change"}}
{"_local_timestamp": "2026-01-25T23:33:26.294477+00:00", "data": {"market": "0xcab7ba4a9133cfd407d7e73e5757e5abbace413b59421527a31113406c97815c", "price_changes": [{"asset_id": "20002636398944597965698652220992177552927816915094913583821579024925426590022", "price": "0.165", "size": "0", "side": "BUY", "hash": "815d8776c6b1ba48cd3d15ce73d99b0246fb479c", "best_bid": "0.96", "best_ask": "0.981"}, {"asset_id": "96361925776989336186111887920533578209326565663637092688733016597062311745569", "price": "0.835", "size": "0", "side": "SELL", "hash": "53f5487131d847b611e73aad71c849cce4e52a88", "best_bid": "0.019", "best_ask": "0.04"}], "timestamp": "1769384006224", "event_type": "price_change"}}
{"_local_timestamp": "2026-01-25T23:33:26.516855+00:00", "data": {"market": "0xcab7ba4a9133cfd407d7e73e5757e5abbace413b59421527a31113406c97815c", "price_changes": [{"asset_id": "20002636398944597965698652220992177552927816915094913583821579024925426590022", "price": "0.165", "size": "20.77", "side": "BUY", "hash": "5c37a7be5bf471e29e74b47a8eb6cedcaa290b04", "best_bid": "0.96", "best_ask": "0.981"}, {"asset_id": "96361925776989336186111887920533578209326565663637092688733016597062311745569", "price": "0.835", "size": "20.77", "side": "SELL", "hash": "dc13be713c5db6ddbca0d48250c3569b2c89caec", "best_bid": "0.019", "best_ask": "0.04"}], "timestamp": "1769384006443", "event_type": "price_change"}}
{"_local_timestamp": "2026-01-25T23:33:26.705111+00:00", "data": {"market": "0xcab7ba4a9133cfd407d7e73e5757e5abbace413b59421527a31113406c97815c", "price_changes": [{"asset_id": "20002636398944597965698652220992177552927816915094913583821579024925426590022", "price": "0.201", "size": "18.36", "side": "BUY", "hash": "4edda3f0379a338e9b530c4419ef32cc5f5ae80c", "best_bid": "0.96", "best_ask": "0.981"}, {"asset_id": "96361925776989336186111887920533578209326565663637092688733016597062311745569", "price": "0.799", "size": "18.36", "side": "SELL", "hash": "459995c2d3054c320d3fd9bf88af2393ff90b4f6", "best_bid": "0.019", "best_ask": "0.04"}], "timestamp": "1769384006634", "event_type": "price_change"}}
{"_local_timestamp": "2026-01-25T23:33:26.918538+00:00", "data": {"market": "0xcab7ba4a9133cfd407d7e73e5757e5abbace413b59421527a31113406c97815c", "price_changes": [{"asset_id": "20002636398944597965698652220992177552927816915094913583821579024925426590022", "price": "0.201", "size": "35.41", "side": "BUY", "hash": "f3a5cf408376a1ccb8c33a84e2ab9653839e8864", "best_bid": "0.96", "best_ask": "0.981"}, {"asset_id": "96361925776989336186111887920533578209326565663637092688733016597062311745569", "price": "0.799", "size": "35.41", "side": "SELL", "hash": "9a3b8cdb7016e3a5cf19ff4a4ba2215cee7eaef3", "best_bid": "0.019", "best_ask": "0.04"}], "timestamp": "1769384006843", "event_type": "price_change"}}
{"_local_timestamp": "2026-01-25T23:33:27.115444+00:00", "data": {"market": "0xcab7ba4a9133cfd407d7e73e5757e5abbace413b59421527a31113406c97815c", "price_changes": [{"asset_id": "20002636398944597965698652220992177552927816915094913583821579024925426590022", "price": "0.224", "size": "0", "side": "BUY", "hash": "9cda1c8efa28d6f9ccfea567b01656f4e8a7c814", "best_bid": "0.96", "best_ask": "0.981"}, {"asset_id": "96361925776989336186111887920533578209326565663637092688733016597062311745569", "price": "0.776", "size": "0", "side": "SELL", "hash": "ca437ebccb7fcd538ddced6a43c886fe3c668af9", "best_bid": "0.019", "best_ask": "0.04"}], "timestamp": "1769384007044", "event_type": "price_change"}}
{"_local_timestamp": "2026-01-25T23:33:27.341366+00:00", "data": {"market": "0xcab7ba4a9133cfd407d7e73e5757e5abbace413b59421527a31113406c97815c", "price_changes": [{"asset_id": "20002636398944597965698652220992177552927816915094913583821579024925426590022", "price": "0.224", "size": "15.3", "side": "BUY", "hash": "1c1b0c93d6973c1f7abe3cc3f402a300c4f3b880", "best_bid": "0.96", "best_ask": "0.981"}, {"asset_id": "96361925776989336186111887920533578209326565663637092688733016597062311745569", "price": "0.776", "size": "15.3", "side": "SELL", "hash": "f41c616997ebe05141206adae9203989a06278f5", "best_bid": "0.019", "best_ask": "0.04"}], "timestamp": "1769384007259", "event_type": "price_change"}}
{"_local_timestamp": "2026-01-25T23:33:27.530303+00:00", "data": {"market": "0xcab7ba4a9133cfd407d7e73e5757e5abbace413b59421527a31113406c97815c", "price_changes": [{"asset_id": "20002636398944597965698652220992177552927816915094913583821579024925426590022", "price": "0.252", "size": "0", "side": "BUY", "hash": "e79b77b9610ed7847d0f2df25af42fe675a86100", "best_bid": "0.96", "best_ask": "0.981"}, {"asset_id": "96361925776989336186111887920533578209326565663637092688733016597062311745569", "price": "0.748", "size": "0", "side": "SELL", "hash": "d1923df61c1bc7931199b32d538d30638522b894", "best_bid": "0.019", "best_ask": "0.04"}], "timestamp": "1769384007460", "event_type": "price_change"}}
{"_local_timestamp": "2026-01-25T23:33:27.775916+00:00", "data": {"market": "0xcab7ba4a9133cfd407d7e73e5757e5abbace413b59421527a31113406c97815c", "price_changes": [{"asset_id": "20002636398944597965698652220992177552927816915094913583821579024925426590022", "price": "0.252", "size": "13.6", "side": "BUY", "hash": "79fa168cd1951a1bcf599ad4e99ecd1abad2f8f9", "best_bid": "0.96", "best_ask": "0.981"}, {"asset_id": "96361925776989336186111887920533578209326565663637092688733016597062311745569", "price": "0.748", "size": "13.6", "side": "SELL", "hash": "304ba4c2948ffbb4346bbe334ab1e2be68e70630", "best_bid": "0.019", "best_ask": "0.04"}], "timestamp": "1769384007703", "event_type": "price_change"}}
{"_local_timestamp": "2026-01-25T23:33:27.995295+00:00", "data": {"market": "0xcab7ba4a9133cfd407d7e73e5757e5abbace413b59421527a31113406c97815c", "price_changes": [{"asset_id": "20002636398944597965698652220992177552927816915094913583821579024925426590022", "price": "0.262", "size": "0", "side": "BUY", "hash": "eeeb80cc1c58c9fc2001a2df8d9445703a410e67", "best_bid": "0.96", "best_ask": "0.981"}, {"asset_id": "96361925776989336186111887920533578209326565663637092688733016597062311745569", "price": "0.738", "size": "0", "side": "SELL", "hash": "bdf9920ae53de8420decec16d6adfc27ad681688", "best_bid": "0.019", "best_ask": "0.04"}], "timestamp": "1769384007922", "event_type": "price_change"}}
{"_local_timestamp": "2026-01-25T23:33:28.210606+00:00", "data": {"market": "0xcab7ba4a9133cfd407d7e73e5757e5abbace413b59421527a31113406c97815c", "price_changes": [{"asset_id": "20002636398944597965698652220992177552927816915094913583821579024925426590022", "price": "0.262", "size": "13.08", "side": "BUY", "hash": "335507c0802de33d2a18d9a2c12c49e32e3d373d", "best_bid": "0.96", "best_ask": "0.981"}, {"asset_id": "96361925776989336186111887920533578209326565663637092688733016597062311745569", "price": "0.738", "size": "13.08", "side": "SELL", "hash": "462f93b054a6199d5a17a722f7cd18c651040431", "best_bid": "0.019", "best_ask": "0.04"}], "timestamp": "1769384008137", "event_type": "price_change"}}
{"_local_timestamp": "2026-01-25T23:33:28.415377+00:00", "data": {"market": "0xcab7ba4a9133cfd407d7e73e5757e5abbace413b59421527a31113406c97815c", "price_changes": [{"asset_id": "20002636398944597965698652220992177552927816915094913583821579024925426590022", "price": "0.352", "size": "9.74", "side": "BUY", "hash": "c6f4fe17fe154f12918e14b8416f6ac9c84fc3b3", "best_bid": "0.96", "best_ask": "0.981"}, {"asset_id": "96361925776989336186111887920533578209326565663637092688733016597062311745569", "price": "0.648", "size": "9.74", "side": "SELL", "hash": "463257dee83ca4d2486f576b15c5e719bc12d83c", "best_bid": "0.019", "best_ask": "0.04"}], "timestamp": "1769384008344", "event_type": "price_change"}}
{"_local_timestamp": "2026-01-25T23:33:28.608409+00:00", "data": {"market": "0xcab7ba4a9133cfd407d7e73e5757e5abbace413b59421527a31113406c97815c", "price_changes": [{"asset_id": "20002636398944597965698652220992177552927816915094913583821579024925426590022", "price": "0.49", "size": "0", "side": "BUY", "hash": "919e66697dd2334600ac1d8ad9abd74505f0b6bd", "best_bid": "0.96", "best_ask": "0.981"}, {"asset_id": "96361925776989336186111887920533578209326565663637092688733016597062311745569", "price": "0.51", "size": "0", "side": "SELL", "hash": "234c265eccc865ef5960f6dec37d7f817f10adaf", "best_bid": "0.019", "best_ask": "0.04"}], "timestamp": "1769384008529", "event_type": "price_change"}}
{"_local_timestamp": "2026-01-25T23:33:28.821094+00:00", "data": {"market": "0xcab7ba4a9133cfd407d7e73e5757e5abbace413b59421527a31113406c97815c", "price_changes": [{"asset_id": "20002636398944597965698652220992177552927816915094913583821579024925426590022", "price": "0.49", "size": "6.99", "side": "BUY", "hash": "9657381d058234e025ea08f8e143d0e8b50b372f", "best_bid": "0.96", "best_ask": "0.981"}, {"asset_id": "96361925776989336186111887920533578209326565663637092688733016597062311745569", "price": "0.51", "size": "6.99", "side": "SELL", "hash": "ea5e6ca17710f302bda127f9fd61820ca5c1a060", "best_bid": "0.019", "best_ask": "0.04"}], "timestamp": "1769384008749", "event_type": "price_change"}}
{"_local_timestamp": "2026-01-25T23:34:13.461579+00:00", "data": {"market": "0xcab7ba4a9133cfd407d7e73e5757e5abbace413b59421527a31113406c97815c", "price_changes": [{"asset_id": "20002636398944597965698652220992177552927816915094913583821579024925426590022", "price": "0.489", "size": "0", "side": "BUY", "hash": "9a11bb44ed1a72ab1bb82a5f86501f0b52f26521", "best_bid": "0.96", "best_ask": "0.981"}, {"asset_id": "96361925776989336186111887920533578209326565663637092688733016597062311745569", "price": "0.511", "size": "0", "side": "SELL", "hash": "4fbf38dfa3f5550d8e7abf01d363368cfe9585aa", "best_bid": "0.019", "best_ask": "0.04"}], "timestamp": "1769384053222", "event_type": "price_change"}}
{"_local_timestamp": "2026-01-25T23:34:13.762389+00:00", "data": {"market": "0xcab7ba4a9133cfd407d7e73e5757e5abbace413b59421527a31113406c97815c", "price_changes": [{"asset_id": "20002636398944597965698652220992177552927816915094913583821579024925426590022", "price": "0.261", "size": "0", "side": "BUY", "hash": "003e18b353cc1e2f24a001e19bbc4f8604597640", "best_bid": "0.96", "best_ask": "0.981"}, {"asset_id": "96361925776989336186111887920533578209326565663637092688733016597062311745569", "price": "0.739", "size": "0", "side": "SELL", "hash": "ca9bd69fd501da59aaa8cc1047daa025884d5b57", "best_bid": "0.019", "best_ask": "0.04"}], "timestamp": "1769384053432", "event_type": "price_change"}}
{"_local_timestamp": "2026-01-25T23:34:13.869976+00:00", "data": {"market": "0xcab7ba4a9133cfd407d7e73e5757e5abbace413b59421527a31113406c97815c", "price_changes": [{"asset_id": "20002636398944597965698652220992177552927816915094913583821579024925426590022", "price": "0.164", "size": "0", "side": "BUY", "hash": "0e06341f9169ef243cc64b80647a6e81479a8703", "best_bid": "0.96", "best_ask": "0.981"}, {"asset_id": "96361925776989336186111887920533578209326565663637092688733016597062311745569", "price": "0.836", "size": "0", "side": "SELL", "hash": "56a64d269be691b22dad2945c144f879492957b2", "best_bid": "0.019", "best_ask": "0.04"}], "timestamp": "1769384053640", "event_type": "price_change"}}
{"_local_timestamp": "2026-01-25T23:34:14.061261+00:00", "data": {"market": "0xcab7ba4a9133cfd407d7e73e5757e5abbace413b59421527a31113406c97815c", "price_changes": [{"asset_id": "20002636398944597965698652220992177552927816915094913583821579024925426590022", "price": "0.128", "size": "0", "side": "BUY", "hash": "04345dd487fc60da6d376f5ed8461ea2deb679e7", "best_bid": "0.96", "best_ask": "0.981"}, {"asset_id": "96361925776989336186111887920533578209326565663637092688733016597062311745569", "price": "0.872", "size": "0", "side": "SELL", "hash": "a4b1dd767c3b12bde608d0b9449d63ffed365270", "best_bid": "0.019", "best_ask": "0.04"}], "timestamp": "1769384053835", "event_type": "price_change"}}
{"_local_timestamp": "2026-01-25T23:34:14.273317+00:00", "data": {"market": "0xcab7ba4a9133cfd407d7e73e5757e5abbace413b59421527a31113406c97815c", "price_changes": [{"asset_id": "20002636398944597965698652220992177552927816915094913583821579024925426590022", "price": "0.103", "size": "0", "side": "BUY", "hash": "0d9ff3f35e0a038c6496e34e08434c545865ec23", "best_bid": "0.96", "best_ask": "0.981"}, {"asset_id": "96361925776989336186111887920533578209326565663637092688733016597062311745569", "price": "0.897", "size": "0", "side": "SELL", "hash": "d7ab4f955743e46728fcc4e18d764bacc114a883", "best_bid": "0.019", "best_ask": "0.04"}], "timestamp": "1769384054036", "event_type": "price_change"}}
{"_local_timestamp": "2026-01-25T23:34:14.485754+00:00", "data": {"market": "0xcab7ba4a9133cfd407d7e73e5757e5abbace413b59421527a31113406c97815c", "price_changes": [{"asset_id": "20002636398944597965698652220992177552927816915094913583821579024925426590022", "price": "0.07", "size": "0", "side": "BUY", "hash": "9cac254a34f995a2394f3e44bc453838816a5273", "best_bid": "0.96", "best_ask": "0.981"}, {"asset_id": "96361925776989336186111887920533578209326565663637092688733016597062311745569", "price": "0.93", "size": "0", "side": "SELL", "hash": "b3642ec92fa874c72c45e64b669b52fbd612a4cb", "best_bid": "0.019", "best_ask": "0.04"}], "timestamp": "1769384054232", "event_type": "price_change"}}
{"_local_timestamp": "2026-01-25T23:34:14.672657+00:00", "data": {"market": "0xcab7ba4a9133cfd407d7e73e5757e5abbace413b59421527a31113406c97815c", "price_changes": [{"asset_id": "20002636398944597965698652220992177552927816915094913583821579024925426590022", "price": "0.025", "size": "0", "side": "BUY", "hash": "79199c517d8c9c21e257fae43697c54856f50864", "best_bid": "0.96", "best_ask": "0.981"}, {"asset_id": "96361925776989336186111887920533578209326565663637092688733016597062311745569", "price": "0.975", "size": "0", "side": "SELL", "hash": "0905e6770a6370a09386f6359fe03d7b7c81d4f6", "best_bid": "0.019", "best_ask": "0.04"}], "timestamp": "1769384054432", "event_type": "price_change"}}
{"_local_timestamp": "2026-01-25T23:34:14.856796+00:00", "data": {"market": "0xcab7ba4a9133cfd407d7e73e5757e5abbace413b59421527a31113406c97815c", "price_changes": [{"asset_id": "20002636398944597965698652220992177552927816915094913583821579024925426590022", "price": "0.528", "size": "0", "side": "BUY", "hash": "4d2a86600070846a0d1626a08a8d5ebf28f52645", "best_bid": "0.96", "best_ask": "0.981"}, {"asset_id": "96361925776989336186111887920533578209326565663637092688733016597062311745569", "price": "0.472", "size": "0", "side": "SELL", "hash": "0245496abec7630a7f4990c8ff66be4c5d1f75a2", "best_bid": "0.019", "best_ask": "0.04"}], "timestamp": "1769384054608", "event_type": "price_change"}}
{"_local_timestamp": "2026-01-25T23:34:15.039965+00:00", "data": {"market": "0xcab7ba4a9133cfd407d7e73e5757e5abbace413b59421527a31113406c97815c", "price_changes": [{"asset_id": "20002636398944597965698652220992177552927816915094913583821579024925426590022", "price": "0.303", "size": "2740.26", "side": "BUY", "hash": "1fe1e893995ef2e22aadef811fa432e50e1de734", "best_bid": "0.96", "best_ask": "0.981"}, {"asset_id": "96361925776989336186111887920533578209326565663637092688733016597062311745569", "price": "0.697", "size": "2740.26", "side": "SELL", "hash": "2c5e7934d2daf87f53f3f123fdae7c87f55c9562", "best_bid": "0.019", "best_ask": "0.04"}], "timestamp": "1769384054802", "event_type": "price_change"}}
{"_local_timestamp": "2026-01-25T23:34:15.207438+00:00", "data": {"market": "0xcab7ba4a9133cfd407d7e73e5757e5abbace413b59421527a31113406c97815c", "price_changes": [{"asset_id": "20002636398944597965698652220992177552927816915094913583821579024925426590022", "price": "0.351", "size": "0", "side": "BUY", "hash": "daa669b3d3c7cf9bd217fe01b6759c324ec47e33", "best_bid": "0.96", "best_ask": "0.981"}, {"asset_id": "96361925776989336186111887920533578209326565663637092688733016597062311745569", "price": "0.649", "size": "0", "side": "SELL", "hash": "5dcf3644116f0d6f6ba12f9657fa8f6b35e7187f", "best_bid": "0.019", "best_ask": "0.04"}], "timestamp": "1769384054981", "event_type": "price_change"}}
{"_local_timestamp": "2026-01-25T23:34:15.450633+00:00", "data": {"market": "0xcab7ba4a9133cfd407d7e73e5757e5abbace413b59421527a31113406c97815c", "price_changes": [{"asset_id": "20002636398944597965698652220992177552927816915094913583821579024925426590022", "price": "0.029", "size": "127.32", "side": "BUY", "hash": "a58c6b971b88e8617350104233ea5e0790f98f45", "best_bid": "0.96", "best_ask": "0.981"}, {"asset_id": "96361925776989336186111887920533578209326565663637092688733016597062311745569", "price": "0.971", "size": "127.32", "side": "SELL", "hash": "fa92b2571a76c0e455ea3f35b006ad92b7d3527e", "best_bid": "0.019", "best_ask": "0.04"}], "timestamp": "1769384055216", "event_type": "price_change"}}
{"_local_timestamp": "2026-01-25T23:34:15.686571+00:00", "data": {"market": "0xcab7ba4a9133cfd407d7e73e5757e5abbace413b59421527a31113406c97815c", "price_changes": [{"asset_id": "20002636398944597965698652220992177552927816915094913583821579024925426590022", "price": "0.072", "size": "51.28", "side": "BUY", "hash": "c7513dc23dc02770a694016b245167eee67437ab", "best_bid": "0.96", "best_ask": "0.981"}, {"asset_id": "96361925776989336186111887920533578209326565663637092688733016597062311745569", "price": "0.928", "size": "51.28", "side": "SELL", "hash": "6ffe5b97c49c11d6fe34350760b60203e5d2ced7", "best_bid": "0.019", "best_ask": "0.04"}], "timestamp": "1769384055438", "event_type": "price_change"}}
{"_local_timestamp": "2026-01-25T23:34:15.898350+00:00", "data": {"market": "0xcab7ba4a9133cfd407d7e73e5757e5abbace413b59421527a31113406c97815c", "price_changes": [{"asset_id": "20002636398944597965698652220992177552927816915094913583821579024925426590022", "price": "0.107", "size": "34.5", "side": "BUY", "hash": "a60bfb3572372daba016a512d8cf1c58701ae671", "best_bid": "0.96", "best_ask": "0.981"}, {"asset_id": "96361925776989336186111887920533578209326565663637092688733016597062311745569", "price": "0.893", "size": "34.5", "side": "SELL", "hash": "9272ddeaaea34a46968014306299411d01fe2d7d", "best_bid": "0.019", "best_ask": "0.04"}], "timestamp": "1769384055650", "event_type": "price_change"}}
{"_local_timestamp": "2026-01-25T23:34:16.112207+00:00", "data": {"market": "0xcab7ba4a9133cfd407d7e73e5757e5abbace413b59421527a31113406c97815c", "price_changes": [{"asset_id": "20002636398944597965698652220992177552927816915094913583821579024925426590022", "price": "0.13", "size": "28.4", "side": "BUY", "hash": "f3e6c536093a40e96fd58f4acb3bcdd0d3a36243", "best_bid": "0.96", "best_ask": "0.981"}, {"asset_id": "96361925776989336186111887920533578209326565663637092688733016597062311745569", "price": "0.87", "size": "28.4", "side": "SELL", "hash": "8873c40200fd1b21e170c43806782000f1839b05", "best_bid": "0.019", "best_ask": "0.04"}], "timestamp": "1769384055864", "event_type": "price_change"}}
{"_local_timestamp": "2026-01-25T23:34:16.318010+00:00", "data": {"market": "0xcab7ba4a9133cfd407d7e73e5757e5abbace413b59421527a31113406c97815c", "price_changes": [{"asset_id": "20002636398944597965698652220992177552927816915094913583821579024925426590022", "price": "0.166", "size": "22.24", "side": "BUY", "hash": "84db76866afd8d839d8b1b715ead025aa92cacf5", "best_bid": "0.96", "best_ask": "0.981"}, {"asset_id": "96361925776989336186111887920533578209326565663637092688733016597062311745569", "price": "0.834", "size": "22.24", "side": "SELL", "hash": "6f039200d44a2aeb3ed5d77f02fca5b3a8fca185", "best_bid": "0.019", "best_ask": "0.04"}], "timestamp": "1769384056079", "event_type": "price_change"}}
{"_local_timestamp": "2026-01-25T23:34:16.537756+00:00", "data": {"market": "0xcab7ba4a9133cfd407d7e73e5757e5abbace413b59421527a31113406c97815c", "price_changes": [{"asset_id": "20002636398944597965698652220992177552927816915094913583821579024925426590022", "price": "0.263", "size": "14.03", "side": "BUY", "hash": "056fab49ccbd8d59073d56328f7e7691d60d60ba", "best_bid": "0.96", "best_ask": "0.981"}, {"asset_id": "96361925776989336186111887920533578209326565663637092688733016597062311745569", "price": "0.737", "size": "14.03", "side": "SELL", "hash": "967832b82f2ff491d3c791f02c6bf308a8e66581", "best_bid": "0.019", "best_ask": "0.04"}], "timestamp": "1769384056304", "event_type": "price_change"}}
{"_local_timestamp": "2026-01-25T23:34:16.741309+00:00", "data": {"market": "0xcab7ba4a9133cfd407d7e73e5757e5abbace413b59421527a31113406c97815c", "price_changes": [{"asset_id": "20002636398944597965698652220992177552927816915094913583821579024925426590022", "price": "0.305", "size": "12.1", "side": "BUY", "hash": "575f74cc0de91405802396c0e5167d28f9166dfe", "best_bid": "0.96", "best_ask": "0.981"}, {"asset_id": "96361925776989336186111887920533578209326565663637092688733016597062311745569", "price": "0.695", "size": "12.1", "side": "SELL", "hash": "b89a0d9effb4851ed11710b88f7b96c3fe9a20cf", "best_bid": "0.019", "best_ask": "0.04"}], "timestamp": "1769384056515", "event_type": "price_change"}}
{"_local_timestamp": "2026-01-25T23:34:16.968039+00:00", "data": {"market": "0xcab7ba4a9133cfd407d7e73e5757e5abbace413b59421527a31113406c97815c", "price_changes": [{"asset_id": "20002636398944597965698652220992177552927816915094913583821579024925426590022", "price": "0.353", "size": "10.45", "side": "BUY", "hash": "3204e8af69cf320b07573db45c8ed531380348af", "best_bid": "0.96", "best_ask": "0.981"}, {"asset_id": "96361925776989336186111887920533578209326565663637092688733016597062311745569", "price": "0.647", "size": "10.45", "side": "SELL", "hash": "8ca6695ac2d33621b41680148d1792a6301660c4", "best_bid": "0.019", "best_ask": "0.04"}], "timestamp": "1769384056738", "event_type": "price_change"}}
{"_local_timestamp": "2026-01-25T23:34:17.176069+00:00", "data": {"market": "0xcab7ba4a9133cfd407d7e73e5757e5abbace413b59421527a31113406c97815c", "price_changes": [{"asset_id": "20002636398944597965698652220992177552927816915094913583821579024925426590022", "price": "0.491", "size": "7.51", "side": "BUY", "hash": "30f2e6277dfe7fcb9c4ef83d4e4f7579ca314dfc", "best_bid": "0.96", "best_ask": "0.981"}, {"asset_id": "96361925776989336186111887920533578209326565663637092688733016597062311745569", "price": "0.509", "size": "7.51", "side": "SELL", "hash": "abc5d27be1a27d47216b88120c41c7c40e041284", "best_bid": "0.019", "best_ask": "0.04"}], "timestamp": "1769384056951", "event_type": "price_change"}}
{"_local_timestamp": "2026-01-25T23:34:17.389981+00:00", "data": {"market": "0xcab7ba4a9133cfd407d7e73e5757e5abbace413b59421527a31113406c97815c", "price_changes": [{"asset_id": "20002636398944597965698652220992177552927816915094913583821579024925426590022", "price": "0.53", "size": "6.96", "side": "BUY", "hash": "b93e5cc54bf8c7945810553131973b4ea24a4602", "best_bid": "0.96", "best_ask": "0.981"}, {"asset_id": "96361925776989336186111887920533578209326565663637092688733016597062311745569", "price": "0.47", "size": "6.96", "side": "SELL", "hash": "6232390be29ffe4145be6d9abae7ebc0d97384a0", "best_bid": "0.019", "best_ask": "0.04"}], "timestamp": "1769384057167", "event_type": "price_change"}}
{"_local_timestamp": "2026-01-25T23:34:39.376082+00:00", "data": {"market": "0xcab7ba4a9133cfd407d7e73e5757e5abbace413b59421527a31113406c97815c", "price_changes": [{"asset_id": "96361925776989336186111887920533578209326565663637092688733016597062311745569", "price": "0.006", "size": "38.48", "side": "BUY", "hash": "00902e9a254ec1a9a365f525fb191d5c5b4bed1d", "best_bid": "0.019", "best_ask": "0.04"}, {"asset_id": "20002636398944597965698652220992177552927816915094913583821579024925426590022", "price": "0.994", "size": "38.48", "side": "SELL", "hash": "356bb95f8ff6f695e416175af106f7268822f492", "best_bid": "0.96", "best_ask": "0.981"}], "timestamp": "1769384079230", "event_type": "price_change"}}
{"_local_timestamp": "2026-01-25T23:34:40.273068+00:00", "data": {"market": "0xcab7ba4a9133cfd407d7e73e5757e5abbace413b59421527a31113406c97815c", "price_changes": [{"asset_id": "96361925776989336186111887920533578209326565663637092688733016597062311745569", "price": "0.007", "size": "11.43", "side": "BUY", "hash": "6601d04e7dde9c5ef2f27dce309a4d44cd81c0a4", "best_bid": "0.019", "best_ask": "0.04"}, {"asset_id": "20002636398944597965698652220992177552927816915094913583821579024925426590022", "price": "0.993", "size": "11.43", "side": "SELL", "hash": "a3b11b0dcfd6e749bb0951c73fdfe3a2c34cae3b", "best_bid": "0.96", "best_ask": "0.981"}], "timestamp": "1769384080129", "event_type": "price_change"}}
{"_local_timestamp": "2026-01-25T23:34:40.502779+00:00", "data": {"market": "0xcab7ba4a9133cfd407d7e73e5757e5abbace413b59421527a31113406c97815c", "price_changes": [{"asset_id": "20002636398944597965698652220992177552927816915094913583821579024925426590022", "price": "0.027", "size": "0", "side": "BUY", "hash": "f7c1728560264ca1e591c2c14ec92424d42a230c", "best_bid": "0.96", "best_ask": "0.981"}, {"asset_id": "96361925776989336186111887920533578209326565663637092688733016597062311745569", "price": "0.973", "size": "0", "side": "SELL", "hash": "ac49af03aedd85327a750f214b8aa15caffe06c7", "best_bid": "0.019", "best_ask": "0.04"}], "timestamp": "1769384080269", "event_type": "price_change"}}
{"_local_timestamp": "2026-01-25T23:34:40.503425+00:00", "data": {"market": "0xcab7ba4a9133cfd407d7e73e5757e5abbace413b59421527a31113406c97815c", "price_changes": [{"asset_id": "20002636398944597965698652220992177552927816915094913583821579024925426590022", "price": "0.105", "size": "0", "side": "BUY", "hash": "f7c1728560264ca1e591c2c14ec92424d42a230c", "best_bid": "0.96", "best_ask": "0.981"}, {"asset_id": "96361925776989336186111887920533578209326565663637092688733016597062311745569", "price": "0.895", "size": "0", "side": "SELL", "hash": "ac49af03aedd85327a750f214b8aa15caffe06c7", "best_bid": "0.019", "best_ask": "0.04"}], "timestamp": "1769384080269", "event_type": "price_change"}}
{"_local_timestamp": "2026-01-25T23:34:41.787267+00:00", "data": {"market": "0xcab7ba4a9133cfd407d7e73e5757e5abbace413b59421527a31113406c97815c", "price_changes": [{"asset_id": "20002636398944597965698652220992177552927816915094913583821579024925426590022", "price": "0.108", "size": "5.48", "side": "BUY", "hash": "8a6c7587bd316df8de3c98a130091e7212ee6e2d", "best_bid": "0.96", "best_ask": "0.981"}, {"asset_id": "96361925776989336186111887920533578209326565663637092688733016597062311745569", "price": "0.892", "size": "5.48", "side": "SELL", "hash": "acf85bc514d8845d7ebe58acc4807fbbb9282a5d", "best_bid": "0.019", "best_ask": "0.04"}], "timestamp": "1769384081705", "event_type": "price_change"}}
{"_local_timestamp": "2026-01-25T23:34:41.787952+00:00", "data": {"market": "0xcab7ba4a9133cfd407d7e73e5757e5abbace413b59421527a31113406c97815c", "price_changes": [{"asset_id": "20002636398944597965698652220992177552927816915094913583821579024925426590022", "price": "0.03", "size": "9.77", "side": "BUY", "hash": "4b23352ae065edbe0ae6f2bd464d2cbad293ba04", "best_bid": "0.96", "best_ask": "0.981"}, {"asset_id": "96361925776989336186111887920533578209326565663637092688733016597062311745569", "price": "0.97", "size": "9.77", "side": "SELL", "hash": "7234c121354c63d9bb881bb913882c66bce878ec", "best_bid": "0.019", "best_ask": "0.04"}], "timestamp": "1769384081706", "event_type": "price_change"}}
{"_local_timestamp": "2026-01-25T23:34:55.129220+00:00", "data": {"market": "0xcab7ba4a9133cfd407d7e73e5757e5abbace413b59421527a31113406c97815c", "price_changes": [{"asset_id": "20002636398944597965698652220992177552927816915094913583821579024925426590022", "price": "0.303", "size": "100", "side": "BUY", "hash": "9f18daf020f4190acfe56cefcea0f8532cd9fffa", "best_bid": "0.96", "best_ask": "0.981"}, {"asset_id": "96361925776989336186111887920533578209326565663637092688733016597062311745569", "price": "0.697", "size": "100", "side": "SELL", "hash": "11b5c1ab8e91569a2270af5e9c61c90329a20e40", "best_bid": "0.019", "best_ask": "0.04"}], "timestamp": "1769384095062", "event_type": "price_change"}}
{"_local_timestamp": "2026-01-25T23:34:55.354589+00:00", "data": {"market": "0xcab7ba4a9133cfd407d7e73e5757e5abbace413b59421527a31113406c97815c", "price_changes": [{"asset_id": "20002636398944597965698652220992177552927816915094913583821579024925426590022", "price": "0.305", "size": "2635.05", "side": "BUY", "hash": "03d80749bf98f119d3c04469e57fb75cd5ac720b", "best_bid": "0.96", "best_ask": "0.981"}, {"asset_id": "96361925776989336186111887920533578209326565663637092688733016597062311745569", "price": "0.695", "size": "2635.05", "side": "SELL", "hash": "ac628a20b72326859f7452f433e9de82751bee81", "best_bid": "0.019", "best_ask": "0.04"}], "timestamp": "1769384095240", "event_type": "price_change"}}
{"_local_timestamp": "2026-01-25T23:36:57.529195+00:00", "data": {"market": "0xcab7ba4a9133cfd407d7e73e5757e5abbace413b59421527a31113406c97815c", "price_changes": [{"asset_id": "20002636398944597965698652220992177552927816915094913583821579024925426590022", "price": "0.304", "size": "0", "side": "BUY", "hash": "d3bbe5a481889b0b3ac79f8a3ee51aafd1411053", "best_bid": "0.96", "best_ask": "0.981"}, {"asset_id": "96361925776989336186111887920533578209326565663637092688733016597062311745569", "price": "0.696", "size": "0", "side": "SELL", "hash": "d7a6ca523fbd9161ed6f5034333d165b882b7416", "best_bid": "0.019", "best_ask": "0.04"}], "timestamp": "1769384217221", "event_type": "price_change"}}
{"_local_timestamp": "2026-01-25T23:36:59.839994+00:00", "data": {"market": "0xcab7ba4a9133cfd407d7e73e5757e5abbace413b59421527a31113406c97815c", "price_changes": [{"asset_id": "20002636398944597965698652220992177552927816915094913583821579024925426590022", "price": "0.306", "size": "300", "side": "BUY", "hash": "a66affa1e66857e9cc1071d9c2bdf8b97374dc59", "best_bid": "0.96", "best_ask": "0.981"}, {"asset_id": "96361925776989336186111887920533578209326565663637092688733016597062311745569", "price": "0.694", "size": "300", "side": "SELL", "hash": "04cc7cd688087f9eddeba99faa3ddc0e8d848366", "best_bid": "0.019", "best_ask": "0.04"}], "timestamp": "1769384219758", "event_type": "price_change"}}
{"_local_timestamp": "2026-01-25T23:37:13.146044+00:00", "data": {"market": "0xcab7ba4a9133cfd407d7e73e5757e5abbace413b59421527a31113406c97815c", "price_changes": [{"asset_id": "20002636398944597965698652220992177552927816915094913583821579024925426590022", "price": "0.303", "size": "50", "side": "BUY", "hash": "afa60642fa3d938e4033c01c4ef557ff9ad62191", "best_bid": "0.96", "best_ask": "0.981"}, {"asset_id": "96361925776989336186111887920533578209326565663637092688733016597062311745569", "price": "0.697", "size": "50", "side": "SELL", "hash": "cb91545fff781cc11518b8d03c0d5862ec5f4991", "best_bid": "0.019", "best_ask": "0.04"}], "timestamp": "1769384233014", "event_type": "price_change"}}
{"_local_timestamp": "2026-01-25T23:37:13.508181+00:00", "data": {"market": "0xcab7ba4a9133cfd407d7e73e5757e5abbace413b59421527a31113406c97815c", "price_changes": [{"asset_id": "20002636398944597965698652220992177552927816915094913583821579024925426590022", "price": "0.305", "size": "2685.05", "side": "BUY", "hash": "dc8afda763576d383ab61e7aeea536cdfe937aa3", "best_bid": "0.96", "best_ask": "0.981"}, {"asset_id": "96361925776989336186111887920533578209326565663637092688733016597062311745569", "price": "0.695", "size": "2685.05", "side": "SELL", "hash": "c96e565eff6470801fa193227e91678a58e995c1", "best_bid": "0.019", "best_ask": "0.04"}], "timestamp": "1769384233372", "event_type": "price_change"}}
{"_local_timestamp": "2026-01-25T23:38:21.148454+00:00", "data": {"market": "0xcab7ba4a9133cfd407d7e73e5757e5abbace413b59421527a31113406c97815c", "price_changes": [{"asset_id": "20002636398944597965698652220992177552927816915094913583821579024925426590022", "price": "0.303", "size": "0", "side": "BUY", "hash": "3d2745745bc81b185e97b91247bafd04a028ee1b", "best_bid": "0.96", "best_ask": "0.981"}, {"asset_id": "96361925776989336186111887920533578209326565663637092688733016597062311745569", "price": "0.697", "size": "0", "side": "SELL", "hash": "267e741c1b3b16777c67d7cdca53a37ba4d1590e", "best_bid": "0.019", "best_ask": "0.04"}], "timestamp": "1769384301076", "event_type": "price_change"}}
{"_local_timestamp": "2026-01-25T23:38:21.640150+00:00", "data": {"market": "0xcab7ba4a9133cfd407d7e73e5757e5abbace413b59421527a31113406c97815c", "price_changes": [{"asset_id": "20002636398944597965698652220992177552927816915094913583821579024925426590022", "price": "0.305", "size": "2735.05", "side": "BUY", "hash": "7cfa00b6d6b9a6c53aca62276b7f9ec3d01eb138", "best_bid": "0.96", "best_ask": "0.981"}, {"asset_id": "96361925776989336186111887920533578209326565663637092688733016597062311745569", "price": "0.695", "size": "2735.05", "side": "SELL", "hash": "aa2f9b0a791f4b19564c91bd3568e8b6d69e1db4", "best_bid": "0.019", "best_ask": "0.04"}], "timestamp": "1769384301466", "event_type": "price_change"}}
{"_local_timestamp": "2026-01-25T23:38:24.892338+00:00", "data": {"market": "0xcab7ba4a9133cfd407d7e73e5757e5abbace413b59421527a31113406c97815c", "price_changes": [{"asset_id": "96361925776989336186111887920533578209326565663637092688733016597062311745569", "price": "0.007", "size": "0", "side": "BUY", "hash": "fed32d87480f6df377e5cb603c104cc4c3cf5658", "best_bid": "0.019", "best_ask": "0.04"}, {"asset_id": "20002636398944597965698652220992177552927816915094913583821579024925426590022", "price": "0.993", "size": "0", "side": "SELL", "hash": "e5b78f02e190902f4f8b46f2d993ddc9ee190d51", "best_bid": "0.96", "best_ask": "0.981"}], "timestamp": "1769384304816", "event_type": "price_change"}}
{"_local_timestamp": "2026-01-25T23:38:25.245350+00:00", "data": {"market": "0xcab7ba4a9133cfd407d7e73e5757e5abbace413b59421527a31113406c97815c", "price_changes": [{"asset_id": "96361925776989336186111887920533578209326565663637092688733016597062311745569", "price": "0.006", "size": "51.82", "side": "BUY", "hash": "19df095767337ac634f33ad104077338d836760d", "best_bid": "0.019", "best_ask": "0.04"}, {"asset_id": "20002636398944597965698652220992177552927816915094913583821579024925426590022", "price": "0.994", "size": "51.82", "side": "SELL", "hash": "2167c08fbe2bf36d397f42b11c5c23f51e4d6bc3", "best_bid": "0.96", "best_ask": "0.981"}], "timestamp": "1769384305152", "event_type": "price_change"}}
{"_local_timestamp": "2026-01-25T23:39:41.116660+00:00", "data": {"market": "0xcab7ba4a9133cfd407d7e73e5757e5abbace413b59421527a31113406c97815c", "price_changes": [{"asset_id": "20002636398944597965698652220992177552927816915094913583821579024925426590022", "price": "0.952", "size": "0", "side": "BUY", "hash": "bb0e147237f1ae1f18aaf7372305904c58599ad5", "best_bid": "0.96", "best_ask": "0.981"}, {"asset_id": "96361925776989336186111887920533578209326565663637092688733016597062311745569", "price": "0.048", "size": "0", "side": "SELL", "hash": "16c3d16d8f250be630a73592b3e4de490a54712f", "best_bid": "0.019", "best_ask": "0.04"}], "timestamp": "1769384381003", "event_type": "price_change"}}
{"_local_timestamp": "2026-01-25T23:39:41.160122+00:00", "data": {"market": "0xcab7ba4a9133cfd407d7e73e5757e5abbace413b59421527a31113406c97815c", "price_changes": [{"asset_id": "96361925776989336186111887920533578209326565663637092688733016597062311745569", "price": "0.075", "size": "198", "side": "SELL", "hash": "debc5e644bdd2affbb01ae97cbd76effb4294e68", "best_bid": "0.019", "best_ask": "0.04"}, {"asset_id": "20002636398944597965698652220992177552927816915094913583821579024925426590022", "price": "0.925", "size": "198", "side": "BUY", "hash": "0db9e0869b0109dc599f8a13102e77bab9f8f33f", "best_bid": "0.96", "best_ask": "0.981"}], "timestamp": "1769384381075", "event_type": "price_change"}}
