{"_local_timestamp": "2026-01-25T23:34:00.707716+00:00", "data": [{"market": "0xf7235317fc02de9a4b94c5acc382f89d7526e4510c2286e9ec3029612f9569eb", "asset_id": "87738537035965767584861922887852827881357970727426281310157543010372650310373", "timestamp": "1769383937470", "hash": "b6250f362de96439d58c5ae43617fe6be187dff1", "bids": [{"price": "0.01", "size": "2505"}, {"price": "0.02", "size": "2725.62"}, {"price": "0.03", "size": "472.06"}, {"price": "0.04", "size": "900.95"}], "asks": [{"price": "0.99", "size": "13414.69"}, {"price": "0.98", "size": "1000"}, {"price": "0.97", "size": "3407.96"}, {"price": "0.95", "size": "530"}, {"price": "0.94", "size": "233"}, {"price": "0.93", "size": "9.48"}, {"price": "0.88", "size": "425"}, {"price": "0.84", "size": "250"}, {"price": "0.79", "size": "150"}, {"price": "0.78", "size": "9"}, {"price": "0.16", "size": "110"}, {"price": "0.13", "size": "116.75"}, {"price": "0.11", "size": "20"}, {"price": "0.08", "size": "100"}, {"price": "0.07", "size": "650"}, {"price": "0.06", "size": "870.31"}], "event_type": "book", "last_trade_price": "0.060"}, {"market": "0xf7235317fc02de9a4b94c5acc382f89d7526e4510c2286e9ec3029612f9569eb", "asset_id": "108466054803414014100850175806965709080419882922303865871420668720593812496785", "timestamp": "1769383937470", "hash": "e8dd4729dd1afaa0dbb07fc1fe4b0e20832d3670", "bids": [{"price": "0.01", "size": "13414.69"}, {"price": "0.02", "size": "1000"}, {"price": "0.03", "size": "3407.96"}, {"price": "0.05", "size": "530"}, {"price": "0.06", "size": "233"}, {"price": "0.07", "size": "9.48"}, {"price": "0.12", "size": "425"}, {"price": "0.16", "size": "250"}, {"price": "0.21", "size": "150"}, {"price": "0.22", "size": "9"}, {"price": "0.84", "size": "110"}, {"price": "0.87", "size": "116.75"}, {"price": "0.89", "size": "20"}, {"price": "0.92", "size": "100"}, {"price": "0.93", "size": "650"}, {"price": "0.94", "size": "870.31"}], "asks": [{"price": "0.99", "size": "2505"}, {"price": "0.98", "size": "2725.62"}, {"price": "0.97", "size": "472.06"}, {"price": "0.96", "size": "900.95"}], "event_type": "book", "last_trade_price": "0.060"}]}
{"_local_timestamp": "2026-01-25T23:34:34.706064+00:00", "data": {"market": "0xf7235317fc02de9a4b94c5acc382f89d7526e4510c2286e9ec3029612f9569eb", "price_changes": [{"asset_id": "87738537035965767584861922887852827881357970727426281310157543010372650310373", "price": "0.07", "size": "785.61", "side": "SELL", "hash": "ff82983b586f1bb37a03cc3b9497804bbabbc8ae", "best_bid": "0.04", "best_ask": "0.06"}, {"asset_id": "108466054803414014100850175806965709080419882922303865871420668720593812496785", "price": "0.93", "size": "785.61", "side": "BUY", "hash": "e2cd424dd6dd3416ca39933355657833f1accd5a", "best_bid": "0.94", "best_ask": "0.96"}], "timestamp": "1769384074640", "event_type": "price_change"}}
{"_local_timestamp": "2026-01-25T23:34:59.702871+00:00", "data": {"market": "0xf7235317fc02de9a4b94c5acc382f89d7526e4510c2286e9ec3029612f9569eb", "price_changes": [{"asset_id": "87738537035965767584861922887852827881357970727426281310157543010372650310373", "price": "0.07", "size": "650", "side": "SELL", "hash": "53958a4a4eea1e0e3e795410c8c1527993252536", "best_bid": "0.04", "best_ask": "0.06"}, {"asset_id": "108466054803414014100850175806965709080419882922303865871420668720593812496785", "price": "0.93", "size": "650", "side": "BUY", "hash": "b67c21dbbc6a1b71e1fb2e970c873716dc9899c2", "best_bid": "0.94", "best_ask": "0.96"}], "timestamp": "1769384099632", "event_type": "price_change"}}
{"_local_timestamp": "2026-01-25T23:35:54.865560+00:00", "data": {"market": "0xf7235317fc02de9a4b94c5acc382f89d7526e4510c2286e9ec3029612f9569eb", "price_changes": [{"asset_id": "87738537035965767584861922887852827881357970727426281310157543010372650310373", "price": "0.1", "size": "30", "side": "SELL", "hash": "59a904a6f0cc86459ee588d074f5b7080becdf4f", "best_bid": "0.04", "best_ask": "0.06"}, {"asset_id": "108466054803414014100850175806965709080419882922303865871420668720593812496785", "price": "0.9", "size": "30", "side": "BUY", "hash": "76c7c38053a0e023cf3cb6c2705bd96ed9908dfc", "best_bid": "0.94", "best_ask": "0.96"}], "timestamp": "1769384154797", "event_type": "price_change"}}
{"_local_timestamp": "2026-01-25T23:36:06.115885+00:00", "data": {"market": "0xf7235317fc02de9a4b94c5acc382f89d7526e4510c2286e9ec3029612f9569eb", "price_changes": [{"asset_id": "87738537035965767584861922887852827881357970727426281310157543010372650310373", "price": "0.12", "size": "105.61", "side": "SELL", "hash": "cea897fef3a5e1becca6d27f21c1280e7fb1bab3", "best_bid": "0.04", "best_ask": "0.06"}, {"asset_id": "108466054803414014100850175806965709080419882922303865871420668720593812496785", "price": "0.88", "size": "105.61", "side": "BUY", "hash": "0aaea4eb9504a1a8f2a703ef90c58da7f366f933", "best_bid": "0.94", "best_ask": "0.96"}], "timestamp": "1769384166031", "event_type": "price_change"}}
{"_local_timestamp": "2026-01-25T23:36:54.871965+00:00", "data": {"market": "0xf7235317fc02de9a4b94c5acc382f89d7526e4510c2286e9ec3029612f9569eb", "price_changes": [{"asset_id": "87738537035965767584861922887852827881357970727426281310157543010372650310373", "price": "0.02", "size": "2700", "side": "BUY", "hash": "12384d5f90259bbd27efa2e29e349e668d6985e3", "best_bid": "0.04", "best_ask": "0.06"}, {"asset_id": "108466054803414014100850175806965709080419882922303865871420668720593812496785", "price": "0.98", "size": "2700", "side": "SELL", "hash": "68141cb0340d1256db0e4ba09e3c0305ef08d7f2", "best_bid": "0.94", "best_ask": "0.96"}], "timestamp": "1769384214748", "event_type": "price_change"}}
{"_local_timestamp": "2026-01-25T23:36:54.872458+00:00", "data": {"market": "0xf7235317fc02de9a4b94c5acc382f89d7526e4510c2286e9ec3029612f9569eb", "price_changes": [{"asset_id": "87738537035965767584861922887852827881357970727426281310157543010372650310373", "price": "0.03", "size": "455.81", "side": "BUY", "hash": "12384d5f90259bbd27efa2e29e349e668d6985e3", "best_bid": "0.04", "best_ask": "0.06"}, {"asset_id": "108466054803414014100850175806965709080419882922303865871420668720593812496785", "price": "0.97", "size": "455.81", "side": "SELL", "hash": "68141cb0340d1256db0e4ba09e3c0305ef08d7f2", "best_bid": "0.94", "best_ask": "0.96"}], "timestamp": "1769384214748", "event_type": "price_change"}}
{"_local_timestamp": "2026-01-25T23:36:55.370510+00:00", "data": {"market": "0xf7235317fc02de9a4b94c5acc382f89d7526e4510c2286e9ec3029612f9569eb", "price_changes": [{"asset_id": "87738537035965767584861922887852827881357970727426281310157543010372650310373", "price": "0.03", "size": "472.06", "side": "BUY", "hash": "00f06c15c6318fb20a3adabb823004616daaa4a3", "best_bid": "0.04", "best_ask": "0.06"}, {"asset_id": "108466054803414014100850175806965709080419882922303865871420668720593812496785", "price": "0.97", "size": "472.06", "side": "SELL", "hash": "1611035eaeadf2abece7e113b92e63c7f69eb10f", "best_bid": "0.94", "best_ask": "0.96"}], "timestamp": "1769384215214", "event_type": "price_change"}}
{"_local_timestamp": "2026-01-25T23:36:55.370986+00:00", "data": {"market": "0xf7235317fc02de9a4b94c5acc382f89d7526e4510c2286e9ec3029612f9569eb", "price_changes": [{"asset_id": "87738537035965767584861922887852827881357970727426281310157543010372650310373", "price": "0.02", "size": "2725.62", "side": "BUY", "hash": "ee2bde3a59a3e4689fe5f6702f45a3d1499cd539", "best_bid": "0.04", "best_ask": "0.06"}, {"asset_id": "108466054803414014100850175806965709080419882922303865871420668720593812496785", "price": "0.98", "size": "2725.62", "side": "SELL", "hash": "fb226d767d33b8575352619d9daaf7a9817912f9", "best_bid": "0.94", "best_ask": "0.96"}], "timestamp": "1769384215215", "event_type": "price_change"}}
{"_local_timestamp": "2026-01-25T23:37:08.968379+00:00", "data": {"market": "0xf7235317fc02de9a4b94c5acc382f89d7526e4510c2286e9ec3029612f9569eb", "price_changes": [{"asset_id": "87738537035965767584861922887852827881357970727426281310157543010372650310373", "price": "0.12", "size": "0", "side": "SELL", "hash": "33289cf5d31bf3c26003b163fdfc8d479c8c7ffa", "best_bid": "0.04", "best_ask": "0.06"}, {"asset_id": "108466054803414014100850175806965709080419882922303865871420668720593812496785", "price": "0.88", "size": "0", "side": "BUY", "hash": "c81e007b886ec48159459ee98872ef229e3ba8c6", "best_bid": "0.94", "best_ask": "0.96"}], "timestamp": "1769384228793", "event_type": "price_change"}}
{"_local_timestamp": "2026-01-25T23:37:08.968817+00:00", "data": {"market": "0xf7235317fc02de9a4b94c5acc382f89d7526e4510c2286e9ec3029612f9569eb", "price_changes": [{"asset_id": "87738537035965767584861922887852827881357970727426281310157543010372650310373", "price": "0.1", "size": "0", "side": "SELL", "hash": "33289cf5d31bf3c26003b163fdfc8d479c8c7ffa", "best_bid": "0.04", "best_ask": "0.06"}, {"asset_id": "108466054803414014100850175806965709080419882922303865871420668720593812496785", "price": "0.9", "size": "0", "side": "BUY", "hash": "c81e007b886ec48159459ee98872ef229e3ba8c6", "best_bid": "0.94", "best_ask": "0.96"}], "timestamp": "1769384228793", "event_type": "price_change"}}
{"_local_timestamp": "2026-01-25T23:39:05.978457+00:00", "data": {"market": "0xf7235317fc02de9a4b94c5acc382f89d7526e4510c2286e9ec3029612f9569eb", "price_changes": [{"asset_id": "87738537035965767584861922887852827881357970727426281310157543010372650310373", "price": "0.07", "size": "785.61", "side": "SELL", "hash": "ab4b925141d3fdfa96fb1569c13d3d58cceaaca4", "best_bid": "0.04", "best_ask": "0.06"}, {"asset_id": "108466054803414014100850175806965709080419882922303865871420668720593812496785", "price": "0.93", "size": "785.61", "side": "BUY", "hash": "159d3adbc04542063f114acdbff4fa5f29f6588b", "best_bid": "0.94", "best_ask": "0.96"}], "timestamp": "1769384345908", "event_type": "price_change"}}
