{"_local_timestamp": "2026-01-25T23:40:49.570138+00:00", "data": [{"market": "0x7b5c576ee07b4e95934b114634af0b8c7002cdced133e4d03db8fdb5dad7efc9", "asset_id": "58522802851851118793855155558916400893498205325121134941799318021764167337515", "timestamp": "1769384446006", "hash": "89e8dc81dc3769e502939dbd6f1101743bd765a6", "bids": [{"price": "0.01", "size": "118100"}, {"price": "0.02", "size": "15407.77"}, {"price": "0.03", "size": "500"}, {"price": "0.04", "size": "3256.69"}, {"price": "0.05", "size": "905"}, {"price": "0.06", "size": "250"}, {"price": "0.07", "size": "185.71"}, {"price": "0.08", "size": "7.2"}, {"price": "0.13", "size": "100"}, {"price": "0.14", "size": "148.57"}, {"price": "0.16", "size": "4138.89"}, {"price": "0.18", "size": "2066"}, {"price": "0.19", "size": "4972.9"}, {"price": "0.2", "size": "1919.45"}, {"price": "0.21", "size": "186.28"}], "asks": [{"price": "0.99", "size": "5114.79"}, {"price": "0.98", "size": "2200"}, {"price": "0.97", "size": "27.03"}, {"price": "0.92", "size": "1150"}, {"price": "0.91", "size": "7.34"}, {"price": "0.88", "size": "833.33"}, {"price": "0.84", "size": "200"}, {"price": "0.82", "size": "1338"}, {"price": "0.8", "size": "340"}, {"price": "0.79", "size": "100"}, {"price": "0.78", "size": "1908"}, {"price": "0.77", "size": "100"}, {"price": "0.76", "size": "108.33"}, {"price": "0.75", "size": "350"}, {"price": "0.74", "size": "7"}, {"price": "0.72", "size": "185.71"}, {"price": "0.68", "size": "62.5"}, {"price": "0.65", "size": "200"}, {"price": "0.59", "size": "160"}, {"price": "0.49", "size": "75"}, {"price": "0.36", "size": "146.45"}, {"price": "0.35", "size": "11"}, {"price": "0.32", "size": "18"}, {"price": "0.31", "size": "15.94"}, {"price": "0.3", "size": "140.57"}, {"price": "0.29", "size": "11"}, {"price": "0.27", "size": "500"}, {"price": "0.26", "size": "521"}, {"price": "0.25", "size": "700"}, {"price": "0.24", "size": "1350"}, {"price": "0.23", "size": "329.74"}], "event_type": "book", "last_trade_price": "0.210"}, {"market": "0x7b5c576ee07b4e95934b114634af0b8c7002cdced133e4d03db8fdb5dad7efc9", "asset_id": "97336036946990892589126446221607202585647626122722486163761162882902175162098", "timestamp": "1769384446006", "hash": "70e059434cd7662e342192615f19e37d3b7cbc0d", "bids": [{"price": "0.01", "size": "5114.79"}, {"price": "0.02", "size": "2200"}, {"price": "0.03", "size": "27.03"}, {"price": "0.08", "size": "1150"}, {"price": "0.09", "size": "7.34"}, {"price": "0.12", "size": "833.33"}, {"price": "0.16", "size": "200"}, {"price": "0.18", "size": "1338"}, {"price": "0.2", "size": "340"}, {"price": "0.21", "size": "100"}, {"price": "0.22", "size": "1908"}, {"price": "0.23", "size": "100"}, {"price": "0.24", "size": "108.33"}, {"price": "0.25", "size": "350"}, {"price": "0.26", "size": "7"}, {"price": "0.28", "size": "185.71"}, {"price": "0.32", "size": "62.5"}, {"price": "0.35", "size": "200"}, {"price": "0.41", "size": "160"}, {"price": "0.51", "size": "75"}, {"price": "0.64", "size": "146.45"}, {"price": "0.65", "size": "11"}, {"price": "0.68", "size": "18"}, {"price": "0.69", "size": "15.94"}, {"price": "0.7", "size": "140.57"}, {"price": "0.71", "size": "11"}, {"price": "0.73", "size": "500"}, {"price": "0.74", "size": "521"}, {"price": "0.75", "size": "700"}, {"price": "0.76", "size": "1350"}, {"price": "0.77", "size": "329.74"}], "asks": [{"price": "0.99", "size": "118100"}, {"price": "0.98", "size": "15407.77"}, {"price": "0.97", "size": "500"}, {"price": "0.96", "size": "3256.69"}, {"price": "0.95", "size": "905"}, {"price": "0.94", "size": "250"}, {"price": "0.93", "size": "185.71"}, {"price": "0.92", "size": "7.2"}, {"price": "0.87", "size": "100"}, {"price": "0.86", "size": "148.57"}, {"price": "0.84", "size": "4138.89"}, {"price": "0.82", "size": "2066"}, {"price": "0.81", "size": "4972.9"}, {"price": "0.8", "size": "1919.45"}, {"price": "0.79", "size": "186.28"}], "event_type": "book", "last_trade_price": "0.210"}]}
{"_local_timestamp": "2026-01-25T23:40:51.629146+00:00", "data": {"market": "0x7b5c576ee07b4e95934b114634af0b8c7002cdced133e4d03db8fdb5dad7efc9", "price_changes": [{"asset_id": "58522802851851118793855155558916400893498205325121134941799318021764167337515", "price": "0.05", "size": "8245", "side": "BUY", "hash": "def11e8fe9dabe304ddaacd0d518c9255ceccaca", "best_bid": "0.21", "best_ask": "0.23"}, {"asset_id": "97336036946990892589126446221607202585647626122722486163761162882902175162098", "price": "0.95", "size": "8245", "side": "SELL", "hash": "939bb44b551b10253ae592080d3d2c26b6e67543", "best_bid": "0.77", "best_ask": "0.79"}], "timestamp": "1769384451563", "event_type": "price_change"}}
{"_local_timestamp": "2026-01-25T23:40:51.629622+00:00", "data": {"market": "0x7b5c576ee07b4e95934b114634af0b8c7002cdced133e4d03db8fdb5dad7efc9", "price_changes": [{"asset_id": "58522802851851118793855155558916400893498205325121134941799318021764167337515", "price": "0.19", "size": "5072.9", "side": "BUY", "hash": "2e276cf4e00c5bdfff91d664ce70f3b79c191a07", "best_bid": "0.21", "best_ask": "0.23"}, {"asset_id": "97336036946990892589126446221607202585647626122722486163761162882902175162098", "price": "0.81", "size": "5072.9", "side": "SELL", "hash": "33fd15817e9ee26e91fa596bd8e75aa1da074d32", "best_bid": "0.77", "best_ask": "0.79"}], "timestamp": "1769384451563", "event_type": "price_change"}}
{"_local_timestamp": "2026-01-25T23:40:51.629941+00:00", "data": {"market": "0x7b5c576ee07b4e95934b114634af0b8c7002cdced133e4d03db8fdb5dad7efc9", "price_changes": [{"asset_id": "58522802851851118793855155558916400893498205325121134941799318021764167337515", "price": "0.18", "size": "2583", "side": "BUY", "hash": "15aaf50cd55a2585940a6e895b371d7ee4311129", "best_bid": "0.21", "best_ask": "0.23"}, {"asset_id": "97336036946990892589126446221607202585647626122722486163761162882902175162098", "price": "0.82", "size": "2583", "side": "SELL", "hash": "029152db4532bb24097dad3ba46503fc3d6500a5", "best_bid": "0.77", "best_ask": "0.79"}], "timestamp": "1769384451564", "event_type": "price_change"}}
{"_local_timestamp": "2026-01-25T23:40:51.630215+00:00", "data": {"market": "0x7b5c576ee07b4e95934b114634af0b8c7002cdced133e4d03db8fdb5dad7efc9", "price_changes": [{"asset_id": "58522802851851118793855155558916400893498205325121134941799318021764167337515", "price": "0.16", "size": "5287.89", "side": "BUY", "hash": "fb70bbeee25ffa7fe820dec0527e3926166925a3", "best_bid": "0.21", "best_ask": "0.23"}, {"asset_id": "97336036946990892589126446221607202585647626122722486163761162882902175162098", "price": "0.84", "size": "5287.89", "side": "SELL", "hash": "92a18aa58d0da32f6433b48656bb3db13c8df99f", "best_bid": "0.77", "best_ask": "0.79"}], "timestamp": "1769384451565", "event_type": "price_change"}}
{"_local_timestamp": "2026-01-25T23:40:58.851642+00:00", "data": {"market": "0x7b5c576ee07b4e95934b114634af0b8c7002cdced133e4d03db8fdb5dad7efc9", "price_changes": [{"asset_id": "58522802851851118793855155558916400893498205325121134941799318021764167337515", "price": "0.25", "size": "944.9", "side": "SELL", "hash": "405a30eb04fa49f5ac8ddb7a2c124321351de429", "best_bid": "0.21", "best_ask": "0.23"}, {"asset_id": "97336036946990892589126446221607202585647626122722486163761162882902175162098", "price": "0.75", "size": "944.9", "side": "BUY", "hash": "d500601c27ee53f02b15646a07ea691bd17951b0", "best_bid": "0.77", "best_ask": "0.79"}], "timestamp": "1769384458784", "event_type": "price_change"}}
{"_local_timestamp": "2026-01-25T23:41:06.516812+00:00", "data": {"market": "0x7b5c576ee07b4e95934b114634af0b8c7002cdced133e4d03db8fdb5dad7efc9", "price_changes": [{"asset_id": "58522802851851118793855155558916400893498205325121134941799318021764167337515", "price": "0.23", "size": "226.65", "side": "SELL", "hash": "213011aea0eb160ca9cec05a36f9c6d93388ba55", "best_bid": "0.21", "best_ask": "0.23"}, {"asset_id": "97336036946990892589126446221607202585647626122722486163761162882902175162098", "price": "0.77", "size": "226.65", "side": "BUY", "hash": "5c83feca48c44a5b63f413648d51f6f5edcb2cd0", "best_bid": "0.77", "best_ask": "0.79"}], "timestamp": "1769384466196", "event_type": "price_change"}}
{"_local_timestamp": "2026-01-25T23:41:06.629625+00:00", "data": {"market": "0x7b5c576ee07b4e95934b114634af0b8c7002cdced133e4d03db8fdb5dad7efc9", "price_changes": [{"asset_id": "97336036946990892589126446221607202585647626122722486163761162882902175162098", "price": "0.75", "size": "844.9", "side": "BUY", "hash": "0dd6ae1c061fb2499aa8f39e420f8a31e5520d54", "best_bid": "0.77", "best_ask": "0.79"}, {"asset_id": "58522802851851118793855155558916400893498205325121134941799318021764167337515", "price": "0.25", "size": "844.9", "side": "SELL", "hash": "eeac8c3f0786fdacc22952d3d0520884b8d274fb", "best_bid": "0.21", "best_ask": "0.23"}], "timestamp": "1769384466200", "event_type": "price_change"}}
{"_local_timestamp": "2026-01-25T23:41:08.229393+00:00", "data": {"market": "0x7b5c576ee07b4e95934b114634af0b8c7002cdced133e4d03db8fdb5dad7efc9", "price_changes": [{"asset_id": "58522802851851118793855155558916400893498205325121134941799318021764167337515", "price": "0.23", "size": "329.74", "side": "SELL", "hash": "0d5376d2bca1e40aa7542b52cb3109c17fc9aa3b", "best_bid": "0.21", "best_ask": "0.23"}, {"asset_id": "97336036946990892589126446221607202585647626122722486163761162882902175162098", "price": "0.77", "size": "329.74", "side": "BUY", "hash": "f5d768f8a3b285b2d88106fb450b9aab5434cee6", "best_bid": "0.77", "best_ask": "0.79"}], "timestamp": "1769384468159", "event_type": "price_change"}}
