{"_local_timestamp": "2026-01-25T23:40:29.643926+00:00", "data": [{"market": "0xcab7ba4a9133cfd407d7e73e5757e5abbace413b59421527a31113406c97815c", "asset_id": "20002636398944597965698652220992177552927816915094913583821579024925426590022", "timestamp": "1769384381075", "hash": "0db9e0869b0109dc599f8a13102e77bab9f8f33f", "bids": [{"price": "0.001", "size": "507730.91"}, {"price": "0.002", "size": "6257.57"}, {"price": "0.003", "size": "1400"}, {"price": "0.004", "size": "3000"}, {"price": "0.005", "size": "6.89"}, {"price": "0.006", "size": "200"}, {"price": "0.007", "size": "9000"}, {"price": "0.01", "size": "1018"}, {"price": "0.011", "size": "2000"}, {"price": "0.012", "size": "5.01"}, {"price": "0.02", "size": "1000"}, {"price": "0.021", "size": "163.26"}, {"price": "0.024", "size": "3200"}, {"price": "0.028", "size": "122.44"}, {"price": "0.029", "size": "127.32"}, {"price": "0.03", "size": "9.77"}, {"price": "0.05", "size": "30"}, {"price": "0.051", "size": "39"}, {"price": "0.06", "size": "500"}, {"price": "0.061", "size": "56.2"}, {"price": "0.071", "size": "48.28"}, {"price": "0.072", "size": "51.28"}, {"price": "0.1", "size": "560"}, {"price": "0.102", "size": "5050"}, {"price": "0.106", "size": "32.34"}, {"price": "0.107", "size": "34.5"}, {"price": "0.108", "size": "5.48"}, {"price": "0.129", "size": "26.57"}, {"price": "0.13", "size": "28.4"}, {"price": "0.15", "size": "776.66"}, {"price": "0.151", "size": "22.7"}, {"price": "0.165", "size": "20.77"}, {"price": "0.166", "size": "22.24"}, {"price": "0.2", "size": "610"}, {"price": "0.201", "size": "35.41"}, {"price": "0.223", "size": "65"}, {"price": "0.224", "size": "15.3"}, {"price": "0.25", "size": "312"}, {"price": "0.251", "size": "14.71"}, {"price": "0.252", "size": "13.6"}, {"price": "0.262", "size": "13.08"}, {"price": "0.263", "size": "14.03"}, {"price": "0.3", "size": "136.66"}, {"price": "0.305", "size": "2735.05"}, {"price": "0.306", "size": "300"}, {"price": "0.34", "size": "50"}, {"price": "0.35", "size": "68.57"}, {"price": "0.352", "size": "9.74"}, {"price": "0.353", "size": "10.45"}, {"price": "0.4", "size": "50"}, {"price": "0.401", "size": "9.2"}, {"price": "0.47", "size": "500"}, {"price": "0.49", "size": "6.99"}, {"price": "0.491", "size": "7.51"}, {"price": "0.51", "size": "20"}, {"price": "0.523", "size": "62"}, {"price": "0.524", "size": "500"}, {"price": "0.529", "size": "5"}, {"price": "0.53", "size": "6.96"}, {"price": "0.723", "size": "83"}, {"price": "0.823", "size": "190"}, {"price": "0.824", "size": "300"}, {"price": "0.923", "size": "267"}, {"price": "0.924", "size": "300"}, {"price": "0.925", "size": "198"}, {"price": "0.941", "size": "42.94"}, {"price": "0.958", "size": "40.74"}, {"price": "0.96", "size": "121.09"}], "asks": [{"price": "0.999", "size": "14729.03"}, {"price": "0.998", "size": "3687.6"}, {"price": "0.997", "size": "176.9"}, {"price": "0.995", "size": "53"}, {"price": "0.994", "size": "51.82"}, {"price": "0.983", "size": "298.64"}, {"price": "0.982", "size": "13.97"}, {"price": "0.981", "size": "337.63"}], "event_type": "book", "last_trade_price": "0.026"}, {"market": "0xcab7ba4a9133cfd407d7e73e5757e5abbace413b59421527a31113406c97815c", "asset_id": "96361925776989336186111887920533578209326565663637092688733016597062311745569", "timestamp": "1769384381075", "hash": "debc5e644bdd2affbb01ae97cbd76effb4294e68", "bids": [{"price": "0.001", "size": "14729.03"}, {"price": "0.002", "size": "3687.6"}, {"price": "0.003", "size": "176.9"}, {"price": "0.005", "size": "53"}, {"price": "0.006", "size": "51.82"}, {"price": "0.017", "size": "298.64"}, {"price": "0.018", "size": "13.97"}, {"price": "0.019", "size": "337.63"}], "asks": [{"price": "0.999", "size": "507730.91"}, {"price": "0.998", "size": "6257.57"}, {"price": "0.997", "size": "1400"}, {"price": "0.996", "size": "3000"}, {"price": "0.995", "size": "6.89"}, {"price": "0.994", "size": "200"}, {"price": "0.993", "size": "9000"}, {"price": "0.99", "size": "1018"}, {"price": "0.989", "size": "2000"}, {"price": "0.988", "size": "5.01"}, {"price": "0.98", "size": "1000"}, {"price": "0.979", "size": "163.26"}, {"price": "0.976", "size": "3200"}, {"price": "0.972", "size": "122.44"}, {"price": "0.971", "size": "127.32"}, {"price": "0.97", "size": "9.77"}, {"price": "0.95", "size": "30"}, {"price": "0.949", "size": "39"}, {"price": "0.94", "size": "500"}, {"price": "0.939", "size": "56.2"}, {"price": "0.929", "size": "48.28"}, {"price": "0.928", "size": "51.28"}, {"price": "0.9", "size": "560"}, {"price": "0.898", "size": "5050"}, {"price": "0.894", "size": "32.34"}, {"price": "0.893", "size": "34.5"}, {"price": "0.892", "size": "5.48"}, {"price": "0.871", "size": "26.57"}, {"price": "0.87", "size": "28.4"}, {"price": "0.85", "size": "776.66"}, {"price": "0.849", "size": "22.7"}, {"price": "0.835", "size": "20.77"}, {"price": "0.834", "size": "22.24"}, {"price": "0.8", "size": "610"}, {"price": "0.799", "size": "35.41"}, {"price": "0.777", "size": "65"}, {"price": "0.776", "size": "15.3"}, {"price": "0.75", "size": "312"}, {"price": "0.749", "size": "14.71"}, {"price": "0.748", "size": "13.6"}, {"price": "0.738", "size": "13.08"}, {"price": "0.737", "size": "14.03"}, {"price": "0.7", "size": "136.66"}, {"price": "0.695", "size": "2735.05"}, {"price": "0.694", "size": "300"}, {"price": "0.66", "size": "50"}, {"price": "0.65", "size": "68.57"}, {"price": "0.648", "size": "9.74"}, {"price": "0.647", "size": "10.45"}, {"price": "0.6", "size": "50"}, {"price": "0.599", "size": "9.2"}, {"price": "0.53", "size": "500"}, {"price": "0.51", "size": "6.99"}, {"price": "0.509", "size": "7.51"}, {"price": "0.49", "size": "20"}, {"price": "0.477", "size": "62"}, {"price": "0.476", "size": "500"}, {"price": "0.471", "size": "5"}, {"price": "0.47", "size": "6.96"}, {"price": "0.277", "size": "83"}, {"price": "0.177", "size": "190"}, {"price": "0.176", "size": "300"}, {"price": "0.077", "size": "267"}, {"price": "0.076", "size": "300"}, {"price": "0.075", "size": "198"}, {"price": "0.059", "size": "42.94"}, {"price": "0.042", "size": "40.74"}, {"price": "0.04", "size": "121.09"}], "event_type": "book", "last_trade_price": "0.026"}]}
{"_local_timestamp": "2026-01-25T23:41:20.697861+00:00", "data": {"market": "0xcab7ba4a9133cfd407d7e73e5757e5abbace413b59421527a31113406c97815c", "price_changes": [{"asset_id": "20002636398944597965698652220992177552927816915094913583821579024925426590022", "price": "0.952", "size": "200", "side": "BUY", "hash": "0da25f3126ab52e9c4c62750d7f8c838f9dfa3b7", "best_bid": "0.96", "best_ask": "0.981"}, {"asset_id": "96361925776989336186111887920533578209326565663637092688733016597062311745569", "price": "0.048", "size": "200", "side": "SELL", "hash": "9de8c2bfa2b0a06eb280d16e1bc62fff406497c7", "best_bid": "0.019", "best_ask": "0.04"}], "timestamp": "1769384480624", "event_type": "price_change"}}
{"_local_timestamp": "2026-01-25T23:41:20.735102+00:00", "data": {"market": "0xcab7ba4a9133cfd407d7e73e5757e5abbace413b59421527a31113406c97815c", "price_changes": [{"asset_id": "96361925776989336186111887920533578209326565663637092688733016597062311745569", "price": "0.075", "size": "0", "side": "SELL", "hash": "805d6fbe90a2cc4d783a6faf1ced2ce97e389b22", "best_bid": "0.019", "best_ask": "0.04"}, {"asset_id": "20002636398944597965698652220992177552927816915094913583821579024925426590022", "price": "0.925", "size": "0", "side": "BUY", "hash": "1f8ebbc70ba63fcf5eb15fab595cadc4eed136d4", "best_bid": "0.96", "best_ask": "0.981"}], "timestamp": "1769384480649", "event_type": "price_change"}}
{"_local_timestamp": "2026-01-25T23:42:19.468866+00:00", "data": {"market": "0xcab7ba4a9133cfd407d7e73e5757e5abbace413b59421527a31113406c97815c", "price_changes": [{"asset_id": "96361925776989336186111887920533578209326565663637092688733016597062311745569", "price": "0.006", "size": "38.48", "side": "BUY", "hash": "e0e92b6e7a23de4b1595e4df38f0699bd8d4fafb", "best_bid": "0.019", "best_ask": "0.04"}, {"asset_id": "20002636398944597965698652220992177552927816915094913583821579024925426590022", "price": "0.994", "size": "38.48", "side": "SELL", "hash": "e8cc939085e64af11766665ead0c35a7cfc0e2f3", "best_bid": "0.96", "best_ask": "0.981"}], "timestamp": "1769384539347", "event_type": "price_change"}}
{"_local_timestamp": "2026-01-25T23:42:20.186506+00:00", "data": {"market": "0xcab7ba4a9133cfd407d7e73e5757e5abbace413b59421527a31113406c97815c", "price_changes": [{"asset_id": "96361925776989336186111887920533578209326565663637092688733016597062311745569", "price": "0.006", "size": "51.82", "side": "BUY", "hash": "1aab7d1ca960095a28c31f4e2849dc662506f5a0", "best_bid": "0.019", "best_ask": "0.04"}, {"asset_id": "20002636398944597965698652220992177552927816915094913583821579024925426590022", "price": "0.994", "size": "51.82", "side": "SELL", "hash": "fcc4c26858a2d989c03c25f0186af8724bb1ec2b", "best_bid": "0.96", "best_ask": "0.981"}], "timestamp": "1769384540028", "event_type": "price_change"}}
{"_local_timestamp": "2026-01-25T23:42:32.383345+00:00", "data": {"market": "0xcab7ba4a9133cfd407d7e73e5757e5abbace413b59421527a31113406c97815c", "price_changes": [{"asset_id": "20002636398944597965698652220992177552927816915094913583821579024925426590022", "price": "0.49", "size": "0", "side": "BUY", "hash": "d9c553fb2f9a3649ad0e79ded9339596e45c048c", "best_bid": "0.96", "best_ask": "0.981"}, {"asset_id": "96361925776989336186111887920533578209326565663637092688733016597062311745569", "price": "0.51", "size": "0", "side": "SELL", "hash": "afef351643b859b73bb723e86b6d0d8aa1dcf531", "best_bid": "0.019", "best_ask": "0.04"}], "timestamp": "1769384552212", "event_type": "price_change"}}
{"_local_timestamp": "2026-01-25T23:42:32.575157+00:00", "data": {"market": "0xcab7ba4a9133cfd407d7e73e5757e5abbace413b59421527a31113406c97815c", "price_changes": [{"asset_id": "20002636398944597965698652220992177552927816915094913583821579024925426590022", "price": "0.352", "size": "0", "side": "BUY", "hash": "3c17f4f5dedd9c418418cdd8bf7da6eb109c9a20", "best_bid": "0.96", "best_ask": "0.981"}, {"asset_id": "96361925776989336186111887920533578209326565663637092688733016597062311745569", "price": "0.648", "size": "0", "side": "SELL", "hash": "0283ff48dcfc8e1fe56595912a383c5243a4a9fd", "best_bid": "0.019", "best_ask": "0.04"}], "timestamp": "1769384552402", "event_type": "price_change"}}
{"_local_timestamp": "2026-01-25T23:42:32.776678+00:00", "data": {"market": "0xcab7ba4a9133cfd407d7e73e5757e5abbace413b59421527a31113406c97815c", "price_changes": [{"asset_id": "20002636398944597965698652220992177552927816915094913583821579024925426590022", "price": "0.262", "size": "0", "side": "BUY", "hash": "5764f6aab767a8ec648ffda159be629492489cc9", "best_bid": "0.96", "best_ask": "0.981"}, {"asset_id": "96361925776989336186111887920533578209326565663637092688733016597062311745569", "price": "0.738", "size": "0", "side": "SELL", "hash": "678bfe09aad1ac15bd0484929b5b2e7ba16a33e1", "best_bid": "0.019", "best_ask": "0.04"}], "timestamp": "1769384552606", "event_type": "price_change"}}
{"_local_timestamp": "2026-01-25T23:42:33.000619+00:00", "data": {"market": "0xcab7ba4a9133cfd407d7e73e5757e5abbace413b59421527a31113406c97815c", "price_changes": [{"asset_id": "20002636398944597965698652220992177552927816915094913583821579024925426590022", "price": "0.165", "size": "0", "side": "BUY", "hash": "a16a607482aff631fefd4b5bf2f966d5960093da", "best_bid": "0.96", "best_ask": "0.981"}, {"asset_id": "96361925776989336186111887920533578209326565663637092688733016597062311745569", "price": "0.835", "size": "0", "side": "SELL", "hash": "5579ef2fd2f074535800b00c8b4b50bfd57e331b", "best_bid": "0.019", "best_ask": "0.04"}], "timestamp": "1769384552821", "event_type": "price_change"}}
{"_local_timestamp": "2026-01-25T23:42:33.232020+00:00", "data": {"market": "0xcab7ba4a9133cfd407d7e73e5757e5abbace413b59421527a31113406c97815c", "price_changes": [{"asset_id": "20002636398944597965698652220992177552927816915094913583821579024925426590022", "price": "0.129", "size": "0", "side": "BUY", "hash": "53a1a80fff2c490c01e5ba1671f4047945cc9901", "best_bid": "0.96", "best_ask": "0.981"}, {"asset_id": "96361925776989336186111887920533578209326565663637092688733016597062311745569", "price": "0.871", "size": "0", "side": "SELL", "hash": "7f0f706c53f63b8a9a118b72fc90e564ffc3ee42", "best_bid": "0.019", "best_ask": "0.04"}], "timestamp": "1769384553012", "event_type": "price_change"}}
{"_local_timestamp": "2026-01-25T23:42:33.410621+00:00", "data": {"market": "0xcab7ba4a9133cfd407d7e73e5757e5abbace413b59421527a31113406c97815c", "price_changes": [{"asset_id": "20002636398944597965698652220992177552927816915094913583821579024925426590022", "price": "0.106", "size": "0", "side": "BUY", "hash": "9953088d330d7e7538c3c2b418e37d3cc9409238", "best_bid": "0.96", "best_ask": "0.981"}, {"asset_id": "96361925776989336186111887920533578209326565663637092688733016597062311745569", "price": "0.894", "size": "0", "side": "SELL", "hash": "3bc14dcf4e501dc24d22864a00be8da58df5b2a0", "best_bid": "0.019", "best_ask": "0.04"}], "timestamp": "1769384553213", "event_type": "price_change"}}
{"_local_timestamp": "2026-01-25T23:42:33.610158+00:00", "data": {"market": "0xcab7ba4a9133cfd407d7e73e5757e5abbace413b59421527a31113406c97815c", "price_changes": [{"asset_id": "20002636398944597965698652220992177552927816915094913583821579024925426590022", "price": "0.071", "size": "0", "side": "BUY", "hash": "c49084dcb31e655e404df056d445743ebf5bdec3", "best_bid": "0.96", "best_ask": "0.981"}, {"asset_id": "96361925776989336186111887920533578209326565663637092688733016597062311745569", "price": "0.929", "size": "0", "side": "SELL", "hash": "16ae491fd4c405d0ad0e215e01756476e232a184", "best_bid": "0.019", "best_ask": "0.04"}], "timestamp": "1769384553423", "event_type": "price_change"}}
{"_local_timestamp": "2026-01-25T23:42:33.810499+00:00", "data": {"market": "0xcab7ba4a9133cfd407d7e73e5757e5abbace413b59421527a31113406c97815c", "price_changes": [{"asset_id": "20002636398944597965698652220992177552927816915094913583821579024925426590022", "price": "0.028", "size": "0", "side": "BUY", "hash": "ddaeb905d6a792e609e0e07c72cffc90feff9b91", "best_bid": "0.96", "best_ask": "0.981"}, {"asset_id": "96361925776989336186111887920533578209326565663637092688733016597062311745569", "price": "0.972", "size": "0", "side": "SELL", "hash": "dec592a1e854d396a1fd78cde7d07b18939f270b", "best_bid": "0.019", "best_ask": "0.04"}], "timestamp": "1769384553616", "event_type": "price_change"}}
{"_local_timestamp": "2026-01-25T23:42:34.019102+00:00", "data": {"market": "0xcab7ba4a9133cfd407d7e73e5757e5abbace413b59421527a31113406c97815c", "price_changes": [{"asset_id": "20002636398944597965698652220992177552927816915094913583821579024925426590022", "price": "0.021", "size": "0", "side": "BUY", "hash": "48af46f4198c7c4d6b0b62e9401d5291f7063d68", "best_bid": "0.96", "best_ask": "0.981"}, {"asset_id": "96361925776989336186111887920533578209326565663637092688733016597062311745569", "price": "0.979", "size": "0", "side": "SELL", "hash": "bbb6fc7a02e7b96238490ed64a0be5185c36c8c5", "best_bid": "0.019", "best_ask": "0.04"}], "timestamp": "1769384553813", "event_type": "price_change"}}
{"_local_timestamp": "2026-01-25T23:42:34.226172+00:00", "data": {"market": "0xcab7ba4a9133cfd407d7e73e5757e5abbace413b59421527a31113406c97815c", "price_changes": [{"asset_id": "20002636398944597965698652220992177552927816915094913583821579024925426590022", "price": "0.021", "size": "152.38", "side": "BUY", "hash": "0564c3bf599322e3489f485cafee965a0e33f14e", "best_bid": "0.96", "best_ask": "0.981"}, {"asset_id": "96361925776989336186111887920533578209326565663637092688733016597062311745569", "price": "0.979", "size": "152.38", "side": "SELL", "hash": "f737b6abd56856bb5c901f9e07c4c9af3cca6f24", "best_bid": "0.019", "best_ask": "0.04"}], "timestamp": "1769384554008", "event_type": "price_change"}}
{"_local_timestamp": "2026-01-25T23:42:34.410689+00:00", "data": {"market": "0xcab7ba4a9133cfd407d7e73e5757e5abbace413b59421527a31113406c97815c", "price_changes": [{"asset_id": "20002636398944597965698652220992177552927816915094913583821579024925426590022", "price": "0.031", "size": "103.22", "side": "BUY", "hash": "7372af9a44e74b4ec97409eda45748bc501eafd7", "best_bid": "0.96", "best_ask": "0.981"}, {"asset_id": "96361925776989336186111887920533578209326565663637092688733016597062311745569", "price": "0.969", "size": "103.22", "side": "SELL", "hash": "49678f26837cbc25876b99d85375d660016eeed8", "best_bid": "0.019", "best_ask": "0.04"}], "timestamp": "1769384554224", "event_type": "price_change"}}
{"_local_timestamp": "2026-01-25T23:42:34.619078+00:00", "data": {"market": "0xcab7ba4a9133cfd407d7e73e5757e5abbace413b59421527a31113406c97815c", "price_changes": [{"asset_id": "20002636398944597965698652220992177552927816915094913583821579024925426590022", "price": "0.061", "size": "0", "side": "BUY", "hash": "5674c18621a848383b5296a378d490d69230b5b9", "best_bid": "0.96", "best_ask": "0.981"}, {"asset_id": "96361925776989336186111887920533578209326565663637092688733016597062311745569", "price": "0.939", "size": "0", "side": "SELL", "hash": "4bdf13a9b6dd70f77eb801ece226135b9fe72004", "best_bid": "0.019", "best_ask": "0.04"}], "timestamp": "1769384554422", "event_type": "price_change"}}
{"_local_timestamp": "2026-01-25T23:42:34.835722+00:00", "data": {"market": "0xcab7ba4a9133cfd407d7e73e5757e5abbace413b59421527a31113406c97815c", "price_changes": [{"asset_id": "20002636398944597965698652220992177552927816915094913583821579024925426590022", "price": "0.061", "size": "52.45", "side": "BUY", "hash": "87b4bc07852c92ba49353dbe6b3c43ddea89df62", "best_bid": "0.96", "best_ask": "0.981"}, {"asset_id": "96361925776989336186111887920533578209326565663637092688733016597062311745569", "price": "0.939", "size": "52.45", "side": "SELL", "hash": "daeb364dbfff27bbce9cfbb1438518caa99a0c2e", "best_bid": "0.019", "best_ask": "0.04"}], "timestamp": "1769384554633", "event_type": "price_change"}}
{"_local_timestamp": "2026-01-25T23:42:35.033438+00:00", "data": {"market": "0xcab7ba4a9133cfd407d7e73e5757e5abbace413b59421527a31113406c97815c", "price_changes": [{"asset_id": "20002636398944597965698652220992177552927816915094913583821579024925426590022", "price": "0.073", "size": "43.83", "side": "BUY", "hash": "13fe9f81fda200aabacc7250d745848c740411cc", "best_bid": "0.96", "best_ask": "0.981"}, {"asset_id": "96361925776989336186111887920533578209326565663637092688733016597062311745569", "price": "0.927", "size": "43.83", "side": "SELL", "hash": "2358e9fdd834355ac633477e4a4fec8bbf722010", "best_bid": "0.019", "best_ask": "0.04"}], "timestamp": "1769384554835", "event_type": "price_change"}}
{"_local_timestamp": "2026-01-25T23:42:35.251159+00:00", "data": {"market": "0xcab7ba4a9133cfd407d7e73e5757e5abbace413b59421527a31113406c97815c", "price_changes": [{"asset_id": "20002636398944597965698652220992177552927816915094913583821579024925426590022", "price": "0.108", "size": "35.1", "side": "BUY", "hash": "09dcfa8cf98eb40017e440929b19155c29d4b041", "best_bid": "0.96", "best_ask": "0.981"}, {"asset_id": "96361925776989336186111887920533578209326565663637092688733016597062311745569", "price": "0.892", "size": "35.1", "side": "SELL", "hash": "8d7ec30fc9847eb5ac922e4d7ef1b8c6ee671453", "best_bid": "0.019", "best_ask": "0.04"}], "timestamp": "1769384555028", "event_type": "price_change"}}
{"_local_timestamp": "2026-01-25T23:42:35.421449+00:00", "data": {"market": "0xcab7ba4a9133cfd407d7e73e5757e5abbace413b59421527a31113406c97815c", "price_changes": [{"asset_id": "20002636398944597965698652220992177552927816915094913583821579024925426590022", "price": "0.109", "size": "29.35", "side": "BUY", "hash": "af4952bb74ff30b91a76cd6e8659aea7ebd02335", "best_bid": "0.96", "best_ask": "0.981"}, {"asset_id": "96361925776989336186111887920533578209326565663637092688733016597062311745569", "price": "0.891", "size": "29.35", "side": "SELL", "hash": "e15965bbc677c7dac86bcf7a2a3691f20e804cd0", "best_bid": "0.019", "best_ask": "0.04"}], "timestamp": "1769384555234", "event_type": "price_change"}}
{"_local_timestamp": "2026-01-25T23:42:35.609550+00:00", "data": {"market": "0xcab7ba4a9133cfd407d7e73e5757e5abbace413b59421527a31113406c97815c", "price_changes": [{"asset_id": "20002636398944597965698652220992177552927816915094913583821579024925426590022", "price": "0.151", "size": "0", "side": "BUY", "hash": "d1bd38c9fab98c617bc2204dfff90fd54df2f0f9", "best_bid": "0.96", "best_ask": "0.981"}, {"asset_id": "96361925776989336186111887920533578209326565663637092688733016597062311745569", "price": "0.849", "size": "0", "side": "SELL", "hash": "d07c834ef408ca9fb7751e0f3a0addecc7cd6920", "best_bid": "0.019", "best_ask": "0.04"}], "timestamp": "1769384555427", "event_type": "price_change"}}
{"_local_timestamp": "2026-01-25T23:42:35.809151+00:00", "data": {"market": "0xcab7ba4a9133cfd407d7e73e5757e5abbace413b59421527a31113406c97815c", "price_changes": [{"asset_id": "20002636398944597965698652220992177552927816915094913583821579024925426590022", "price": "0.151", "size": "21.19", "side": "BUY", "hash": "46c9f96887cea54aff512fe77e7f927654940a85", "best_bid": "0.96", "best_ask": "0.981"}, {"asset_id": "96361925776989336186111887920533578209326565663637092688733016597062311745569", "price": "0.849", "size": "21.19", "side": "SELL", "hash": "6bb0c046770383c1b7624a290441ead59204fc89", "best_bid": "0.019", "best_ask": "0.04"}], "timestamp": "1769384555633", "event_type": "price_change"}}
{"_local_timestamp": "2026-01-25T23:42:35.999042+00:00", "data": {"market": "0xcab7ba4a9133cfd407d7e73e5757e5abbace413b59421527a31113406c97815c", "price_changes": [{"asset_id": "20002636398944597965698652220992177552927816915094913583821579024925426590022", "price": "0.167", "size": "19.16", "side": "BUY", "hash": "5747787deaed2206ff35deb2e6ad8a0dc34f943b", "best_bid": "0.96", "best_ask": "0.981"}, {"asset_id": "96361925776989336186111887920533578209326565663637092688733016597062311745569", "price": "0.833", "size": "19.16", "side": "SELL", "hash": "87a58cdbb8947af102d6e5952901e92457d67a8f", "best_bid": "0.019", "best_ask": "0.04"}], "timestamp": "1769384555828", "event_type": "price_change"}}
{"_local_timestamp": "2026-01-25T23:42:36.251921+00:00", "data": {"market": "0xcab7ba4a9133cfd407d7e73e5757e5abbace413b59421527a31113406c97815c", "price_changes": [{"asset_id": "20002636398944597965698652220992177552927816915094913583821579024925426590022", "price": "0.201", "size": "18.36", "side": "BUY", "hash": "5d9794dd17ad9e08b5bc920ed8110504ec8aaafb", "best_bid": "0.96", "best_ask": "0.981"}, {"asset_id": "96361925776989336186111887920533578209326565663637092688733016597062311745569", "price": "0.799", "size": "18.36", "side": "SELL", "hash": "5b0da7974d60f37176dcfdf0766e03ae395b83c8", "best_bid": "0.019", "best_ask": "0.04"}], "timestamp": "1769384556021", "event_type": "price_change"}}
{"_local_timestamp": "2026-01-25T23:42:36.425588+00:00", "data": {"market": "0xcab7ba4a9133cfd407d7e73e5757e5abbace413b59421527a31113406c97815c", "price_changes": [{"asset_id": "20002636398944597965698652220992177552927816915094913583821579024925426590022", "price": "0.201", "size": "34.28", "side": "BUY", "hash": "d8e3bec1a04be21b0e1b7f1b12eab67212dcdfc1", "best_bid": "0.96", "best_ask": "0.981"}, {"asset_id": "96361925776989336186111887920533578209326565663637092688733016597062311745569", "price": "0.799", "size": "34.28", "side": "SELL", "hash": "d1c8d7a1dba4e195c3bb0bb72cee4b9123e2f5ab", "best_bid": "0.019", "best_ask": "0.04"}], "timestamp": "1769384556229", "event_type": "price_change"}}
{"_local_timestamp": "2026-01-25T23:42:36.616398+00:00", "data": {"market": "0xcab7ba4a9133cfd407d7e73e5757e5abbace413b59421527a31113406c97815c", "price_changes": [{"asset_id": "20002636398944597965698652220992177552927816915094913583821579024925426590022", "price": "0.224", "size": "0", "side": "BUY", "hash": "db211180baac57bded21102d10b74ae34c556152", "best_bid": "0.96", "best_ask": "0.981"}, {"asset_id": "96361925776989336186111887920533578209326565663637092688733016597062311745569", "price": "0.776", "size": "0", "side": "SELL", "hash": "245e231ac31fcf98a5dbb1e7bc123683c1e3937e", "best_bid": "0.019", "best_ask": "0.04"}], "timestamp": "1769384556419", "event_type": "price_change"}}
{"_local_timestamp": "2026-01-25T23:42:36.826039+00:00", "data": {"market": "0xcab7ba4a9133cfd407d7e73e5757e5abbace413b59421527a31113406c97815c", "price_changes": [{"asset_id": "20002636398944597965698652220992177552927816915094913583821579024925426590022", "price": "0.224", "size": "14.28", "side": "BUY", "hash": "cf1b9039911cfb8baca6e63ea3859e553fe62fff", "best_bid": "0.96", "best_ask": "0.981"}, {"asset_id": "96361925776989336186111887920533578209326565663637092688733016597062311745569", "price": "0.776", "size": "14.28", "side": "SELL", "hash": "248c7f6a07f21bb9beddeccfcfc523832b3f942a", "best_bid": "0.019", "best_ask": "0.04"}], "timestamp": "1769384556621", "event_type": "price_change"}}
{"_local_timestamp": "2026-01-25T23:42:37.003017+00:00", "data": {"market": "0xcab7ba4a9133cfd407d7e73e5757e5abbace413b59421527a31113406c97815c", "price_changes": [{"asset_id": "20002636398944597965698652220992177552927816915094913583821579024925426590022", "price": "0.252", "size": "0", "side": "BUY", "hash": "2d3f207bbc42a39a5e3a1db046a62edec89fdeb8", "best_bid": "0.96", "best_ask": "0.981"}, {"asset_id": "96361925776989336186111887920533578209326565663637092688733016597062311745569", "price": "0.748", "size": "0", "side": "SELL", "hash": "ae3063db35d8e09eaf33313d5c7b0ee78c42b81a", "best_bid": "0.019", "best_ask": "0.04"}], "timestamp": "1769384556804", "event_type": "price_change"}}
{"_local_timestamp": "2026-01-25T23:42:37.264440+00:00", "data": {"market": "0xcab7ba4a9133cfd407d7e73e5757e5abbace413b59421527a31113406c97815c", "price_changes": [{"asset_id": "20002636398944597965698652220992177552927816915094913583821579024925426590022", "price": "0.252", "size": "12.69", "side": "BUY", "hash": "73165b2373683883c1eed4295a03f4ac34a264db", "best_bid": "0.96", "best_ask": "0.981"}, {"asset_id": "96361925776989336186111887920533578209326565663637092688733016597062311745569", "price": "0.748", "size": "12.69", "side": "SELL", "hash": "860748785ed8d52bd68ec1f99fb462dd80b694a2", "best_bid": "0.019", "best_ask": "0.04"}], "timestamp": "1769384557015", "event_type": "price_change"}}
{"_local_timestamp": "2026-01-25T23:42:37.434157+00:00", "data": {"market": "0xcab7ba4a9133cfd407d7e73e5757e5abbace413b59421527a31113406c97815c", "price_changes": [{"asset_id": "20002636398944597965698652220992177552927816915094913583821579024925426590022", "price": "0.264", "size": "12.12", "side": "BUY", "hash": "3dc8135487ecbd1f53e456cc18eaf5afc55cc738", "best_bid": "0.96", "best_ask": "0.981"}, {"asset_id": "96361925776989336186111887920533578209326565663637092688733016597062311745569", "price": "0.736", "size": "12.12", "side": "SELL", "hash": "c51fca7cf7dcc30c48e1b5da1f2adb93f55f1275", "best_bid": "0.019", "best_ask": "0.04"}], "timestamp": "1769384557230", "event_type": "price_change"}}
{"_local_timestamp": "2026-01-25T23:42:37.610042+00:00", "data": {"market": "0xcab7ba4a9133cfd407d7e73e5757e5abbace413b59421527a31113406c97815c", "price_changes": [{"asset_id": "20002636398944597965698652220992177552927816915094913583821579024925426590022", "price": "0.3", "size": "147.32", "side": "BUY", "hash": "4bef468a26377e0db42de937c194352173468666", "best_bid": "0.96", "best_ask": "0.981"}, {"asset_id": "96361925776989336186111887920533578209326565663637092688733016597062311745569", "price": "0.7", "size": "147.32", "side": "SELL", "hash": "1fdf2dc9f14713c3c76b0b919757edba54442407", "best_bid": "0.019", "best_ask": "0.04"}], "timestamp": "1769384557416", "event_type": "price_change"}}
{"_local_timestamp": "2026-01-25T23:42:37.808515+00:00", "data": {"market": "0xcab7ba4a9133cfd407d7e73e5757e5abbace413b59421527a31113406c97815c", "price_changes": [{"asset_id": "20002636398944597965698652220992177552927816915094913583821579024925426590022", "price": "0.4", "size": "58", "side": "BUY", "hash": "8512c637c75509a6c41e596206b32dba585fd7e0", "best_bid": "0.96", "best_ask": "0.981"}, {"asset_id": "96361925776989336186111887920533578209326565663637092688733016597062311745569", "price": "0.6", "size": "58", "side": "SELL", "hash": "45213f25a4b1aa24678532ce68260efe01084344", "best_bid": "0.019", "best_ask": "0.04"}], "timestamp": "1769384557618", "event_type": "price_change"}}
{"_local_timestamp": "2026-01-25T23:42:38.013133+00:00", "data": {"market": "0xcab7ba4a9133cfd407d7e73e5757e5abbace413b59421527a31113406c97815c", "price_changes": [{"asset_id": "20002636398944597965698652220992177552927816915094913583821579024925426590022", "price": "0.492", "size": "6.5", "side": "BUY", "hash": "e5c99e372bbfe9f503fd775c40cb3ecad466f436", "best_bid": "0.96", "best_ask": "0.981"}, {"asset_id": "96361925776989336186111887920533578209326565663637092688733016597062311745569", "price": "0.508", "size": "6.5", "side": "SELL", "hash": "beb6539a3d6aa699cd095934593e3c3ffdd6d815", "best_bid": "0.019", "best_ask": "0.04"}], "timestamp": "1769384557830", "event_type": "price_change"}}
{"_local_timestamp": "2026-01-25T23:44:03.321113+00:00", "data": {"market": "0xcab7ba4a9133cfd407d7e73e5757e5abbace413b59421527a31113406c97815c", "price_changes": [{"asset_id": "96361925776989336186111887920533578209326565663637092688733016597062311745569", "price": "0.001", "size": "13502.01", "side": "BUY", "hash": "1192cafcb2b254250b50771e0a4913df6339154e", "best_bid": "0.019", "best_ask": "0.04"}, {"asset_id": "20002636398944597965698652220992177552927816915094913583821579024925426590022", "price": "0.999", "size": "13502.01", "side": "SELL", "hash": "1d6932f657a5aac45d6c39f71ad56308c9d261aa", "best_bid": "0.96", "best_ask": "0.981"}], "timestamp": "1769384643001", "event_type": "price_change"}}
{"_local_timestamp": "2026-01-25T23:45:36.235649+00:00", "data": {"market": "0xcab7ba4a9133cfd407d7e73e5757e5abbace413b59421527a31113406c97815c", "price_changes": [{"asset_id": "96361925776989336186111887920533578209326565663637092688733016597062311745569", "price": "0.001", "size": "14729.03", "side": "BUY", "hash": "9ee6598b1ffa2eab49a0232766d2566c5493edf9", "best_bid": "0.019", "best_ask": "0.04"}, {"asset_id": "20002636398944597965698652220992177552927816915094913583821579024925426590022", "price": "0.999", "size": "14729.03", "side": "SELL", "hash": "e3438a20d748716feb8273579b48217d1fb6972a", "best_bid": "0.96", "best_ask": "0.981"}], "timestamp": "1769384736166", "event_type": "price_change"}}
{"_local_timestamp": "2026-01-25T23:46:13.389888+00:00", "data": {"market": "0xcab7ba4a9133cfd407d7e73e5757e5abbace413b59421527a31113406c97815c", "price_changes": [{"asset_id": "96361925776989336186111887920533578209326565663637092688733016597062311745569", "price": "0.006", "size": "38.48", "side": "BUY", "hash": "98d2716547d160c5f32a0d6d9bf58bece2dd811a", "best_bid": "0.019", "best_ask": "0.04"}, {"asset_id": "20002636398944597965698652220992177552927816915094913583821579024925426590022", "price": "0.994", "size": "38.48", "side": "SELL", "hash": "fdfa01967d0ef11759ca729365bb2bc0d5059384", "best_bid": "0.96", "best_ask": "0.981"}], "timestamp": "1769384773306", "event_type": "price_change"}}
{"_local_timestamp": "2026-01-25T23:46:13.390593+00:00", "data": {"market": "0xcab7ba4a9133cfd407d7e73e5757e5abbace413b59421527a31113406c97815c", "price_changes": [{"asset_id": "20002636398944597965698652220992177552927816915094913583821579024925426590022", "price": "0.03", "size": "0", "side": "BUY", "hash": "236ec83098b881517522c3e48452254ec7b97d97", "best_bid": "0.96", "best_ask": "0.981"}, {"asset_id": "96361925776989336186111887920533578209326565663637092688733016597062311745569", "price": "0.97", "size": "0", "side": "SELL", "hash": "298c436d29b9b8ec6ebe5de1631428be936e0265", "best_bid": "0.019", "best_ask": "0.04"}], "timestamp": "1769384773312", "event_type": "price_change"}}
{"_local_timestamp": "2026-01-25T23:46:13.391136+00:00", "data": {"market": "0xcab7ba4a9133cfd407d7e73e5757e5abbace413b59421527a31113406c97815c", "price_changes": [{"asset_id": "20002636398944597965698652220992177552927816915094913583821579024925426590022", "price": "0.108", "size": "29.62", "side": "BUY", "hash": "236ec83098b881517522c3e48452254ec7b97d97", "best_bid": "0.96", "best_ask": "0.981"}, {"asset_id": "96361925776989336186111887920533578209326565663637092688733016597062311745569", "price": "0.892", "size": "29.62", "side": "SELL", "hash": "298c436d29b9b8ec6ebe5de1631428be936e0265", "best_bid": "0.019", "best_ask": "0.04"}], "timestamp": "1769384773312", "event_type": "price_change"}}
{"_local_timestamp": "2026-01-25T23:46:13.760474+00:00", "data": {"market": "0xcab7ba4a9133cfd407d7e73e5757e5abbace413b59421527a31113406c97815c", "price_changes": [{"asset_id": "20002636398944597965698652220992177552927816915094913583821579024925426590022", "price": "0.11", "size": "5.38", "side": "BUY", "hash": "9ced2da17ea087c148d6d9fa56ce7ae114831976", "best_bid": "0.96", "best_ask": "0.981"}, {"asset_id": "96361925776989336186111887920533578209326565663637092688733016597062311745569", "price": "0.89", "size": "5.38", "side": "SELL", "hash": "a51c27d587150a2983ab1ce922f6dd3bf57f9215", "best_bid": "0.019", "best_ask": "0.04"}], "timestamp": "1769384773689", "event_type": "price_change"}}
{"_local_timestamp": "2026-01-25T23:46:13.762357+00:00", "data": {"market": "0xcab7ba4a9133cfd407d7e73e5757e5abbace413b59421527a31113406c97815c", "price_changes": [{"asset_id": "20002636398944597965698652220992177552927816915094913583821579024925426590022", "price": "0.032", "size": "9.16", "side": "BUY", "hash": "4d8797359a43ab8b46c12d2966b5e814af0ad94c", "best_bid": "0.96", "best_ask": "0.981"}, {"asset_id": "96361925776989336186111887920533578209326565663637092688733016597062311745569", "price": "0.968", "size": "9.16", "side": "SELL", "hash": "5e57ac269720427a46d677b5ed549a844b3ab20d", "best_bid": "0.019", "best_ask": "0.04"}], "timestamp": "1769384773695", "event_type": "price_change"}}
{"_local_timestamp": "2026-01-25T23:46:13.871662+00:00", "data": {"market": "0xcab7ba4a9133cfd407d7e73e5757e5abbace413b59421527a31113406c97815c", "price_changes": [{"asset_id": "96361925776989336186111887920533578209326565663637092688733016597062311745569", "price": "0.006", "size": "51.82", "side": "BUY", "hash": "354b1a05c0d94281658b3e0b071a52b778b0999b", "best_bid": "0.019", "best_ask": "0.04"}, {"asset_id": "20002636398944597965698652220992177552927816915094913583821579024925426590022", "price": "0.994", "size": "51.82", "side": "SELL", "hash": "ace30435d7905cecbe912fbd7d3531b9a460b416", "best_bid": "0.96", "best_ask": "0.981"}], "timestamp": "1769384773788", "event_type": "price_change"}}
