{"_local_timestamp": "2026-01-25T23:40:32.609522+00:00", "data": [{"market": "0x52226ec4393285ffc942019f20e3210e9311fc64cf1c7a9d1e9fbf27237352a6", "asset_id": "45200102949427176349999568908324938980741775964477026787123052544602998293488", "timestamp": "1769384431890", "hash": "ef270f909c566bb41baba383c4f9d3493726fe0c", "bids": [{"price": "0.01", "size": "5509.77"}, {"price": "0.02", "size": "2300"}, {"price": "0.03", "size": "10.2"}, {"price": "0.08", "size": "1030"}, {"price": "0.1", "size": "1500"}, {"price": "0.11", "size": "5.42"}, {"price": "0.12", "size": "283.33"}, {"price": "0.14", "size": "550"}, {"price": "0.16", "size": "200"}, {"price": "0.17", "size": "940"}, {"price": "0.19", "size": "250"}, {"price": "0.2", "size": "2440"}, {"price": "0.23", "size": "113.04"}, {"price": "0.24", "size": "3470"}, {"price": "0.26", "size": "275"}, {"price": "0.27", "size": "88.88"}, {"price": "0.3", "size": "150"}, {"price": "0.31", "size": "64.51"}, {"price": "0.34", "size": "125"}, {"price": "0.38", "size": "5"}, {"price": "0.57", "size": "197.6"}, {"price": "0.58", "size": "51.41"}, {"price": "0.59", "size": "22.03"}, {"price": "0.67", "size": "100"}, {"price": "0.68", "size": "16.17"}, {"price": "0.75", "size": "200"}, {"price": "0.76", "size": "220.67"}], "asks": [{"price": "0.99", "size": "2500"}, {"price": "0.98", "size": "1007.53"}, {"price": "0.97", "size": "1000"}, {"price": "0.96", "size": "3787.92"}, {"price": "0.95", "size": "700"}, {"price": "0.94", "size": "250"}, {"price": "0.93", "size": "860"}, {"price": "0.92", "size": "500"}, {"price": "0.91", "size": "228.91"}, {"price": "0.89", "size": "1573"}, {"price": "0.88", "size": "100"}, {"price": "0.87", "size": "986.84"}, {"price": "0.86", "size": "417.18"}, {"price": "0.85", "size": "2695.33"}, {"price": "0.81", "size": "339"}, {"price": "0.8", "size": "212.45"}, {"price": "0.79", "size": "644"}, {"price": "0.78", "size": "1759.54"}], "event_type": "book", "last_trade_price": "0.780"}, {"market": "0x52226ec4393285ffc942019f20e3210e9311fc64cf1c7a9d1e9fbf27237352a6", "asset_id": "37047640727055104154491541966367763466139953161675548075316317067988588663853", "timestamp": "1769384431890", "hash": "4509f6a86d2a8ce015d6cf62eb1c00afc6167d63", "bids": [{"price": "0.01", "size": "2500"}, {"price": "0.02", "size": "1007.53"}, {"price": "0.03", "size": "1000"}, {"price": "0.04", "size": "3787.92"}, {"price": "0.05", "size": "700"}, {"price": "0.06", "size": "250"}, {"price": "0.07", "size": "860"}, {"price": "0.08", "size": "500"}, {"price": "0.09", "size": "228.91"}, {"price": "0.11", "size": "1573"}, {"price": "0.12", "size": "100"}, {"price": "0.13", "size": "986.84"}, {"price": "0.14", "size": "417.18"}, {"price": "0.15", "size": "2695.33"}, {"price": "0.19", "size": "339"}, {"price": "0.2", "size": "212.45"}, {"price": "0.21", "size": "644"}, {"price": "0.22", "size": "1759.54"}], "asks": [{"price": "0.99", "size": "5509.77"}, {"price": "0.98", "size": "2300"}, {"price": "0.97", "size": "10.2"}, {"price": "0.92", "size": "1030"}, {"price": "0.9", "size": "1500"}, {"price": "0.89", "size": "5.42"}, {"price": "0.88", "size": "283.33"}, {"price": "0.86", "size": "550"}, {"price": "0.84", "size": "200"}, {"price": "0.83", "size": "940"}, {"price": "0.81", "size": "250"}, {"price": "0.8", "size": "2440"}, {"price": "0.77", "size": "113.04"}, {"price": "0.76", "size": "3470"}, {"price": "0.74", "size": "275"}, {"price": "0.73", "size": "88.88"}, {"price": "0.7", "size": "150"}, {"price": "0.69", "size": "64.51"}, {"price": "0.66", "size": "125"}, {"price": "0.62", "size": "5"}, {"price": "0.43", "size": "197.6"}, {"price": "0.42", "size": "51.41"}, {"price": "0.41", "size": "22.03"}, {"price": "0.33", "size": "100"}, {"price": "0.32", "size": "16.17"}, {"price": "0.25", "size": "200"}, {"price": "0.24", "size": "220.67"}], "event_type": "book", "last_trade_price": "0.780"}]}
{"_local_timestamp": "2026-01-25T23:40:40.328586+00:00", "data": {"market": "0x52226ec4393285ffc942019f20e3210e9311fc64cf1c7a9d1e9fbf27237352a6", "price_changes": [{"asset_id": "45200102949427176349999568908324938980741775964477026787123052544602998293488", "price": "0.19", "size": "150", "side": "BUY", "hash": "7df09896db13691dd711a4589c537d60291053e0", "best_bid": "0.76", "best_ask": "0.78"}, {"asset_id": "37047640727055104154491541966367763466139953161675548075316317067988588663853", "price": "0.81", "size": "150", "side": "SELL", "hash": "ff5ab2d04bd91cdf454bd2e5bd38e1d10d806388", "best_bid": "0.22", "best_ask": "0.24"}], "timestamp": "1769384440246", "event_type": "price_change"}}
{"_local_timestamp": "2026-01-25T23:40:40.750518+00:00", "data": {"market": "0x52226ec4393285ffc942019f20e3210e9311fc64cf1c7a9d1e9fbf27237352a6", "price_changes": [{"asset_id": "45200102949427176349999568908324938980741775964477026787123052544602998293488", "price": "0.18", "size": "100", "side": "BUY", "hash": "99f8993deceec57c9858c0af7ea8a4a0d3446313", "best_bid": "0.76", "best_ask": "0.78"}, {"asset_id": "37047640727055104154491541966367763466139953161675548075316317067988588663853", "price": "0.82", "size": "100", "side": "SELL", "hash": "a9ed6d6526cce7be4f149ec14c56bc1bc5bef0d4", "best_bid": "0.22", "best_ask": "0.24"}], "timestamp": "1769384440573", "event_type": "price_change"}}
{"_local_timestamp": "2026-01-25T23:40:45.121685+00:00", "data": {"market": "0x52226ec4393285ffc942019f20e3210e9311fc64cf1c7a9d1e9fbf27237352a6", "price_changes": [{"asset_id": "37047640727055104154491541966367763466139953161675548075316317067988588663853", "price": "0.43", "size": "100", "side": "SELL", "hash": "c894d73dde029a27e08d1b4f25ac8dba8ed368cb", "best_bid": "0.22", "best_ask": "0.24"}, {"asset_id": "45200102949427176349999568908324938980741775964477026787123052544602998293488", "price": "0.57", "size": "100", "side": "BUY", "hash": "99b024160b46973eeac53ae378e224376523b935", "best_bid": "0.76", "best_ask": "0.78"}], "timestamp": "1769384445006", "event_type": "price_change"}}
{"_local_timestamp": "2026-01-25T23:41:50.962786+00:00", "data": {"market": "0x52226ec4393285ffc942019f20e3210e9311fc64cf1c7a9d1e9fbf27237352a6", "price_changes": [{"asset_id": "45200102949427176349999568908324938980741775964477026787123052544602998293488", "price": "0.19", "size": "0", "side": "BUY", "hash": "8429b9e385d7c0d9471357d8a4b5a9f691317bb2", "best_bid": "0.76", "best_ask": "0.78"}, {"asset_id": "37047640727055104154491541966367763466139953161675548075316317067988588663853", "price": "0.81", "size": "0", "side": "SELL", "hash": "0d48b542c3c3d34e2c56af7daef57823a0f217a5", "best_bid": "0.22", "best_ask": "0.24"}], "timestamp": "1769384510770", "event_type": "price_change"}}
{"_local_timestamp": "2026-01-25T23:41:52.882160+00:00", "data": {"market": "0x52226ec4393285ffc942019f20e3210e9311fc64cf1c7a9d1e9fbf27237352a6", "price_changes": [{"asset_id": "45200102949427176349999568908324938980741775964477026787123052544602998293488", "price": "0.2", "size": "2590", "side": "BUY", "hash": "edb223031c0ef5e9e95d6759d41927f060474b13", "best_bid": "0.76", "best_ask": "0.78"}, {"asset_id": "37047640727055104154491541966367763466139953161675548075316317067988588663853", "price": "0.8", "size": "2590", "side": "SELL", "hash": "7c06fc7759dbad95482a7a0d6861da8d110f2230", "best_bid": "0.22", "best_ask": "0.24"}], "timestamp": "1769384511831", "event_type": "price_change"}}
{"_local_timestamp": "2026-01-25T23:41:55.650185+00:00", "data": {"market": "0x52226ec4393285ffc942019f20e3210e9311fc64cf1c7a9d1e9fbf27237352a6", "price_changes": [{"asset_id": "37047640727055104154491541966367763466139953161675548075316317067988588663853", "price": "0.43", "size": "197.6", "side": "SELL", "hash": "d51b16161d97f48683391483e2c0a735934b52b7", "best_bid": "0.22", "best_ask": "0.24"}, {"asset_id": "45200102949427176349999568908324938980741775964477026787123052544602998293488", "price": "0.57", "size": "197.6", "side": "BUY", "hash": "c4b9afa462994d7aedd63264312bfab0e17031a0", "best_bid": "0.76", "best_ask": "0.78"}], "timestamp": "1769384515573", "event_type": "price_change"}}
{"_local_timestamp": "2026-01-25T23:42:15.088970+00:00", "data": {"market": "0x52226ec4393285ffc942019f20e3210e9311fc64cf1c7a9d1e9fbf27237352a6", "price_changes": [{"asset_id": "37047640727055104154491541966367763466139953161675548075316317067988588663853", "price": "0.43", "size": "100", "side": "SELL", "hash": "a4771b1e61246b2768659aebc1aeaba512facef4", "best_bid": "0.22", "best_ask": "0.24"}, {"asset_id": "45200102949427176349999568908324938980741775964477026787123052544602998293488", "price": "0.57", "size": "100", "side": "BUY", "hash": "04ea2b2362a3deb351dccf7bc10550cf1553fe4e", "best_bid": "0.76", "best_ask": "0.78"}], "timestamp": "1769384535000", "event_type": "price_change"}}
{"_local_timestamp": "2026-01-25T23:42:24.616993+00:00", "data": {"market": "0x52226ec4393285ffc942019f20e3210e9311fc64cf1c7a9d1e9fbf27237352a6", "price_changes": [{"asset_id": "45200102949427176349999568908324938980741775964477026787123052544602998293488", "price": "0.18", "size": "0", "side": "BUY", "hash": "ee4b486ae66a5ea4bf235115dea84afb0268d077", "best_bid": "0.76", "best_ask": "0.78"}, {"asset_id": "37047640727055104154491541966367763466139953161675548075316317067988588663853", "price": "0.82", "size": "0", "side": "SELL", "hash": "7e6cf03f8c0b5023c15fc824bccbd4d10de5c309", "best_bid": "0.22", "best_ask": "0.24"}], "timestamp": "1769384544469", "event_type": "price_change"}}
{"_local_timestamp": "2026-01-25T23:42:25.147447+00:00", "data": {"market": "0x52226ec4393285ffc942019f20e3210e9311fc64cf1c7a9d1e9fbf27237352a6", "price_changes": [{"asset_id": "45200102949427176349999568908324938980741775964477026787123052544602998293488", "price": "0.2", "size": "2690", "side": "BUY", "hash": "787ac286a6fbf2d8853ee2b1b6add88ac3f7aad5", "best_bid": "0.76", "best_ask": "0.78"}, {"asset_id": "37047640727055104154491541966367763466139953161675548075316317067988588663853", "price": "0.8", "size": "2690", "side": "SELL", "hash": "bd7c8cce2175f800979130fc0f8957303d891603", "best_bid": "0.22", "best_ask": "0.24"}], "timestamp": "1769384544928", "event_type": "price_change"}}
{"_local_timestamp": "2026-01-25T23:43:25.648260+00:00", "data": {"market": "0x52226ec4393285ffc942019f20e3210e9311fc64cf1c7a9d1e9fbf27237352a6", "price_changes": [{"asset_id": "37047640727055104154491541966367763466139953161675548075316317067988588663853", "price": "0.43", "size": "197.6", "side": "SELL", "hash": "e044f5a5648e0facdcbd5c4cd4d92010b7b7cfe6", "best_bid": "0.22", "best_ask": "0.24"}, {"asset_id": "45200102949427176349999568908324938980741775964477026787123052544602998293488", "price": "0.57", "size": "197.6", "side": "BUY", "hash": "20cb6ef5a002dff41212487f1abae2194a147416", "best_bid": "0.76", "best_ask": "0.78"}], "timestamp": "1769384605528", "event_type": "price_change"}}
{"_local_timestamp": "2026-01-25T23:43:45.093499+00:00", "data": {"market": "0x52226ec4393285ffc942019f20e3210e9311fc64cf1c7a9d1e9fbf27237352a6", "price_changes": [{"asset_id": "37047640727055104154491541966367763466139953161675548075316317067988588663853", "price": "0.43", "size": "100", "side": "SELL", "hash": "3af320f63b7bf41923ee66dc90e7a3009074761a", "best_bid": "0.22", "best_ask": "0.24"}, {"asset_id": "45200102949427176349999568908324938980741775964477026787123052544602998293488", "price": "0.57", "size": "100", "side": "BUY", "hash": "eb977839f96dc938cdc51fbf3efad8eceefd5148", "best_bid": "0.76", "best_ask": "0.78"}], "timestamp": "1769384625002", "event_type": "price_change"}}
{"_local_timestamp": "2026-01-25T23:44:32.480072+00:00", "data": {"market": "0x52226ec4393285ffc942019f20e3210e9311fc64cf1c7a9d1e9fbf27237352a6", "price_changes": [{"asset_id": "45200102949427176349999568908324938980741775964477026787123052544602998293488", "price": "0.2", "size": "590", "side": "BUY", "hash": "2f44833e17829205a03f2b261aeaf300f5db27fc", "best_bid": "0.76", "best_ask": "0.78"}, {"asset_id": "37047640727055104154491541966367763466139953161675548075316317067988588663853", "price": "0.8", "size": "590", "side": "SELL", "hash": "a94564541468acee860632ee5927b0a052c050c5", "best_bid": "0.22", "best_ask": "0.24"}], "timestamp": "1769384672291", "event_type": "price_change"}}
{"_local_timestamp": "2026-01-25T23:44:55.660015+00:00", "data": {"market": "0x52226ec4393285ffc942019f20e3210e9311fc64cf1c7a9d1e9fbf27237352a6", "price_changes": [{"asset_id": "37047640727055104154491541966367763466139953161675548075316317067988588663853", "price": "0.43", "size": "197.6", "side": "SELL", "hash": "dcb48dc1cb4ee524ebe48dcfb6d702e3f2758ab6", "best_bid": "0.22", "best_ask": "0.24"}, {"asset_id": "45200102949427176349999568908324938980741775964477026787123052544602998293488", "price": "0.57", "size": "197.6", "side": "BUY", "hash": "e2686ceb2fc65b6429d991ae7659b25e1a535607", "best_bid": "0.76", "best_ask": "0.78"}], "timestamp": "1769384695588", "event_type": "price_change"}}
{"_local_timestamp": "2026-01-25T23:45:05.539918+00:00", "data": {"market": "0x52226ec4393285ffc942019f20e3210e9311fc64cf1c7a9d1e9fbf27237352a6", "price_changes": [{"asset_id": "37047640727055104154491541966367763466139953161675548075316317067988588663853", "price": "0.04", "size": "7.92", "side": "BUY", "hash": "87e03ccb4491067846492982b635c1fd5c711ecf", "best_bid": "0.22", "best_ask": "0.24"}, {"asset_id": "45200102949427176349999568908324938980741775964477026787123052544602998293488", "price": "0.96", "size": "7.92", "side": "SELL", "hash": "172a8bf647445712fafe0f5e572b680e0307db65", "best_bid": "0.76", "best_ask": "0.78"}], "timestamp": "1769384705464", "event_type": "price_change"}}
{"_local_timestamp": "2026-01-25T23:45:05.709681+00:00", "data": {"market": "0x52226ec4393285ffc942019f20e3210e9311fc64cf1c7a9d1e9fbf27237352a6", "price_changes": [{"asset_id": "37047640727055104154491541966367763466139953161675548075316317067988588663853", "price": "0.04", "size": "3757.92", "side": "BUY", "hash": "d5d8f306ef5ecd1f87f815e81c0a3e00f1d907ea", "best_bid": "0.22", "best_ask": "0.24"}, {"asset_id": "45200102949427176349999568908324938980741775964477026787123052544602998293488", "price": "0.96", "size": "3757.92", "side": "SELL", "hash": "4e8098d4b77941c682852fd90d567979fbdf7f68", "best_bid": "0.76", "best_ask": "0.78"}], "timestamp": "1769384705633", "event_type": "price_change"}}
{"_local_timestamp": "2026-01-25T23:45:05.895660+00:00", "data": {"market": "0x52226ec4393285ffc942019f20e3210e9311fc64cf1c7a9d1e9fbf27237352a6", "price_changes": [{"asset_id": "45200102949427176349999568908324938980741775964477026787123052544602998293488", "price": "0.24", "size": "300", "side": "BUY", "hash": "5747e2c55f20daac9d37936bff42790614104356", "best_bid": "0.76", "best_ask": "0.78"}, {"asset_id": "37047640727055104154491541966367763466139953161675548075316317067988588663853", "price": "0.76", "size": "300", "side": "SELL", "hash": "b24ef6701a3a3c8c06aea8c7be92385de65b61d4", "best_bid": "0.22", "best_ask": "0.24"}], "timestamp": "1769384705827", "event_type": "price_change"}}
{"_local_timestamp": "2026-01-25T23:45:06.109219+00:00", "data": {"market": "0x52226ec4393285ffc942019f20e3210e9311fc64cf1c7a9d1e9fbf27237352a6", "price_changes": [{"asset_id": "45200102949427176349999568908324938980741775964477026787123052544602998293488", "price": "0.25", "size": "3018", "side": "BUY", "hash": "df5cb4dd66dbb47032dd033d62f1ba9268925e6d", "best_bid": "0.76", "best_ask": "0.78"}, {"asset_id": "37047640727055104154491541966367763466139953161675548075316317067988588663853", "price": "0.75", "size": "3018", "side": "SELL", "hash": "f3ba3979d4713838fe5478316cc11f83b393ee74", "best_bid": "0.22", "best_ask": "0.24"}], "timestamp": "1769384706009", "event_type": "price_change"}}
{"_local_timestamp": "2026-01-25T23:45:08.092598+00:00", "data": {"market": "0x52226ec4393285ffc942019f20e3210e9311fc64cf1c7a9d1e9fbf27237352a6", "price_changes": [{"asset_id": "37047640727055104154491541966367763466139953161675548075316317067988588663853", "price": "0.15", "size": "2628.33", "side": "BUY", "hash": "8f94bcb4419cc9b3d51506fd27274ebdac9f490d", "best_bid": "0.22", "best_ask": "0.24"}, {"asset_id": "45200102949427176349999568908324938980741775964477026787123052544602998293488", "price": "0.85", "size": "2628.33", "side": "SELL", "hash": "b25911152fe1eb5f5e2654f0e4c10cd25fc17338", "best_bid": "0.76", "best_ask": "0.78"}], "timestamp": "1769384708000", "event_type": "price_change"}}
{"_local_timestamp": "2026-01-25T23:45:08.102805+00:00", "data": {"market": "0x52226ec4393285ffc942019f20e3210e9311fc64cf1c7a9d1e9fbf27237352a6", "price_changes": [{"asset_id": "37047640727055104154491541966367763466139953161675548075316317067988588663853", "price": "0.09", "size": "5.91", "side": "BUY", "hash": "5b0ac5c1e91559886bcf746d7c9548a33bf80ee1", "best_bid": "0.22", "best_ask": "0.24"}, {"asset_id": "45200102949427176349999568908324938980741775964477026787123052544602998293488", "price": "0.91", "size": "5.91", "side": "SELL", "hash": "0a194139d52acc5efd697ea404e8a76b10a42f34", "best_bid": "0.76", "best_ask": "0.78"}], "timestamp": "1769384708003", "event_type": "price_change"}}
{"_local_timestamp": "2026-01-25T23:45:16.079578+00:00", "data": {"market": "0x52226ec4393285ffc942019f20e3210e9311fc64cf1c7a9d1e9fbf27237352a6", "price_changes": [{"asset_id": "37047640727055104154491541966367763466139953161675548075316317067988588663853", "price": "0.43", "size": "100", "side": "SELL", "hash": "a0e95aa6feb1eefc5a80f81a722268fa3b8885d6", "best_bid": "0.22", "best_ask": "0.24"}, {"asset_id": "45200102949427176349999568908324938980741775964477026787123052544602998293488", "price": "0.57", "size": "100", "side": "BUY", "hash": "dfe0e1962c3a4f2ed0172ca0815b7ee6c5c3b63b", "best_bid": "0.76", "best_ask": "0.78"}], "timestamp": "1769384716001", "event_type": "price_change"}}
{"_local_timestamp": "2026-01-25T23:45:19.005477+00:00", "data": {"market": "0x52226ec4393285ffc942019f20e3210e9311fc64cf1c7a9d1e9fbf27237352a6", "price_changes": [{"asset_id": "45200102949427176349999568908324938980741775964477026787123052544602998293488", "price": "0.18", "size": "2332", "side": "BUY", "hash": "57dbbeab64288d41380de643b4d9c9dfa6db5368", "best_bid": "0.76", "best_ask": "0.78"}, {"asset_id": "37047640727055104154491541966367763466139953161675548075316317067988588663853", "price": "0.82", "size": "2332", "side": "SELL", "hash": "5cd59822cf520080d698fa558ee6b25efbc859c8", "best_bid": "0.22", "best_ask": "0.24"}], "timestamp": "1769384718933", "event_type": "price_change"}}
{"_local_timestamp": "2026-01-25T23:45:23.839368+00:00", "data": {"market": "0x52226ec4393285ffc942019f20e3210e9311fc64cf1c7a9d1e9fbf27237352a6", "price_changes": [{"asset_id": "45200102949427176349999568908324938980741775964477026787123052544602998293488", "price": "0.2", "size": "540", "side": "BUY", "hash": "52b6a70a221b771ab0c77fdc3feb7b2f8be13fde", "best_bid": "0.76", "best_ask": "0.78"}, {"asset_id": "37047640727055104154491541966367763466139953161675548075316317067988588663853", "price": "0.8", "size": "540", "side": "SELL", "hash": "61cf8f65a2b7a9cac4bd4c61acef0cb0a7754493", "best_bid": "0.22", "best_ask": "0.24"}], "timestamp": "1769384723756", "event_type": "price_change"}}
{"_local_timestamp": "2026-01-25T23:45:24.122615+00:00", "data": {"market": "0x52226ec4393285ffc942019f20e3210e9311fc64cf1c7a9d1e9fbf27237352a6", "price_changes": [{"asset_id": "45200102949427176349999568908324938980741775964477026787123052544602998293488", "price": "0.17", "size": "990", "side": "BUY", "hash": "7e1494998591d504eab469a0db15a464d244fb34", "best_bid": "0.76", "best_ask": "0.78"}, {"asset_id": "37047640727055104154491541966367763466139953161675548075316317067988588663853", "price": "0.83", "size": "990", "side": "SELL", "hash": "96bfc22e9d84a68d8ead8a238029d861e748d939", "best_bid": "0.22", "best_ask": "0.24"}], "timestamp": "1769384724046", "event_type": "price_change"}}
{"_local_timestamp": "2026-01-25T23:45:38.891803+00:00", "data": {"market": "0x52226ec4393285ffc942019f20e3210e9311fc64cf1c7a9d1e9fbf27237352a6", "price_changes": [{"asset_id": "45200102949427176349999568908324938980741775964477026787123052544602998293488", "price": "0.2", "size": "390", "side": "BUY", "hash": "7f7a230ea976f81b04f28d18016b5aa5bbbb9b2d", "best_bid": "0.76", "best_ask": "0.78"}, {"asset_id": "37047640727055104154491541966367763466139953161675548075316317067988588663853", "price": "0.8", "size": "390", "side": "SELL", "hash": "d40925a220fb965814673e6093d98fdc6b77fb32", "best_bid": "0.22", "best_ask": "0.24"}], "timestamp": "1769384738810", "event_type": "price_change"}}
{"_local_timestamp": "2026-01-25T23:45:39.179849+00:00", "data": {"market": "0x52226ec4393285ffc942019f20e3210e9311fc64cf1c7a9d1e9fbf27237352a6", "price_changes": [{"asset_id": "45200102949427176349999568908324938980741775964477026787123052544602998293488", "price": "0.17", "size": "1140", "side": "BUY", "hash": "0c74da374581f94aeb803ee0a0545517c2c3f411", "best_bid": "0.76", "best_ask": "0.78"}, {"asset_id": "37047640727055104154491541966367763466139953161675548075316317067988588663853", "price": "0.83", "size": "1140", "side": "SELL", "hash": "bf704efdcca45ece73d1dd79a73b43d560014ef2", "best_bid": "0.22", "best_ask": "0.24"}], "timestamp": "1769384739077", "event_type": "price_change"}}
{"_local_timestamp": "2026-01-25T23:45:41.281869+00:00", "data": {"market": "0x52226ec4393285ffc942019f20e3210e9311fc64cf1c7a9d1e9fbf27237352a6", "price_changes": [{"asset_id": "37047640727055104154491541966367763466139953161675548075316317067988588663853", "price": "0.2", "size": "112.45", "side": "BUY", "hash": "044798fe9cbe3b3ededdc83f38e4cca822a03e22", "best_bid": "0.22", "best_ask": "0.24"}, {"asset_id": "45200102949427176349999568908324938980741775964477026787123052544602998293488", "price": "0.8", "size": "112.45", "side": "SELL", "hash": "8270537d18a9d82dbaf3de4dadb882c5d0b1c1a5", "best_bid": "0.76", "best_ask": "0.78"}], "timestamp": "1769384741190", "event_type": "price_change"}}
{"_local_timestamp": "2026-01-25T23:45:42.466845+00:00", "data": {"market": "0x52226ec4393285ffc942019f20e3210e9311fc64cf1c7a9d1e9fbf27237352a6", "price_changes": [{"asset_id": "37047640727055104154491541966367763466139953161675548075316317067988588663853", "price": "0.21", "size": "424", "side": "BUY", "hash": "09869f1eee71140e8d9e91860b1750fbc176c65c", "best_bid": "0.22", "best_ask": "0.24"}, {"asset_id": "45200102949427176349999568908324938980741775964477026787123052544602998293488", "price": "0.79", "size": "424", "side": "SELL", "hash": "388dea2057e9571e90d5053d8ce3f35624e2c68f", "best_bid": "0.76", "best_ask": "0.78"}], "timestamp": "1769384742397", "event_type": "price_change"}}
{"_local_timestamp": "2026-01-25T23:45:42.716896+00:00", "data": {"market": "0x52226ec4393285ffc942019f20e3210e9311fc64cf1c7a9d1e9fbf27237352a6", "price_changes": [{"asset_id": "37047640727055104154491541966367763466139953161675548075316317067988588663853", "price": "0.21", "size": "599", "side": "BUY", "hash": "9b2b075fe6868e4b5d41aba6a8550f5d3bb525a0", "best_bid": "0.22", "best_ask": "0.24"}, {"asset_id": "45200102949427176349999568908324938980741775964477026787123052544602998293488", "price": "0.79", "size": "599", "side": "SELL", "hash": "61cc6a0fec3b4b8431668bc53d6efbb4912fa8b3", "best_bid": "0.76", "best_ask": "0.78"}], "timestamp": "1769384742651", "event_type": "price_change"}}
{"_local_timestamp": "2026-01-25T23:45:56.894872+00:00", "data": {"market": "0x52226ec4393285ffc942019f20e3210e9311fc64cf1c7a9d1e9fbf27237352a6", "price_changes": [{"asset_id": "37047640727055104154491541966367763466139953161675548075316317067988588663853", "price": "0.2", "size": "212.45", "side": "BUY", "hash": "ad33a2f0940178b6b80eb6c629f6277e2459f408", "best_bid": "0.22", "best_ask": "0.24"}, {"asset_id": "45200102949427176349999568908324938980741775964477026787123052544602998293488", "price": "0.8", "size": "212.45", "side": "SELL", "hash": "ba27ba7e9ba96e6e42435470961a1efa74a780e0", "best_bid": "0.76", "best_ask": "0.78"}], "timestamp": "1769384756228", "event_type": "price_change"}}
{"_local_timestamp": "2026-01-25T23:45:58.050785+00:00", "data": {"market": "0x52226ec4393285ffc942019f20e3210e9311fc64cf1c7a9d1e9fbf27237352a6", "price_changes": [{"asset_id": "37047640727055104154491541966367763466139953161675548075316317067988588663853", "price": "0.15", "size": "2695.33", "side": "BUY", "hash": "bdc495e50206bed4e5b018b79a7b99b6fd659967", "best_bid": "0.22", "best_ask": "0.24"}, {"asset_id": "45200102949427176349999568908324938980741775964477026787123052544602998293488", "price": "0.85", "size": "2695.33", "side": "SELL", "hash": "5d70af9853015fd2b916e9d8c5b42fadb2011573", "best_bid": "0.76", "best_ask": "0.78"}], "timestamp": "1769384757974", "event_type": "price_change"}}
{"_local_timestamp": "2026-01-25T23:45:58.051214+00:00", "data": {"market": "0x52226ec4393285ffc942019f20e3210e9311fc64cf1c7a9d1e9fbf27237352a6", "price_changes": [{"asset_id": "37047640727055104154491541966367763466139953161675548075316317067988588663853", "price": "0.09", "size": "228.91", "side": "BUY", "hash": "519964035cdaf14a9c4e6be893835d1276dd16a7", "best_bid": "0.22", "best_ask": "0.24"}, {"asset_id": "45200102949427176349999568908324938980741775964477026787123052544602998293488", "price": "0.91", "size": "228.91", "side": "SELL", "hash": "d308bbf901b23dd49ecdbf175fd95ec1b47ea393", "best_bid": "0.76", "best_ask": "0.78"}], "timestamp": "1769384757975", "event_type": "price_change"}}
{"_local_timestamp": "2026-01-25T23:46:00.008449+00:00", "data": {"market": "0x52226ec4393285ffc942019f20e3210e9311fc64cf1c7a9d1e9fbf27237352a6", "price_changes": [{"asset_id": "37047640727055104154491541966367763466139953161675548075316317067988588663853", "price": "0.21", "size": "424", "side": "BUY", "hash": "ce234745bf10610ba3c78bc0376c6d4792a15e5f", "best_bid": "0.22", "best_ask": "0.24"}, {"asset_id": "45200102949427176349999568908324938980741775964477026787123052544602998293488", "price": "0.79", "size": "424", "side": "SELL", "hash": "30852c95abe1ddb4eca9172a561debe6cb59ccd9", "best_bid": "0.76", "best_ask": "0.78"}], "timestamp": "1769384759932", "event_type": "price_change"}}
{"_local_timestamp": "2026-01-25T23:46:00.382958+00:00", "data": {"market": "0x52226ec4393285ffc942019f20e3210e9311fc64cf1c7a9d1e9fbf27237352a6", "price_changes": [{"asset_id": "37047640727055104154491541966367763466139953161675548075316317067988588663853", "price": "0.21", "size": "644", "side": "BUY", "hash": "750142598c3bf908ea3ecac2f435c15c161d8f98", "best_bid": "0.22", "best_ask": "0.24"}, {"asset_id": "45200102949427176349999568908324938980741775964477026787123052544602998293488", "price": "0.79", "size": "644", "side": "SELL", "hash": "291a60e0e57b01244dd318eea0ef1828a4db42a0", "best_bid": "0.76", "best_ask": "0.78"}], "timestamp": "1769384760310", "event_type": "price_change"}}
