{"_local_timestamp": "2026-01-25T23:40:30.190842+00:00", "data": [{"market": "0x251b46a4b02dd818bcaf26d5f84d3020d677428a66da715237c7bb764291b8bd", "asset_id": "38202935615001386435763226841642069882440353941240309708546571086444674387617", "timestamp": "1769384420662", "hash": "de6ae0016a8d314eccc0c5a6e00ff250e41f265a", "bids": [{"price": "0.001", "size": "2068.64"}, {"price": "0.002", "size": "1250"}, {"price": "0.003", "size": "89.96"}, {"price": "0.02", "size": "5000"}, {"price": "0.03", "size": "100"}, {"price": "0.031", "size": "400"}, {"price": "0.032", "size": "7.96"}, {"price": "0.06", "size": "50"}, {"price": "0.062", "size": "20"}, {"price": "0.063", "size": "7.25"}, {"price": "0.1", "size": "700"}, {"price": "0.101", "size": "41.99"}, {"price": "0.105", "size": "25"}, {"price": "0.106", "size": "44.99"}, {"price": "0.119", "size": "41.99"}, {"price": "0.137", "size": "102.23"}], "asks": [{"price": "0.999", "size": "4841.65"}, {"price": "0.998", "size": "1250"}, {"price": "0.997", "size": "1406.99"}, {"price": "0.994", "size": "200"}, {"price": "0.993", "size": "55.37"}, {"price": "0.95", "size": "30"}, {"price": "0.93", "size": "514.28"}, {"price": "0.9", "size": "340"}, {"price": "0.899", "size": "5.75"}, {"price": "0.87", "size": "246.15"}, {"price": "0.83", "size": "164.7"}, {"price": "0.8", "size": "130"}, {"price": "0.77", "size": "171"}, {"price": "0.73", "size": "74.07"}, {"price": "0.729", "size": "37"}, {"price": "0.728", "size": "7"}, {"price": "0.7", "size": "10"}, {"price": "0.581", "size": "66.66"}, {"price": "0.4", "size": "82.98"}, {"price": "0.395", "size": "100"}, {"price": "0.392", "size": "66.66"}, {"price": "0.391", "size": "45"}], "event_type": "book", "last_trade_price": "0.235"}, {"market": "0x251b46a4b02dd818bcaf26d5f84d3020d677428a66da715237c7bb764291b8bd", "asset_id": "92947222300298952436254594182328137313823749893206387135431446187162878213717", "timestamp": "1769384420662", "hash": "faa49d86fccb78ad94bd7b697c1667ff6017f2dc", "bids": [{"price": "0.001", "size": "4841.65"}, {"price": "0.002", "size": "1250"}, {"price": "0.003", "size": "1406.99"}, {"price": "0.006", "size": "200"}, {"price": "0.007", "size": "55.37"}, {"price": "0.05", "size": "30"}, {"price": "0.07", "size": "514.28"}, {"price": "0.1", "size": "340"}, {"price": "0.101", "size": "5.75"}, {"price": "0.13", "size": "246.15"}, {"price": "0.17", "size": "164.7"}, {"price": "0.2", "size": "130"}, {"price": "0.23", "size": "171"}, {"price": "0.27", "size": "74.07"}, {"price": "0.271", "size": "37"}, {"price": "0.272", "size": "7"}, {"price": "0.3", "size": "10"}, {"price": "0.419", "size": "66.66"}, {"price": "0.6", "size": "82.98"}, {"price": "0.605", "size": "100"}, {"price": "0.608", "size": "66.66"}, {"price": "0.609", "size": "45"}], "asks": [{"price": "0.999", "size": "2068.64"}, {"price": "0.998", "size": "1250"}, {"price": "0.997", "size": "89.96"}, {"price": "0.98", "size": "5000"}, {"price": "0.97", "size": "100"}, {"price": "0.969", "size": "400"}, {"price": "0.968", "size": "7.96"}, {"price": "0.94", "size": "50"}, {"price": "0.938", "size": "20"}, {"price": "0.937", "size": "7.25"}, {"price": "0.9", "size": "700"}, {"price": "0.899", "size": "41.99"}, {"price": "0.895", "size": "25"}, {"price": "0.894", "size": "44.99"}, {"price": "0.881", "size": "41.99"}, {"price": "0.863", "size": "102.23"}], "event_type": "book", "last_trade_price": "0.235"}]}
{"_local_timestamp": "2026-01-25T23:41:19.445934+00:00", "data": {"market": "0x251b46a4b02dd818bcaf26d5f84d3020d677428a66da715237c7bb764291b8bd", "price_changes": [{"asset_id": "38202935615001386435763226841642069882440353941240309708546571086444674387617", "price": "0.001", "size": "2058.01", "side": "BUY", "hash": "2422114ad8a70f3134c37caa9be1d7b974f383fd", "best_bid": "0.137", "best_ask": "0.391"}, {"asset_id": "92947222300298952436254594182328137313823749893206387135431446187162878213717", "price": "0.999", "size": "2058.01", "side": "SELL", "hash": "3a044f196629b3acaf2ad06570ea1062ac0db056", "best_bid": "0.609", "best_ask": "0.863"}], "timestamp": "1769384479372", "event_type": "price_change"}}
{"_local_timestamp": "2026-01-25T23:41:19.820250+00:00", "data": {"market": "0x251b46a4b02dd818bcaf26d5f84d3020d677428a66da715237c7bb764291b8bd", "price_changes": [{"asset_id": "38202935615001386435763226841642069882440353941240309708546571086444674387617", "price": "0.001", "size": "2068.64", "side": "BUY", "hash": "e4e92f981a372d23feffd7c29e6299775e3ab35c", "best_bid": "0.137", "best_ask": "0.391"}, {"asset_id": "92947222300298952436254594182328137313823749893206387135431446187162878213717", "price": "0.999", "size": "2068.64", "side": "SELL", "hash": "2abe5131923634c8739459ed70d95e7b13e05806", "best_bid": "0.609", "best_ask": "0.863"}], "timestamp": "1769384479738", "event_type": "price_change"}}
{"_local_timestamp": "2026-01-25T23:41:51.002071+00:00", "data": {"market": "0x251b46a4b02dd818bcaf26d5f84d3020d677428a66da715237c7bb764291b8bd", "price_changes": [{"asset_id": "92947222300298952436254594182328137313823749893206387135431446187162878213717", "price": "0.609", "size": "107.39", "side": "BUY", "hash": "22ab8b385a45daeb19a9b86e1d6a9d768cfe7fc8", "best_bid": "0.609", "best_ask": "0.863"}, {"asset_id": "38202935615001386435763226841642069882440353941240309708546571086444674387617", "price": "0.391", "size": "107.39", "side": "SELL", "hash": "afba64c268629a43702517bd4d57dd08b8bd8e05", "best_bid": "0.137", "best_ask": "0.391"}], "timestamp": "1769384510808", "event_type": "price_change"}}
{"_local_timestamp": "2026-01-25T23:42:10.425077+00:00", "data": {"market": "0x251b46a4b02dd818bcaf26d5f84d3020d677428a66da715237c7bb764291b8bd", "price_changes": [{"asset_id": "92947222300298952436254594182328137313823749893206387135431446187162878213717", "price": "0.608", "size": "0", "side": "BUY", "hash": "b027c9435bfaf72490e6c53dc7e9f0a55d0c617f", "best_bid": "0.609", "best_ask": "0.863"}, {"asset_id": "38202935615001386435763226841642069882440353941240309708546571086444674387617", "price": "0.392", "size": "0", "side": "SELL", "hash": "34f7ded6adf75c161a92ac2304ad32f1b7af734e", "best_bid": "0.137", "best_ask": "0.391"}], "timestamp": "1769384530345", "event_type": "price_change"}}
{"_local_timestamp": "2026-01-25T23:42:10.935479+00:00", "data": {"market": "0x251b46a4b02dd818bcaf26d5f84d3020d677428a66da715237c7bb764291b8bd", "price_changes": [{"asset_id": "92947222300298952436254594182328137313823749893206387135431446187162878213717", "price": "0.61", "size": "66.66", "side": "BUY", "hash": "143b1a799bb1ef6a6162710a3bd7b5ec371bbbad", "best_bid": "0.61", "best_ask": "0.863"}, {"asset_id": "38202935615001386435763226841642069882440353941240309708546571086444674387617", "price": "0.39", "size": "66.66", "side": "SELL", "hash": "e20c14449586a2bb40b7bdbafddd6cd19887528c", "best_bid": "0.137", "best_ask": "0.39"}], "timestamp": "1769384530862", "event_type": "price_change"}}
{"_local_timestamp": "2026-01-25T23:43:42.849136+00:00", "data": {"market": "0x251b46a4b02dd818bcaf26d5f84d3020d677428a66da715237c7bb764291b8bd", "price_changes": [{"asset_id": "92947222300298952436254594182328137313823749893206387135431446187162878213717", "price": "0.609", "size": "45", "side": "BUY", "hash": "ffc96f22d6a6dde2fc81bd6a6d4d0d2447001747", "best_bid": "0.61", "best_ask": "0.863"}, {"asset_id": "38202935615001386435763226841642069882440353941240309708546571086444674387617", "price": "0.391", "size": "45", "side": "SELL", "hash": "940d96309080cccd50bd545e137197fa62ce6d71", "best_bid": "0.137", "best_ask": "0.39"}], "timestamp": "1769384622740", "event_type": "price_change"}}
