{"_local_timestamp": "2026-01-25T23:40:29.608728+00:00", "data": [{"market": "0xe9c127a8c35f045d37b5344b0a36711084fa20c2fc1618bf178a5386f90610be", "asset_id": "80230236018433940569996058935444651347308266584430516013229815570706872276819", "timestamp": "1769384429155", "hash": "cd0429b77e6d880184aebfebf97ec70b31224d42", "bids": [{"price": "0.001", "size": "12487.06"}, {"price": "0.002", "size": "450.28"}, {"price": "0.003", "size": "344.69"}, {"price": "0.004", "size": "149.15"}, {"price": "0.005", "size": "24.22"}, {"price": "0.007", "size": "2.46"}], "asks": [{"price": "0.999", "size": "827726.43"}, {"price": "0.998", "size": "1255.1"}, {"price": "0.997", "size": "1400"}, {"price": "0.996", "size": "9.87"}, {"price": "0.994", "size": "200"}, {"price": "0.99", "size": "2000"}, {"price": "0.989", "size": "10.62"}, {"price": "0.98", "size": "1000"}, {"price": "0.979", "size": "5000"}, {"price": "0.978", "size": "181.81"}, {"price": "0.97", "size": "300"}, {"price": "0.968", "size": "5200"}, {"price": "0.967", "size": "121.21"}, {"price": "0.959", "size": "97.56"}, {"price": "0.958", "size": "5.6"}, {"price": "0.95", "size": "30"}, {"price": "0.949", "size": "39"}, {"price": "0.94", "size": "500"}, {"price": "0.937", "size": "63.49"}, {"price": "0.936", "size": "62.5"}, {"price": "0.9", "size": "560"}, {"price": "0.895", "size": "38.09"}, {"price": "0.894", "size": "37.73"}, {"price": "0.893", "size": "5.54"}, {"price": "0.876", "size": "32.25"}, {"price": "0.875", "size": "32"}, {"price": "0.85", "size": "776.66"}, {"price": "0.849", "size": "26.49"}, {"price": "0.829", "size": "23.39"}, {"price": "0.827", "size": "23.12"}, {"price": "0.826", "size": "22.98"}, {"price": "0.8", "size": "660"}, {"price": "0.799", "size": "39.8"}, {"price": "0.75", "size": "362"}, {"price": "0.749", "size": "31.86"}, {"price": "0.7", "size": "186.66"}, {"price": "0.699", "size": "13.28"}, {"price": "0.65", "size": "68.57"}, {"price": "0.649", "size": "11.39"}, {"price": "0.64", "size": "38.54"}, {"price": "0.639", "size": "7050"}, {"price": "0.638", "size": "250"}, {"price": "0.636", "size": "10.98"}, {"price": "0.635", "size": "10.95"}, {"price": "0.6", "size": "125"}, {"price": "0.597", "size": "5"}, {"price": "0.596", "size": "9.9"}, {"price": "0.541", "size": "8.71"}, {"price": "0.54", "size": "8.69"}, {"price": "0.4", "size": "30"}, {"price": "0.17", "size": "100"}, {"price": "0.08", "size": "108.33"}, {"price": "0.034", "size": "500"}, {"price": "0.033", "size": "2000"}, {"price": "0.03", "size": "2953"}, {"price": "0.029", "size": "24.5"}, {"price": "0.028", "size": "367"}, {"price": "0.013", "size": "25"}, {"price": "0.012", "size": "15"}, {"price": "0.011", "size": "5.24"}], "event_type": "book", "last_trade_price": "0.007"}, {"market": "0xe9c127a8c35f045d37b5344b0a36711084fa20c2fc1618bf178a5386f90610be", "asset_id": "107000426448217931795450451304515386602910396776318075817601265223856116134349", "timestamp": "1769384429155", "hash": "757beef4c4c3b16c9e5124639cb96da7a0c30119", "bids": [{"price": "0.001", "size": "827726.43"}, {"price": "0.002", "size": "1255.1"}, {"price": "0.003", "size": "1400"}, {"price": "0.004", "size": "9.87"}, {"price": "0.006", "size": "200"}, {"price": "0.01", "size": "2000"}, {"price": "0.011", "size": "10.62"}, {"price": "0.02", "size": "1000"}, {"price": "0.021", "size": "5000"}, {"price": "0.022", "size": "181.81"}, {"price": "0.03", "size": "300"}, {"price": "0.032", "size": "5200"}, {"price": "0.033", "size": "121.21"}, {"price": "0.041", "size": "97.56"}, {"price": "0.042", "size": "5.6"}, {"price": "0.05", "size": "30"}, {"price": "0.051", "size": "39"}, {"price": "0.06", "size": "500"}, {"price": "0.063", "size": "63.49"}, {"price": "0.064", "size": "62.5"}, {"price": "0.1", "size": "560"}, {"price": "0.105", "size": "38.09"}, {"price": "0.106", "size": "37.73"}, {"price": "0.107", "size": "5.54"}, {"price": "0.124", "size": "32.25"}, {"price": "0.125", "size": "32"}, {"price": "0.15", "size": "776.66"}, {"price": "0.151", "size": "26.49"}, {"price": "0.171", "size": "23.39"}, {"price": "0.173", "size": "23.12"}, {"price": "0.174", "size": "22.98"}, {"price": "0.2", "size": "660"}, {"price": "0.201", "size": "39.8"}, {"price": "0.25", "size": "362"}, {"price": "0.251", "size": "31.86"}, {"price": "0.3", "size": "186.66"}, {"price": "0.301", "size": "13.28"}, {"price": "0.35", "size": "68.57"}, {"price": "0.351", "size": "11.39"}, {"price": "0.36", "size": "38.54"}, {"price": "0.361", "size": "7050"}, {"price": "0.362", "size": "250"}, {"price": "0.364", "size": "10.98"}, {"price": "0.365", "size": "10.95"}, {"price": "0.4", "size": "125"}, {"price": "0.403", "size": "5"}, {"price": "0.404", "size": "9.9"}, {"price": "0.459", "size": "8.71"}, {"price": "0.46", "size": "8.69"}, {"price": "0.6", "size": "30"}, {"price": "0.83", "size": "100"}, {"price": "0.92", "size": "108.33"}, {"price": "0.966", "size": "500"}, {"price": "0.967", "size": "2000"}, {"price": "0.97", "size": "2953"}, {"price": "0.971", "size": "24.5"}, {"price": "0.972", "size": "367"}, {"price": "0.987", "size": "25"}, {"price": "0.988", "size": "15"}, {"price": "0.989", "size": "5.24"}], "asks": [{"price": "0.999", "size": "12487.06"}, {"price": "0.998", "size": "450.28"}, {"price": "0.997", "size": "344.69"}, {"price": "0.996", "size": "149.15"}, {"price": "0.995", "size": "24.22"}, {"price": "0.993", "size": "2.46"}], "event_type": "book", "last_trade_price": "0.007"}]}
{"_local_timestamp": "2026-01-25T23:40:31.126225+00:00", "data": {"market": "0xe9c127a8c35f045d37b5344b0a36711084fa20c2fc1618bf178a5386f90610be", "price_changes": [{"asset_id": "80230236018433940569996058935444651347308266584430516013229815570706872276819", "price": "0.002", "size": "428.25", "side": "BUY", "hash": "8e7d91ef19aa42412732377ebe49810572565e39", "best_bid": "0.007", "best_ask": "0.011"}, {"asset_id": "107000426448217931795450451304515386602910396776318075817601265223856116134349", "price": "0.998", "size": "428.25", "side": "SELL", "hash": "12e20e02697c74e22f6ef14c4b40eeb8cfc4e900", "best_bid": "0.989", "best_ask": "0.993"}], "timestamp": "1769384431034", "event_type": "price_change"}}
{"_local_timestamp": "2026-01-25T23:40:32.103479+00:00", "data": {"market": "0xe9c127a8c35f045d37b5344b0a36711084fa20c2fc1618bf178a5386f90610be", "price_changes": [{"asset_id": "80230236018433940569996058935444651347308266584430516013229815570706872276819", "price": "0.002", "size": "406.22", "side": "BUY", "hash": "8901c0407b91660f10e5f439746e22cbbfbae7bc", "best_bid": "0.007", "best_ask": "0.011"}, {"asset_id": "107000426448217931795450451304515386602910396776318075817601265223856116134349", "price": "0.998", "size": "406.22", "side": "SELL", "hash": "c32c3fd8bd1052fd7db0157897ad5a8d3faf61ac", "best_bid": "0.989", "best_ask": "0.993"}], "timestamp": "1769384432019", "event_type": "price_change"}}
{"_local_timestamp": "2026-01-25T23:40:32.518680+00:00", "data": {"market": "0xe9c127a8c35f045d37b5344b0a36711084fa20c2fc1618bf178a5386f90610be", "price_changes": [{"asset_id": "80230236018433940569996058935444651347308266584430516013229815570706872276819", "price": "0.002", "size": "428.25", "side": "BUY", "hash": "2d0c94a77284ebf894f3bc394c69a090222dee77", "best_bid": "0.007", "best_ask": "0.011"}, {"asset_id": "107000426448217931795450451304515386602910396776318075817601265223856116134349", "price": "0.998", "size": "428.25", "side": "SELL", "hash": "1294626c560b16978acc90cf759a5b320d121f3c", "best_bid": "0.989", "best_ask": "0.993"}], "timestamp": "1769384432432", "event_type": "price_change"}}
{"_local_timestamp": "2026-01-25T23:40:32.520186+00:00", "data": {"market": "0xe9c127a8c35f045d37b5344b0a36711084fa20c2fc1618bf178a5386f90610be", "price_changes": [{"asset_id": "80230236018433940569996058935444651347308266584430516013229815570706872276819", "price": "0.002", "size": "450.28", "side": "BUY", "hash": "825727cc4cfeba6d5fb48716df6883ad3084dfcf", "best_bid": "0.007", "best_ask": "0.011"}, {"asset_id": "107000426448217931795450451304515386602910396776318075817601265223856116134349", "price": "0.998", "size": "450.28", "side": "SELL", "hash": "62b9677ac44508ff689bf36a14404d58e9b720c1", "best_bid": "0.989", "best_ask": "0.993"}], "timestamp": "1769384432436", "event_type": "price_change"}}
{"_local_timestamp": "2026-01-25T23:40:32.930811+00:00", "data": {"market": "0xe9c127a8c35f045d37b5344b0a36711084fa20c2fc1618bf178a5386f90610be", "price_changes": [{"asset_id": "80230236018433940569996058935444651347308266584430516013229815570706872276819", "price": "0.002", "size": "428.25", "side": "BUY", "hash": "bfc8426e89f6eaaa907d3dc83e86affaf7cb7862", "best_bid": "0.007", "best_ask": "0.011"}, {"asset_id": "107000426448217931795450451304515386602910396776318075817601265223856116134349", "price": "0.998", "size": "428.25", "side": "SELL", "hash": "cb0206af2b0470dd2c6afa5c0d2f84f0d8c556a1", "best_bid": "0.989", "best_ask": "0.993"}], "timestamp": "1769384432865", "event_type": "price_change"}}
{"_local_timestamp": "2026-01-25T23:40:34.046156+00:00", "data": {"market": "0xe9c127a8c35f045d37b5344b0a36711084fa20c2fc1618bf178a5386f90610be", "price_changes": [{"asset_id": "107000426448217931795450451304515386602910396776318075817601265223856116134349", "price": "0.6", "size": "0", "side": "BUY", "hash": "ae29a6d2088dee39199303f92d0e561fd79946cb", "best_bid": "0.989", "best_ask": "0.993"}, {"asset_id": "80230236018433940569996058935444651347308266584430516013229815570706872276819", "price": "0.4", "size": "0", "side": "SELL", "hash": "5b4aaf01aa05c00020171b5a7e9d879d3765f7f4", "best_bid": "0.007", "best_ask": "0.011"}], "timestamp": "1769384433982", "event_type": "price_change"}}
{"_local_timestamp": "2026-01-25T23:40:34.290376+00:00", "data": {"market": "0xe9c127a8c35f045d37b5344b0a36711084fa20c2fc1618bf178a5386f90610be", "price_changes": [{"asset_id": "80230236018433940569996058935444651347308266584430516013229815570706872276819", "price": "0.002", "size": "406.22", "side": "BUY", "hash": "8f1f44f37c21e1f2f289f49a5858d77883bfdcf4", "best_bid": "0.007", "best_ask": "0.011"}, {"asset_id": "107000426448217931795450451304515386602910396776318075817601265223856116134349", "price": "0.998", "size": "406.22", "side": "SELL", "hash": "73c96020ef4ab90eda18dad83422b7337a058305", "best_bid": "0.989", "best_ask": "0.993"}], "timestamp": "1769384434210", "event_type": "price_change"}}
{"_local_timestamp": "2026-01-25T23:40:34.700803+00:00", "data": {"market": "0xe9c127a8c35f045d37b5344b0a36711084fa20c2fc1618bf178a5386f90610be", "price_changes": [{"asset_id": "80230236018433940569996058935444651347308266584430516013229815570706872276819", "price": "0.002", "size": "428.25", "side": "BUY", "hash": "fd8a5942e021fbb8a26b973db780f85c515f9bb5", "best_bid": "0.007", "best_ask": "0.011"}, {"asset_id": "107000426448217931795450451304515386602910396776318075817601265223856116134349", "price": "0.998", "size": "428.25", "side": "SELL", "hash": "06ac1267949cf10b4c4789e0b1d598b11c1ad08f", "best_bid": "0.989", "best_ask": "0.993"}], "timestamp": "1769384434625", "event_type": "price_change"}}
{"_local_timestamp": "2026-01-25T23:40:34.702258+00:00", "data": {"market": "0xe9c127a8c35f045d37b5344b0a36711084fa20c2fc1618bf178a5386f90610be", "price_changes": [{"asset_id": "80230236018433940569996058935444651347308266584430516013229815570706872276819", "price": "0.002", "size": "450.28", "side": "BUY", "hash": "1e03de97afdca6b9970a1b97b911717bf4606843", "best_bid": "0.007", "best_ask": "0.011"}, {"asset_id": "107000426448217931795450451304515386602910396776318075817601265223856116134349", "price": "0.998", "size": "450.28", "side": "SELL", "hash": "dd3622f98b0295eac4f9f57b791d54b87f115bf2", "best_bid": "0.989", "best_ask": "0.993"}], "timestamp": "1769384434629", "event_type": "price_change"}}
{"_local_timestamp": "2026-01-25T23:40:36.092470+00:00", "data": {"market": "0xe9c127a8c35f045d37b5344b0a36711084fa20c2fc1618bf178a5386f90610be", "price_changes": [{"asset_id": "80230236018433940569996058935444651347308266584430516013229815570706872276819", "price": "0.002", "size": "428.25", "side": "BUY", "hash": "d15cecf3be011e9a869f6b947ec8796d702ab0c5", "best_bid": "0.007", "best_ask": "0.011"}, {"asset_id": "107000426448217931795450451304515386602910396776318075817601265223856116134349", "price": "0.998", "size": "428.25", "side": "SELL", "hash": "615e7ef92a84e3c5e4e86496a3fa914556a043e4", "best_bid": "0.989", "best_ask": "0.993"}], "timestamp": "1769384436004", "event_type": "price_change"}}
{"_local_timestamp": "2026-01-25T23:40:36.126042+00:00", "data": {"market": "0xe9c127a8c35f045d37b5344b0a36711084fa20c2fc1618bf178a5386f90610be", "price_changes": [{"asset_id": "107000426448217931795450451304515386602910396776318075817601265223856116134349", "price": "0.6", "size": "30", "side": "BUY", "hash": "2056573af438b6be577cb5d1f180d1502f314dca", "best_bid": "0.989", "best_ask": "0.993"}, {"asset_id": "80230236018433940569996058935444651347308266584430516013229815570706872276819", "price": "0.4", "size": "30", "side": "SELL", "hash": "bc9384e5b23972c93428e7697623c40529a69ecb", "best_bid": "0.007", "best_ask": "0.011"}], "timestamp": "1769384436061", "event_type": "price_change"}}
{"_local_timestamp": "2026-01-25T23:40:37.397105+00:00", "data": {"market": "0xe9c127a8c35f045d37b5344b0a36711084fa20c2fc1618bf178a5386f90610be", "price_changes": [{"asset_id": "80230236018433940569996058935444651347308266584430516013229815570706872276819", "price": "0.002", "size": "406.22", "side": "BUY", "hash": "1ecc0e296dad5ee0fd42d629b714b3aa7c77f8ea", "best_bid": "0.007", "best_ask": "0.011"}, {"asset_id": "107000426448217931795450451304515386602910396776318075817601265223856116134349", "price": "0.998", "size": "406.22", "side": "SELL", "hash": "fc6a7bd12d81354995b88aa56d58145fc78006fa", "best_bid": "0.989", "best_ask": "0.993"}], "timestamp": "1769384437296", "event_type": "price_change"}}
{"_local_timestamp": "2026-01-25T23:40:37.713065+00:00", "data": {"market": "0xe9c127a8c35f045d37b5344b0a36711084fa20c2fc1618bf178a5386f90610be", "price_changes": [{"asset_id": "80230236018433940569996058935444651347308266584430516013229815570706872276819", "price": "0.002", "size": "428.25", "side": "BUY", "hash": "e7123c6aedc2a7c351a1d3dfb8ae64174e7f7646", "best_bid": "0.007", "best_ask": "0.011"}, {"asset_id": "107000426448217931795450451304515386602910396776318075817601265223856116134349", "price": "0.998", "size": "428.25", "side": "SELL", "hash": "8a24ab866613a912a5ac77f0f4054ba106348973", "best_bid": "0.989", "best_ask": "0.993"}], "timestamp": "1769384437644", "event_type": "price_change"}}
{"_local_timestamp": "2026-01-25T23:40:37.724927+00:00", "data": {"market": "0xe9c127a8c35f045d37b5344b0a36711084fa20c2fc1618bf178a5386f90610be", "price_changes": [{"asset_id": "80230236018433940569996058935444651347308266584430516013229815570706872276819", "price": "0.002", "size": "450.28", "side": "BUY", "hash": "3190235b635d23e4a4d8cb0d7f196585ff266898", "best_bid": "0.007", "best_ask": "0.011"}, {"asset_id": "107000426448217931795450451304515386602910396776318075817601265223856116134349", "price": "0.998", "size": "450.28", "side": "SELL", "hash": "37ed994cb135500f2b0989c77cff118aecb25ff6", "best_bid": "0.989", "best_ask": "0.993"}], "timestamp": "1769384437648", "event_type": "price_change"}}
{"_local_timestamp": "2026-01-25T23:40:38.965654+00:00", "data": {"market": "0xe9c127a8c35f045d37b5344b0a36711084fa20c2fc1618bf178a5386f90610be", "price_changes": [{"asset_id": "80230236018433940569996058935444651347308266584430516013229815570706872276819", "price": "0.002", "size": "428.25", "side": "BUY", "hash": "1f3f9cf7adbf516ca863e123cec521b5988cacd2", "best_bid": "0.007", "best_ask": "0.011"}, {"asset_id": "107000426448217931795450451304515386602910396776318075817601265223856116134349", "price": "0.998", "size": "428.25", "side": "SELL", "hash": "5ab49095ff34ca462214741ce0b97480e491e250", "best_bid": "0.989", "best_ask": "0.993"}], "timestamp": "1769384438894", "event_type": "price_change"}}
{"_local_timestamp": "2026-01-25T23:40:39.892219+00:00", "data": {"market": "0xe9c127a8c35f045d37b5344b0a36711084fa20c2fc1618bf178a5386f90610be", "price_changes": [{"asset_id": "80230236018433940569996058935444651347308266584430516013229815570706872276819", "price": "0.002", "size": "406.22", "side": "BUY", "hash": "ffc62bf8b798abc02926decc29dd7640825fee3c", "best_bid": "0.007", "best_ask": "0.011"}, {"asset_id": "107000426448217931795450451304515386602910396776318075817601265223856116134349", "price": "0.998", "size": "406.22", "side": "SELL", "hash": "357785c60f92abad6ba97a7d6a7b1718ef22c0e5", "best_bid": "0.989", "best_ask": "0.993"}], "timestamp": "1769384439816", "event_type": "price_change"}}
{"_local_timestamp": "2026-01-25T23:40:40.205701+00:00", "data": {"market": "0xe9c127a8c35f045d37b5344b0a36711084fa20c2fc1618bf178a5386f90610be", "price_changes": [{"asset_id": "80230236018433940569996058935444651347308266584430516013229815570706872276819", "price": "0.002", "size": "428.25", "side": "BUY", "hash": "46ecb266810f32eff755db5f97c65e3eeeb27a83", "best_bid": "0.007", "best_ask": "0.011"}, {"asset_id": "107000426448217931795450451304515386602910396776318075817601265223856116134349", "price": "0.998", "size": "428.25", "side": "SELL", "hash": "5dabf6a370a6cdee706027840767bd81d8bd27d4", "best_bid": "0.989", "best_ask": "0.993"}], "timestamp": "1769384440136", "event_type": "price_change"}}
{"_local_timestamp": "2026-01-25T23:40:40.216535+00:00", "data": {"market": "0xe9c127a8c35f045d37b5344b0a36711084fa20c2fc1618bf178a5386f90610be", "price_changes": [{"asset_id": "80230236018433940569996058935444651347308266584430516013229815570706872276819", "price": "0.002", "size": "450.28", "side": "BUY", "hash": "e9a572776dbc2724c5769748d20af4cbad6669ad", "best_bid": "0.007", "best_ask": "0.011"}, {"asset_id": "107000426448217931795450451304515386602910396776318075817601265223856116134349", "price": "0.998", "size": "450.28", "side": "SELL", "hash": "d5659249f0c42bbe118a6e147d0f739eeeca9535", "best_bid": "0.989", "best_ask": "0.993"}], "timestamp": "1769384440145", "event_type": "price_change"}}
{"_local_timestamp": "2026-01-25T23:40:41.180240+00:00", "data": {"market": "0xe9c127a8c35f045d37b5344b0a36711084fa20c2fc1618bf178a5386f90610be", "price_changes": [{"asset_id": "80230236018433940569996058935444651347308266584430516013229815570706872276819", "price": "0.002", "size": "428.25", "side": "BUY", "hash": "d9baa78baebae6f976272f5c23789fb3df732802", "best_bid": "0.007", "best_ask": "0.011"}, {"asset_id": "107000426448217931795450451304515386602910396776318075817601265223856116134349", "price": "0.998", "size": "428.25", "side": "SELL", "hash": "5fc4ecac0dfbaef143c51f1ad3b43a5a9f474546", "best_bid": "0.989", "best_ask": "0.993"}], "timestamp": "1769384441100", "event_type": "price_change"}}
{"_local_timestamp": "2026-01-25T23:40:42.456866+00:00", "data": {"market": "0xe9c127a8c35f045d37b5344b0a36711084fa20c2fc1618bf178a5386f90610be", "price_changes": [{"asset_id": "80230236018433940569996058935444651347308266584430516013229815570706872276819", "price": "0.002", "size": "406.22", "side": "BUY", "hash": "3f0d75a5aac94bac42e9166d5537836f4944f215", "best_bid": "0.007", "best_ask": "0.011"}, {"asset_id": "107000426448217931795450451304515386602910396776318075817601265223856116134349", "price": "0.998", "size": "406.22", "side": "SELL", "hash": "4ef817e7cbb5ac9e2484f3c14f44ecadbc6ae805", "best_bid": "0.989", "best_ask": "0.993"}], "timestamp": "1769384442383", "event_type": "price_change"}}
{"_local_timestamp": "2026-01-25T23:40:42.822981+00:00", "data": {"market": "0xe9c127a8c35f045d37b5344b0a36711084fa20c2fc1618bf178a5386f90610be", "price_changes": [{"asset_id": "80230236018433940569996058935444651347308266584430516013229815570706872276819", "price": "0.002", "size": "428.25", "side": "BUY", "hash": "58165d33773a672e29eb7bb61897a41cf1533462", "best_bid": "0.007", "best_ask": "0.011"}, {"asset_id": "107000426448217931795450451304515386602910396776318075817601265223856116134349", "price": "0.998", "size": "428.25", "side": "SELL", "hash": "e953c8b9e2b7f60699f0c237e1c8dcb90eb994c7", "best_bid": "0.989", "best_ask": "0.993"}], "timestamp": "1769384442749", "event_type": "price_change"}}
{"_local_timestamp": "2026-01-25T23:40:42.830063+00:00", "data": {"market": "0xe9c127a8c35f045d37b5344b0a36711084fa20c2fc1618bf178a5386f90610be", "price_changes": [{"asset_id": "80230236018433940569996058935444651347308266584430516013229815570706872276819", "price": "0.002", "size": "450.28", "side": "BUY", "hash": "77cfc319d33eff410c19475d738716787c633cd5", "best_bid": "0.007", "best_ask": "0.011"}, {"asset_id": "107000426448217931795450451304515386602910396776318075817601265223856116134349", "price": "0.998", "size": "450.28", "side": "SELL", "hash": "0ce5beae0a646f58071c4faa48d6c644dbd894e8", "best_bid": "0.989", "best_ask": "0.993"}], "timestamp": "1769384442754", "event_type": "price_change"}}
{"_local_timestamp": "2026-01-25T23:40:43.471227+00:00", "data": {"market": "0xe9c127a8c35f045d37b5344b0a36711084fa20c2fc1618bf178a5386f90610be", "price_changes": [{"asset_id": "80230236018433940569996058935444651347308266584430516013229815570706872276819", "price": "0.002", "size": "428.25", "side": "BUY", "hash": "41a62264491751ac062b3c5fefa77f70825677c4", "best_bid": "0.007", "best_ask": "0.011"}, {"asset_id": "107000426448217931795450451304515386602910396776318075817601265223856116134349", "price": "0.998", "size": "428.25", "side": "SELL", "hash": "c331b36680ffeb11b9ebb7c43c7cc6b7d4f340d7", "best_bid": "0.989", "best_ask": "0.993"}], "timestamp": "1769384443400", "event_type": "price_change"}}
{"_local_timestamp": "2026-01-25T23:40:45.307480+00:00", "data": {"market": "0xe9c127a8c35f045d37b5344b0a36711084fa20c2fc1618bf178a5386f90610be", "price_changes": [{"asset_id": "80230236018433940569996058935444651347308266584430516013229815570706872276819", "price": "0.002", "size": "406.22", "side": "BUY", "hash": "d1f1f421a430a9537d7f2aaa5addf1f35657d062", "best_bid": "0.007", "best_ask": "0.011"}, {"asset_id": "107000426448217931795450451304515386602910396776318075817601265223856116134349", "price": "0.998", "size": "406.22", "side": "SELL", "hash": "14032c94bb7615eb54aa1d6d99aee07466e93ba7", "best_bid": "0.989", "best_ask": "0.993"}], "timestamp": "1769384445214", "event_type": "price_change"}}
{"_local_timestamp": "2026-01-25T23:40:45.659148+00:00", "data": {"market": "0xe9c127a8c35f045d37b5344b0a36711084fa20c2fc1618bf178a5386f90610be", "price_changes": [{"asset_id": "80230236018433940569996058935444651347308266584430516013229815570706872276819", "price": "0.002", "size": "428.25", "side": "BUY", "hash": "cb6438d17d24a11e887aea0f4413ed00fc50108c", "best_bid": "0.007", "best_ask": "0.011"}, {"asset_id": "107000426448217931795450451304515386602910396776318075817601265223856116134349", "price": "0.998", "size": "428.25", "side": "SELL", "hash": "8a12170fed5788947ead02cd9c95db0325b545f6", "best_bid": "0.989", "best_ask": "0.993"}], "timestamp": "1769384445584", "event_type": "price_change"}}
{"_local_timestamp": "2026-01-25T23:40:45.660832+00:00", "data": {"market": "0xe9c127a8c35f045d37b5344b0a36711084fa20c2fc1618bf178a5386f90610be", "price_changes": [{"asset_id": "80230236018433940569996058935444651347308266584430516013229815570706872276819", "price": "0.002", "size": "450.28", "side": "BUY", "hash": "0d8d1196c9da5a973d1061461da8c0623be2ce82", "best_bid": "0.007", "best_ask": "0.011"}, {"asset_id": "107000426448217931795450451304515386602910396776318075817601265223856116134349", "price": "0.998", "size": "450.28", "side": "SELL", "hash": "acc7a3b3b4ae159ffe56c3b030cc79c5f6c794c1", "best_bid": "0.989", "best_ask": "0.993"}], "timestamp": "1769384445588", "event_type": "price_change"}}
{"_local_timestamp": "2026-01-25T23:40:47.048364+00:00", "data": {"market": "0xe9c127a8c35f045d37b5344b0a36711084fa20c2fc1618bf178a5386f90610be", "price_changes": [{"asset_id": "80230236018433940569996058935444651347308266584430516013229815570706872276819", "price": "0.002", "size": "428.25", "side": "BUY", "hash": "8b07d046e9d3ccff2b0cd6ae38dcef8491835994", "best_bid": "0.007", "best_ask": "0.011"}, {"asset_id": "107000426448217931795450451304515386602910396776318075817601265223856116134349", "price": "0.998", "size": "428.25", "side": "SELL", "hash": "5ee02db18e402ab8a5a117bb1da1104a5c5eac37", "best_bid": "0.989", "best_ask": "0.993"}], "timestamp": "1769384446972", "event_type": "price_change"}}
{"_local_timestamp": "2026-01-25T23:40:47.903539+00:00", "data": {"market": "0xe9c127a8c35f045d37b5344b0a36711084fa20c2fc1618bf178a5386f90610be", "price_changes": [{"asset_id": "80230236018433940569996058935444651347308266584430516013229815570706872276819", "price": "0.002", "size": "406.22", "side": "BUY", "hash": "384a05b88f82035d15dddcf05902765bcdfc9450", "best_bid": "0.007", "best_ask": "0.011"}, {"asset_id": "107000426448217931795450451304515386602910396776318075817601265223856116134349", "price": "0.998", "size": "406.22", "side": "SELL", "hash": "1d9d8beb00ef3d2586141a5b0e65e8f3d85aa255", "best_bid": "0.989", "best_ask": "0.993"}], "timestamp": "1769384447827", "event_type": "price_change"}}
{"_local_timestamp": "2026-01-25T23:40:48.379851+00:00", "data": {"market": "0xe9c127a8c35f045d37b5344b0a36711084fa20c2fc1618bf178a5386f90610be", "price_changes": [{"asset_id": "80230236018433940569996058935444651347308266584430516013229815570706872276819", "price": "0.002", "size": "428.25", "side": "BUY", "hash": "a9996b422634e41b93dffd920a7114b91b5d5d41", "best_bid": "0.007", "best_ask": "0.011"}, {"asset_id": "107000426448217931795450451304515386602910396776318075817601265223856116134349", "price": "0.998", "size": "428.25", "side": "SELL", "hash": "4d44324fe5279b926b56a17beb7ebfbb6cbfab20", "best_bid": "0.989", "best_ask": "0.993"}], "timestamp": "1769384448299", "event_type": "price_change"}}
{"_local_timestamp": "2026-01-25T23:40:48.382455+00:00", "data": {"market": "0xe9c127a8c35f045d37b5344b0a36711084fa20c2fc1618bf178a5386f90610be", "price_changes": [{"asset_id": "80230236018433940569996058935444651347308266584430516013229815570706872276819", "price": "0.002", "size": "450.28", "side": "BUY", "hash": "d6b0726352513b628f287690f3e4c4cf4b1e1df8", "best_bid": "0.007", "best_ask": "0.011"}, {"asset_id": "107000426448217931795450451304515386602910396776318075817601265223856116134349", "price": "0.998", "size": "450.28", "side": "SELL", "hash": "72d1c83aa97a80955586e297bc39b2abcf12e21e", "best_bid": "0.989", "best_ask": "0.993"}], "timestamp": "1769384448303", "event_type": "price_change"}}
{"_local_timestamp": "2026-01-25T23:40:50.518234+00:00", "data": {"market": "0xe9c127a8c35f045d37b5344b0a36711084fa20c2fc1618bf178a5386f90610be", "price_changes": [{"asset_id": "80230236018433940569996058935444651347308266584430516013229815570706872276819", "price": "0.002", "size": "428.25", "side": "BUY", "hash": "4570b05ca4fdf638a69664dd546418c33be2dbe8", "best_bid": "0.007", "best_ask": "0.011"}, {"asset_id": "107000426448217931795450451304515386602910396776318075817601265223856116134349", "price": "0.998", "size": "428.25", "side": "SELL", "hash": "c97badca440d32e014d0776d0b92fc83fae1a3ad", "best_bid": "0.989", "best_ask": "0.993"}], "timestamp": "1769384450436", "event_type": "price_change"}}
{"_local_timestamp": "2026-01-25T23:40:52.520369+00:00", "data": {"market": "0xe9c127a8c35f045d37b5344b0a36711084fa20c2fc1618bf178a5386f90610be", "price_changes": [{"asset_id": "80230236018433940569996058935444651347308266584430516013229815570706872276819", "price": "0.002", "size": "406.22", "side": "BUY", "hash": "e8a6bf562540463bbbfcf73bc84154a280d6d940", "best_bid": "0.007", "best_ask": "0.011"}, {"asset_id": "107000426448217931795450451304515386602910396776318075817601265223856116134349", "price": "0.998", "size": "406.22", "side": "SELL", "hash": "4d02e6b0ba18f7e2a516d100be6b9fc6488c30e2", "best_bid": "0.989", "best_ask": "0.993"}], "timestamp": "1769384452438", "event_type": "price_change"}}
{"_local_timestamp": "2026-01-25T23:40:52.795348+00:00", "data": {"market": "0xe9c127a8c35f045d37b5344b0a36711084fa20c2fc1618bf178a5386f90610be", "price_changes": [{"asset_id": "80230236018433940569996058935444651347308266584430516013229815570706872276819", "price": "0.002", "size": "428.25", "side": "BUY", "hash": "3b90b7563f9cb766b5cf989fa233f7d386affd22", "best_bid": "0.007", "best_ask": "0.011"}, {"asset_id": "107000426448217931795450451304515386602910396776318075817601265223856116134349", "price": "0.998", "size": "428.25", "side": "SELL", "hash": "08fd1128380b3f7c02722fcf1faea8551b2778bf", "best_bid": "0.989", "best_ask": "0.993"}], "timestamp": "1769384452725", "event_type": "price_change"}}
{"_local_timestamp": "2026-01-25T23:40:52.797454+00:00", "data": {"market": "0xe9c127a8c35f045d37b5344b0a36711084fa20c2fc1618bf178a5386f90610be", "price_changes": [{"asset_id": "80230236018433940569996058935444651347308266584430516013229815570706872276819", "price": "0.002", "size": "450.28", "side": "BUY", "hash": "8c5a9471192d87d98938db421f635a61d0d41052", "best_bid": "0.007", "best_ask": "0.011"}, {"asset_id": "107000426448217931795450451304515386602910396776318075817601265223856116134349", "price": "0.998", "size": "450.28", "side": "SELL", "hash": "eb71ec5094dfc2e0ef4528f560baf5f723b19b2b", "best_bid": "0.989", "best_ask": "0.993"}], "timestamp": "1769384452729", "event_type": "price_change"}}
{"_local_timestamp": "2026-01-25T23:40:53.809235+00:00", "data": {"market": "0xe9c127a8c35f045d37b5344b0a36711084fa20c2fc1618bf178a5386f90610be", "price_changes": [{"asset_id": "80230236018433940569996058935444651347308266584430516013229815570706872276819", "price": "0.002", "size": "428.25", "side": "BUY", "hash": "79579eeeddb292ce9038e47f0e13c4da2cd2286f", "best_bid": "0.007", "best_ask": "0.011"}, {"asset_id": "107000426448217931795450451304515386602910396776318075817601265223856116134349", "price": "0.998", "size": "428.25", "side": "SELL", "hash": "7fcf78d52d77d6f375ecc199c9909c5af02585c8", "best_bid": "0.989", "best_ask": "0.993"}], "timestamp": "1769384453735", "event_type": "price_change"}}
{"_local_timestamp": "2026-01-25T23:40:55.354980+00:00", "data": {"market": "0xe9c127a8c35f045d37b5344b0a36711084fa20c2fc1618bf178a5386f90610be", "price_changes": [{"asset_id": "80230236018433940569996058935444651347308266584430516013229815570706872276819", "price": "0.002", "size": "406.22", "side": "BUY", "hash": "fdff8d3db0521a57b4ce09a7ec0b5e7d93f590d1", "best_bid": "0.007", "best_ask": "0.011"}, {"asset_id": "107000426448217931795450451304515386602910396776318075817601265223856116134349", "price": "0.998", "size": "406.22", "side": "SELL", "hash": "903db84135530201212dde25fcc261507cc5aafc", "best_bid": "0.989", "best_ask": "0.993"}], "timestamp": "1769384455283", "event_type": "price_change"}}
{"_local_timestamp": "2026-01-25T23:40:55.640402+00:00", "data": {"market": "0xe9c127a8c35f045d37b5344b0a36711084fa20c2fc1618bf178a5386f90610be", "price_changes": [{"asset_id": "80230236018433940569996058935444651347308266584430516013229815570706872276819", "price": "0.002", "size": "428.25", "side": "BUY", "hash": "7b19e574f86d5abc69fa4db8f6708a9be841831f", "best_bid": "0.007", "best_ask": "0.011"}, {"asset_id": "107000426448217931795450451304515386602910396776318075817601265223856116134349", "price": "0.998", "size": "428.25", "side": "SELL", "hash": "85c4e4fa95602ca684fa7c5c4e9c14d8f1e651b6", "best_bid": "0.989", "best_ask": "0.993"}], "timestamp": "1769384455565", "event_type": "price_change"}}
{"_local_timestamp": "2026-01-25T23:40:55.642607+00:00", "data": {"market": "0xe9c127a8c35f045d37b5344b0a36711084fa20c2fc1618bf178a5386f90610be", "price_changes": [{"asset_id": "80230236018433940569996058935444651347308266584430516013229815570706872276819", "price": "0.002", "size": "450.28", "side": "BUY", "hash": "c97843f1733c736ad15c0c285fbc2057d8fa3e3a", "best_bid": "0.007", "best_ask": "0.011"}, {"asset_id": "107000426448217931795450451304515386602910396776318075817601265223856116134349", "price": "0.998", "size": "450.28", "side": "SELL", "hash": "b0c2684fbf2783bbad78eb8ec92db48b97352bf0", "best_bid": "0.989", "best_ask": "0.993"}], "timestamp": "1769384455569", "event_type": "price_change"}}
{"_local_timestamp": "2026-01-25T23:40:56.651306+00:00", "data": {"market": "0xe9c127a8c35f045d37b5344b0a36711084fa20c2fc1618bf178a5386f90610be", "price_changes": [{"asset_id": "80230236018433940569996058935444651347308266584430516013229815570706872276819", "price": "0.002", "size": "428.25", "side": "BUY", "hash": "5b61d1ffde374e8487f4f8e60eeb4262eae9c564", "best_bid": "0.007", "best_ask": "0.011"}, {"asset_id": "107000426448217931795450451304515386602910396776318075817601265223856116134349", "price": "0.998", "size": "428.25", "side": "SELL", "hash": "493498ee1a8b0ca9cf94e58d434774281fa05fce", "best_bid": "0.989", "best_ask": "0.993"}], "timestamp": "1769384456578", "event_type": "price_change"}}
{"_local_timestamp": "2026-01-25T23:40:58.357250+00:00", "data": {"market": "0xe9c127a8c35f045d37b5344b0a36711084fa20c2fc1618bf178a5386f90610be", "price_changes": [{"asset_id": "80230236018433940569996058935444651347308266584430516013229815570706872276819", "price": "0.002", "size": "406.22", "side": "BUY", "hash": "e11b815dae93226b63695feaae38ba9e82090a49", "best_bid": "0.007", "best_ask": "0.011"}, {"asset_id": "107000426448217931795450451304515386602910396776318075817601265223856116134349", "price": "0.998", "size": "406.22", "side": "SELL", "hash": "37f2309d14a24d42ca2a41a16cb306fafc8e7138", "best_bid": "0.989", "best_ask": "0.993"}], "timestamp": "1769384458285", "event_type": "price_change"}}
{"_local_timestamp": "2026-01-25T23:40:58.678478+00:00", "data": {"market": "0xe9c127a8c35f045d37b5344b0a36711084fa20c2fc1618bf178a5386f90610be", "price_changes": [{"asset_id": "80230236018433940569996058935444651347308266584430516013229815570706872276819", "price": "0.002", "size": "428.25", "side": "BUY", "hash": "f2331be1c4964b912fd2dead12fd397e903f2b92", "best_bid": "0.007", "best_ask": "0.011"}, {"asset_id": "107000426448217931795450451304515386602910396776318075817601265223856116134349", "price": "0.998", "size": "428.25", "side": "SELL", "hash": "0d58301946b3d5f16d8524b83e093be53e9a68d3", "best_bid": "0.989", "best_ask": "0.993"}], "timestamp": "1769384458614", "event_type": "price_change"}}
{"_local_timestamp": "2026-01-25T23:40:58.682334+00:00", "data": {"market": "0xe9c127a8c35f045d37b5344b0a36711084fa20c2fc1618bf178a5386f90610be", "price_changes": [{"asset_id": "80230236018433940569996058935444651347308266584430516013229815570706872276819", "price": "0.002", "size": "450.28", "side": "BUY", "hash": "28676c6b423d2a9ab900e20fe1fcc242e3fb4c0a", "best_bid": "0.007", "best_ask": "0.011"}, {"asset_id": "107000426448217931795450451304515386602910396776318075817601265223856116134349", "price": "0.998", "size": "450.28", "side": "SELL", "hash": "e1f4be99763aadbe86d5392883a39eeff3d4d627", "best_bid": "0.989", "best_ask": "0.993"}], "timestamp": "1769384458618", "event_type": "price_change"}}
{"_local_timestamp": "2026-01-25T23:41:00.112909+00:00", "data": {"market": "0xe9c127a8c35f045d37b5344b0a36711084fa20c2fc1618bf178a5386f90610be", "price_changes": [{"asset_id": "80230236018433940569996058935444651347308266584430516013229815570706872276819", "price": "0.002", "size": "428.25", "side": "BUY", "hash": "33b4c32c00002b05410282b2d6082ef43586971c", "best_bid": "0.007", "best_ask": "0.011"}, {"asset_id": "107000426448217931795450451304515386602910396776318075817601265223856116134349", "price": "0.998", "size": "428.25", "side": "SELL", "hash": "fdf092ce74a50c251a3d5e554fd7efc55cef6bc2", "best_bid": "0.989", "best_ask": "0.993"}], "timestamp": "1769384460045", "event_type": "price_change"}}
{"_local_timestamp": "2026-01-25T23:41:01.596090+00:00", "data": {"market": "0xe9c127a8c35f045d37b5344b0a36711084fa20c2fc1618bf178a5386f90610be", "price_changes": [{"asset_id": "80230236018433940569996058935444651347308266584430516013229815570706872276819", "price": "0.002", "size": "406.22", "side": "BUY", "hash": "54099cba51d519a2c97ad9eefa38991b2ff1ccd0", "best_bid": "0.007", "best_ask": "0.011"}, {"asset_id": "107000426448217931795450451304515386602910396776318075817601265223856116134349", "price": "0.998", "size": "406.22", "side": "SELL", "hash": "0cf365aff3944f544b12f2ada5bc01daca6acb39", "best_bid": "0.989", "best_ask": "0.993"}], "timestamp": "1769384461523", "event_type": "price_change"}}
{"_local_timestamp": "2026-01-25T23:41:02.017417+00:00", "data": {"market": "0xe9c127a8c35f045d37b5344b0a36711084fa20c2fc1618bf178a5386f90610be", "price_changes": [{"asset_id": "80230236018433940569996058935444651347308266584430516013229815570706872276819", "price": "0.002", "size": "428.25", "side": "BUY", "hash": "42ae62c9565c1fb30a04311c7b7a8bacd56c53c4", "best_bid": "0.007", "best_ask": "0.011"}, {"asset_id": "107000426448217931795450451304515386602910396776318075817601265223856116134349", "price": "0.998", "size": "428.25", "side": "SELL", "hash": "5028dfd8298b9f88c6d65a8616d9872982db25b8", "best_bid": "0.989", "best_ask": "0.993"}], "timestamp": "1769384461947", "event_type": "price_change"}}
{"_local_timestamp": "2026-01-25T23:41:02.019080+00:00", "data": {"market": "0xe9c127a8c35f045d37b5344b0a36711084fa20c2fc1618bf178a5386f90610be", "price_changes": [{"asset_id": "80230236018433940569996058935444651347308266584430516013229815570706872276819", "price": "0.002", "size": "450.28", "side": "BUY", "hash": "ed0722b4c5f41212bef30902fbe98d425a74a033", "best_bid": "0.007", "best_ask": "0.011"}, {"asset_id": "107000426448217931795450451304515386602910396776318075817601265223856116134349", "price": "0.998", "size": "450.28", "side": "SELL", "hash": "91832f84345e618d365a5d57368a7ae54f820652", "best_bid": "0.989", "best_ask": "0.993"}], "timestamp": "1769384461951", "event_type": "price_change"}}
{"_local_timestamp": "2026-01-25T23:41:04.184338+00:00", "data": {"market": "0xe9c127a8c35f045d37b5344b0a36711084fa20c2fc1618bf178a5386f90610be", "price_changes": [{"asset_id": "80230236018433940569996058935444651347308266584430516013229815570706872276819", "price": "0.002", "size": "428.25", "side": "BUY", "hash": "cc147d5c7ca00d895ad5cb71f3608b752fffed7a", "best_bid": "0.007", "best_ask": "0.011"}, {"asset_id": "107000426448217931795450451304515386602910396776318075817601265223856116134349", "price": "0.998", "size": "428.25", "side": "SELL", "hash": "983d7b24451ce18429d47ff17cc188c661c7cec8", "best_bid": "0.989", "best_ask": "0.993"}], "timestamp": "1769384464111", "event_type": "price_change"}}
{"_local_timestamp": "2026-01-25T23:41:06.025930+00:00", "data": {"market": "0xe9c127a8c35f045d37b5344b0a36711084fa20c2fc1618bf178a5386f90610be", "price_changes": [{"asset_id": "80230236018433940569996058935444651347308266584430516013229815570706872276819", "price": "0.002", "size": "406.22", "side": "BUY", "hash": "87a3e9f3a8c73643f39fc761f288cc1044a48875", "best_bid": "0.007", "best_ask": "0.011"}, {"asset_id": "107000426448217931795450451304515386602910396776318075817601265223856116134349", "price": "0.998", "size": "406.22", "side": "SELL", "hash": "760728d877aafdce8db8657defc6283b0e6c3373", "best_bid": "0.989", "best_ask": "0.993"}], "timestamp": "1769384465928", "event_type": "price_change"}}
{"_local_timestamp": "2026-01-25T23:41:06.430064+00:00", "data": {"market": "0xe9c127a8c35f045d37b5344b0a36711084fa20c2fc1618bf178a5386f90610be", "price_changes": [{"asset_id": "80230236018433940569996058935444651347308266584430516013229815570706872276819", "price": "0.002", "size": "428.25", "side": "BUY", "hash": "effe00a01318d23338c25a6de81162faf810a5a9", "best_bid": "0.007", "best_ask": "0.011"}, {"asset_id": "107000426448217931795450451304515386602910396776318075817601265223856116134349", "price": "0.998", "size": "428.25", "side": "SELL", "hash": "1c853315f3c8879ddef9f03c97d78dd620e814ff", "best_bid": "0.989", "best_ask": "0.993"}], "timestamp": "1769384466351", "event_type": "price_change"}}
{"_local_timestamp": "2026-01-25T23:41:06.464708+00:00", "data": {"market": "0xe9c127a8c35f045d37b5344b0a36711084fa20c2fc1618bf178a5386f90610be", "price_changes": [{"asset_id": "80230236018433940569996058935444651347308266584430516013229815570706872276819", "price": "0.002", "size": "450.28", "side": "BUY", "hash": "79c8010d63a74fccf2323c7267210288da1ebee2", "best_bid": "0.007", "best_ask": "0.011"}, {"asset_id": "107000426448217931795450451304515386602910396776318075817601265223856116134349", "price": "0.998", "size": "450.28", "side": "SELL", "hash": "c84559e402e04c7f96258c665ced1d28209779cc", "best_bid": "0.989", "best_ask": "0.993"}], "timestamp": "1769384466355", "event_type": "price_change"}}
{"_local_timestamp": "2026-01-25T23:41:07.838101+00:00", "data": {"market": "0xe9c127a8c35f045d37b5344b0a36711084fa20c2fc1618bf178a5386f90610be", "price_changes": [{"asset_id": "80230236018433940569996058935444651347308266584430516013229815570706872276819", "price": "0.002", "size": "428.25", "side": "BUY", "hash": "fab3f85b66cf3d64a50eaf932468418e73044f3c", "best_bid": "0.007", "best_ask": "0.011"}, {"asset_id": "107000426448217931795450451304515386602910396776318075817601265223856116134349", "price": "0.998", "size": "428.25", "side": "SELL", "hash": "51e57014640cbca3bdb8807d9ec8b78d0903f2cd", "best_bid": "0.989", "best_ask": "0.993"}], "timestamp": "1769384467755", "event_type": "price_change"}}
{"_local_timestamp": "2026-01-25T23:41:08.695322+00:00", "data": {"market": "0xe9c127a8c35f045d37b5344b0a36711084fa20c2fc1618bf178a5386f90610be", "price_changes": [{"asset_id": "80230236018433940569996058935444651347308266584430516013229815570706872276819", "price": "0.002", "size": "406.22", "side": "BUY", "hash": "f62b4c6f96d41c50fe2fb0262f7aa41bc9c676b2", "best_bid": "0.007", "best_ask": "0.011"}, {"asset_id": "107000426448217931795450451304515386602910396776318075817601265223856116134349", "price": "0.998", "size": "406.22", "side": "SELL", "hash": "9efb066b59d8c4fd06042cc0b1d5d45f34d63ef2", "best_bid": "0.989", "best_ask": "0.993"}], "timestamp": "1769384468616", "event_type": "price_change"}}
{"_local_timestamp": "2026-01-25T23:41:09.133330+00:00", "data": {"market": "0xe9c127a8c35f045d37b5344b0a36711084fa20c2fc1618bf178a5386f90610be", "price_changes": [{"asset_id": "80230236018433940569996058935444651347308266584430516013229815570706872276819", "price": "0.002", "size": "428.25", "side": "BUY", "hash": "830be0703941e12590591d357e7c50e40b569382", "best_bid": "0.007", "best_ask": "0.011"}, {"asset_id": "107000426448217931795450451304515386602910396776318075817601265223856116134349", "price": "0.998", "size": "428.25", "side": "SELL", "hash": "b61bb6d58b9a2c9071b236d3820788f871a4a322", "best_bid": "0.989", "best_ask": "0.993"}], "timestamp": "1769384469064", "event_type": "price_change"}}
{"_local_timestamp": "2026-01-25T23:41:09.139873+00:00", "data": {"market": "0xe9c127a8c35f045d37b5344b0a36711084fa20c2fc1618bf178a5386f90610be", "price_changes": [{"asset_id": "80230236018433940569996058935444651347308266584430516013229815570706872276819", "price": "0.002", "size": "450.28", "side": "BUY", "hash": "33f52adf11f19bc2fc38caa920e70b627bbd5ae5", "best_bid": "0.007", "best_ask": "0.011"}, {"asset_id": "107000426448217931795450451304515386602910396776318075817601265223856116134349", "price": "0.998", "size": "450.28", "side": "SELL", "hash": "233d2d413a7c6c576744f1910727351743f11b92", "best_bid": "0.989", "best_ask": "0.993"}], "timestamp": "1769384469068", "event_type": "price_change"}}
{"_local_timestamp": "2026-01-25T23:41:11.174863+00:00", "data": {"market": "0xe9c127a8c35f045d37b5344b0a36711084fa20c2fc1618bf178a5386f90610be", "price_changes": [{"asset_id": "80230236018433940569996058935444651347308266584430516013229815570706872276819", "price": "0.002", "size": "428.25", "side": "BUY", "hash": "e885fb11eac5bf2a6c7b7253a2a3f85f9c833237", "best_bid": "0.007", "best_ask": "0.011"}, {"asset_id": "107000426448217931795450451304515386602910396776318075817601265223856116134349", "price": "0.998", "size": "428.25", "side": "SELL", "hash": "0d43380cc52227814a120344e063bb02c811b39b", "best_bid": "0.989", "best_ask": "0.993"}], "timestamp": "1769384470994", "event_type": "price_change"}}
{"_local_timestamp": "2026-01-25T23:41:11.970171+00:00", "data": {"market": "0xe9c127a8c35f045d37b5344b0a36711084fa20c2fc1618bf178a5386f90610be", "price_changes": [{"asset_id": "80230236018433940569996058935444651347308266584430516013229815570706872276819", "price": "0.002", "size": "406.22", "side": "BUY", "hash": "6942bb26bb45fd0fbe119cfe6392d2dfd77dc03f", "best_bid": "0.007", "best_ask": "0.011"}, {"asset_id": "107000426448217931795450451304515386602910396776318075817601265223856116134349", "price": "0.998", "size": "406.22", "side": "SELL", "hash": "d7133d11e4c5cc92f536d021a214b0073e94e71a", "best_bid": "0.989", "best_ask": "0.993"}], "timestamp": "1769384471891", "event_type": "price_change"}}
{"_local_timestamp": "2026-01-25T23:41:12.383920+00:00", "data": {"market": "0xe9c127a8c35f045d37b5344b0a36711084fa20c2fc1618bf178a5386f90610be", "price_changes": [{"asset_id": "80230236018433940569996058935444651347308266584430516013229815570706872276819", "price": "0.002", "size": "428.25", "side": "BUY", "hash": "ac1dded884aea067611d2310d99f88ff223c82f1", "best_bid": "0.007", "best_ask": "0.011"}, {"asset_id": "107000426448217931795450451304515386602910396776318075817601265223856116134349", "price": "0.998", "size": "428.25", "side": "SELL", "hash": "4479e9322735b0ad3ee963c116f71b9f70f5a605", "best_bid": "0.989", "best_ask": "0.993"}], "timestamp": "1769384472315", "event_type": "price_change"}}
{"_local_timestamp": "2026-01-25T23:41:12.402424+00:00", "data": {"market": "0xe9c127a8c35f045d37b5344b0a36711084fa20c2fc1618bf178a5386f90610be", "price_changes": [{"asset_id": "80230236018433940569996058935444651347308266584430516013229815570706872276819", "price": "0.002", "size": "450.28", "side": "BUY", "hash": "a2cd8c4a0b76542e6cabc7a72bb142a669cc1e25", "best_bid": "0.007", "best_ask": "0.011"}, {"asset_id": "107000426448217931795450451304515386602910396776318075817601265223856116134349", "price": "0.998", "size": "450.28", "side": "SELL", "hash": "fb1f65f1f54088c5bfdb4c8fea04559e16ea3fe6", "best_bid": "0.989", "best_ask": "0.993"}], "timestamp": "1769384472323", "event_type": "price_change"}}
{"_local_timestamp": "2026-01-25T23:41:13.935447+00:00", "data": {"market": "0xe9c127a8c35f045d37b5344b0a36711084fa20c2fc1618bf178a5386f90610be", "price_changes": [{"asset_id": "80230236018433940569996058935444651347308266584430516013229815570706872276819", "price": "0.002", "size": "428.25", "side": "BUY", "hash": "45ff6378b593775adf5dcb9e06391812dd0fb9f5", "best_bid": "0.007", "best_ask": "0.011"}, {"asset_id": "107000426448217931795450451304515386602910396776318075817601265223856116134349", "price": "0.998", "size": "428.25", "side": "SELL", "hash": "23e08311952122f73f1212256da4b8fc95a6079a", "best_bid": "0.989", "best_ask": "0.993"}], "timestamp": "1769384473859", "event_type": "price_change"}}
