{"_local_timestamp": "2026-01-25T23:33:19.177359+00:00", "data": [{"market": "0x9c40fa8814530a49242da117f909c226c79ac6ddbfecd5caa793593b81635f58", "asset_id": "36775724899982096103599172825271132090668043340339715996155230401710808624157", "timestamp": "1769383924358", "hash": "3be9b4a565b8d4a9f9c2ce1c0253b1706315411d", "bids": [{"price": "0.01", "size": "1009.38"}, {"price": "0.02", "size": "500"}, {"price": "0.03", "size": "9.96"}, {"price": "0.04", "size": "500"}, {"price": "0.05", "size": "500"}, {"price": "0.06", "size": "337.9"}, {"price": "0.07", "size": "368"}, {"price": "0.08", "size": "164.96"}, {"price": "0.09", "size": "144.44"}, {"price": "0.1", "size": "110"}, {"price": "0.12", "size": "57.37"}, {"price": "0.16", "size": "18.54"}, {"price": "0.17", "size": "74.28"}], "asks": [{"price": "0.99", "size": "6309.84"}, {"price": "0.98", "size": "2500"}, {"price": "0.97", "size": "9.19"}, {"price": "0.96", "size": "500"}, {"price": "0.95", "size": "575.37"}, {"price": "0.92", "size": "750"}, {"price": "0.91", "size": "33.56"}, {"price": "0.9", "size": "6.25"}, {"price": "0.89", "size": "634.09"}, {"price": "0.85", "size": "213.33"}, {"price": "0.81", "size": "397.36"}, {"price": "0.77", "size": "213.04"}, {"price": "0.76", "size": "100"}, {"price": "0.74", "size": "92.3"}, {"price": "0.7", "size": "66.66"}, {"price": "0.69", "size": "100"}, {"price": "0.68", "size": "50"}, {"price": "0.67", "size": "6"}, {"price": "0.51", "size": "100"}, {"price": "0.4", "size": "57.5"}, {"price": "0.38", "size": "7.5"}, {"price": "0.37", "size": "20.63"}, {"price": "0.35", "size": "28.77"}, {"price": "0.34", "size": "16.66"}, {"price": "0.28", "size": "10"}, {"price": "0.27", "size": "8.08"}], "event_type": "book", "last_trade_price": ""}, {"market": "0x9c40fa8814530a49242da117f909c226c79ac6ddbfecd5caa793593b81635f58", "asset_id": "48163308784965222922819728601597751401435196741714235715629394459782536731033", "timestamp": "1769383924358", "hash": "db9607f09f815fc4d453e52ef5fc86db5210f3fe", "bids": [{"price": "0.01", "size": "6309.84"}, {"price": "0.02", "size": "2500"}, {"price": "0.03", "size": "9.19"}, {"price": "0.04", "size": "500"}, {"price": "0.05", "size": "575.37"}, {"price": "0.08", "size": "750"}, {"price": "0.09", "size": "33.56"}, {"price": "0.1", "size": "6.25"}, {"price": "0.11", "size": "634.09"}, {"price": "0.15", "size": "213.33"}, {"price": "0.19", "size": "397.36"}, {"price": "0.23", "size": "213.04"}, {"price": "0.24", "size": "100"}, {"price": "0.26", "size": "92.3"}, {"price": "0.3", "size": "66.66"}, {"price": "0.31", "size": "100"}, {"price": "0.32", "size": "50"}, {"price": "0.33", "size": "6"}, {"price": "0.49", "size": "100"}, {"price": "0.6", "size": "57.5"}, {"price": "0.62", "size": "7.5"}, {"price": "0.63", "size": "20.63"}, {"price": "0.65", "size": "28.77"}, {"price": "0.66", "size": "16.66"}, {"price": "0.72", "size": "10"}, {"price": "0.73", "size": "8.08"}], "asks": [{"price": "0.99", "size": "1009.38"}, {"price": "0.98", "size": "500"}, {"price": "0.97", "size": "9.96"}, {"price": "0.96", "size": "500"}, {"price": "0.95", "size": "500"}, {"price": "0.94", "size": "337.9"}, {"price": "0.93", "size": "368"}, {"price": "0.92", "size": "164.96"}, {"price": "0.91", "size": "144.44"}, {"price": "0.9", "size": "110"}, {"price": "0.88", "size": "57.37"}, {"price": "0.84", "size": "18.54"}, {"price": "0.83", "size": "74.28"}], "event_type": "book", "last_trade_price": ""}]}
{"_local_timestamp": "2026-01-25T23:33:56.073769+00:00", "data": {"market": "0x9c40fa8814530a49242da117f909c226c79ac6ddbfecd5caa793593b81635f58", "price_changes": [{"asset_id": "36775724899982096103599172825271132090668043340339715996155230401710808624157", "price": "0.08", "size": "157.37", "side": "BUY", "hash": "722353907fca30726018a4bdac1b0a3cfb3f6257", "best_bid": "0.17", "best_ask": "0.27"}, {"asset_id": "48163308784965222922819728601597751401435196741714235715629394459782536731033", "price": "0.92", "size": "157.37", "side": "SELL", "hash": "292460a1cf8c2dfc54c38e392eb8ac34728fac1d", "best_bid": "0.73", "best_ask": "0.83"}], "timestamp": "1769384035954", "event_type": "price_change"}}
{"_local_timestamp": "2026-01-25T23:33:56.363294+00:00", "data": {"market": "0x9c40fa8814530a49242da117f909c226c79ac6ddbfecd5caa793593b81635f58", "price_changes": [{"asset_id": "36775724899982096103599172825271132090668043340339715996155230401710808624157", "price": "0.08", "size": "164.96", "side": "BUY", "hash": "888ceb995a8d957c9a2511c825354d3448cfdc91", "best_bid": "0.17", "best_ask": "0.27"}, {"asset_id": "48163308784965222922819728601597751401435196741714235715629394459782536731033", "price": "0.92", "size": "164.96", "side": "SELL", "hash": "547ca06f8f4a242a7be240572f08af52e5820a8b", "best_bid": "0.73", "best_ask": "0.83"}], "timestamp": "1769384036295", "event_type": "price_change"}}
{"_local_timestamp": "2026-01-25T23:34:11.812044+00:00", "data": {"market": "0x9c40fa8814530a49242da117f909c226c79ac6ddbfecd5caa793593b81635f58", "price_changes": [{"asset_id": "48163308784965222922819728601597751401435196741714235715629394459782536731033", "price": "0.82", "size": "13.69", "side": "SELL", "hash": "dd57a75a95c0a89ee2d3efe9ada073da719db78f", "best_bid": "0.73", "best_ask": "0.82"}, {"asset_id": "36775724899982096103599172825271132090668043340339715996155230401710808624157", "price": "0.18", "size": "13.69", "side": "BUY", "hash": "729aa545c9d96d565e1476db98e913ff30962486", "best_bid": "0.18", "best_ask": "0.27"}], "timestamp": "1769384051744", "event_type": "price_change"}}
{"_local_timestamp": "2026-01-25T23:35:13.828633+00:00", "data": {"market": "0x9c40fa8814530a49242da117f909c226c79ac6ddbfecd5caa793593b81635f58", "price_changes": [{"asset_id": "36775724899982096103599172825271132090668043340339715996155230401710808624157", "price": "0.08", "size": "264.96", "side": "BUY", "hash": "73ffcc0ca943362577a2ac4716ce2cd4a35c03f2", "best_bid": "0.18", "best_ask": "0.27"}, {"asset_id": "48163308784965222922819728601597751401435196741714235715629394459782536731033", "price": "0.92", "size": "264.96", "side": "SELL", "hash": "95a2a534070b38b5c11990af97334359cba0a391", "best_bid": "0.73", "best_ask": "0.82"}], "timestamp": "1769384113749", "event_type": "price_change"}}
{"_local_timestamp": "2026-01-25T23:36:43.831912+00:00", "data": {"market": "0x9c40fa8814530a49242da117f909c226c79ac6ddbfecd5caa793593b81635f58", "price_changes": [{"asset_id": "36775724899982096103599172825271132090668043340339715996155230401710808624157", "price": "0.08", "size": "257.37", "side": "BUY", "hash": "2dc08554c425167ce5f3ea579ec661bed823fa84", "best_bid": "0.18", "best_ask": "0.27"}, {"asset_id": "48163308784965222922819728601597751401435196741714235715629394459782536731033", "price": "0.92", "size": "257.37", "side": "SELL", "hash": "7ce0492bd5b3963c9e3e6bbc7e9ec83f999483b2", "best_bid": "0.73", "best_ask": "0.82"}], "timestamp": "1769384203660", "event_type": "price_change"}}
{"_local_timestamp": "2026-01-25T23:36:44.804709+00:00", "data": {"market": "0x9c40fa8814530a49242da117f909c226c79ac6ddbfecd5caa793593b81635f58", "price_changes": [{"asset_id": "36775724899982096103599172825271132090668043340339715996155230401710808624157", "price": "0.09", "size": "151.18", "side": "BUY", "hash": "6ed776da1a7b7d00201967b012f65204fceeaa69", "best_bid": "0.18", "best_ask": "0.27"}, {"asset_id": "48163308784965222922819728601597751401435196741714235715629394459782536731033", "price": "0.91", "size": "151.18", "side": "SELL", "hash": "c8236d0f4376ff13c1b108178aa3d2a82565420a", "best_bid": "0.73", "best_ask": "0.82"}], "timestamp": "1769384204646", "event_type": "price_change"}}
{"_local_timestamp": "2026-01-25T23:36:51.886943+00:00", "data": {"market": "0x9c40fa8814530a49242da117f909c226c79ac6ddbfecd5caa793593b81635f58", "price_changes": [{"asset_id": "36775724899982096103599172825271132090668043340339715996155230401710808624157", "price": "0.17", "size": "16.91", "side": "BUY", "hash": "72ecf078e3a6ce54577f237c926d9bd30c1aae1a", "best_bid": "0.18", "best_ask": "0.27"}, {"asset_id": "48163308784965222922819728601597751401435196741714235715629394459782536731033", "price": "0.83", "size": "16.91", "side": "SELL", "hash": "a279be102490cf259e5ee9e2b12fd7035177158c", "best_bid": "0.73", "best_ask": "0.82"}], "timestamp": "1769384211697", "event_type": "price_change"}}
{"_local_timestamp": "2026-01-25T23:36:52.386777+00:00", "data": {"market": "0x9c40fa8814530a49242da117f909c226c79ac6ddbfecd5caa793593b81635f58", "price_changes": [{"asset_id": "36775724899982096103599172825271132090668043340339715996155230401710808624157", "price": "0.19", "size": "57.37", "side": "BUY", "hash": "9abf70109b15a0e3bd58debd55e3fec336638f0f", "best_bid": "0.19", "best_ask": "0.27"}, {"asset_id": "48163308784965222922819728601597751401435196741714235715629394459782536731033", "price": "0.81", "size": "57.37", "side": "SELL", "hash": "af7a94cdbe8031e17e5461d64bc9557bf5a7aa61", "best_bid": "0.73", "best_ask": "0.81"}], "timestamp": "1769384212194", "event_type": "price_change"}}
{"_local_timestamp": "2026-01-25T23:36:52.460597+00:00", "data": {"market": "0x9c40fa8814530a49242da117f909c226c79ac6ddbfecd5caa793593b81635f58", "price_changes": [{"asset_id": "48163308784965222922819728601597751401435196741714235715629394459782536731033", "price": "0.3", "size": "0", "side": "BUY", "hash": "83c9fe87d687067365b0f352d0b952b520468211", "best_bid": "0.73", "best_ask": "0.81"}, {"asset_id": "36775724899982096103599172825271132090668043340339715996155230401710808624157", "price": "0.7", "size": "0", "side": "SELL", "hash": "3767d75c2b7d20d5ad29924094ba47fadef8404c", "best_bid": "0.19", "best_ask": "0.27"}], "timestamp": "1769384212257", "event_type": "price_change"}}
{"_local_timestamp": "2026-01-25T23:36:52.460981+00:00", "data": {"market": "0x9c40fa8814530a49242da117f909c226c79ac6ddbfecd5caa793593b81635f58", "price_changes": [{"asset_id": "48163308784965222922819728601597751401435196741714235715629394459782536731033", "price": "0.23", "size": "100", "side": "BUY", "hash": "83c9fe87d687067365b0f352d0b952b520468211", "best_bid": "0.73", "best_ask": "0.81"}, {"asset_id": "36775724899982096103599172825271132090668043340339715996155230401710808624157", "price": "0.77", "size": "100", "side": "SELL", "hash": "3767d75c2b7d20d5ad29924094ba47fadef8404c", "best_bid": "0.19", "best_ask": "0.27"}], "timestamp": "1769384212257", "event_type": "price_change"}}
{"_local_timestamp": "2026-01-25T23:36:52.461293+00:00", "data": {"market": "0x9c40fa8814530a49242da117f909c226c79ac6ddbfecd5caa793593b81635f58", "price_changes": [{"asset_id": "48163308784965222922819728601597751401435196741714235715629394459782536731033", "price": "0.19", "size": "250", "side": "BUY", "hash": "83c9fe87d687067365b0f352d0b952b520468211", "best_bid": "0.73", "best_ask": "0.81"}, {"asset_id": "36775724899982096103599172825271132090668043340339715996155230401710808624157", "price": "0.81", "size": "250", "side": "SELL", "hash": "3767d75c2b7d20d5ad29924094ba47fadef8404c", "best_bid": "0.19", "best_ask": "0.27"}], "timestamp": "1769384212257", "event_type": "price_change"}}
{"_local_timestamp": "2026-01-25T23:36:52.461573+00:00", "data": {"market": "0x9c40fa8814530a49242da117f909c226c79ac6ddbfecd5caa793593b81635f58", "price_changes": [{"asset_id": "48163308784965222922819728601597751401435196741714235715629394459782536731033", "price": "0.08", "size": "300", "side": "BUY", "hash": "83c9fe87d687067365b0f352d0b952b520468211", "best_bid": "0.73", "best_ask": "0.81"}, {"asset_id": "36775724899982096103599172825271132090668043340339715996155230401710808624157", "price": "0.92", "size": "300", "side": "SELL", "hash": "3767d75c2b7d20d5ad29924094ba47fadef8404c", "best_bid": "0.19", "best_ask": "0.27"}], "timestamp": "1769384212257", "event_type": "price_change"}}
{"_local_timestamp": "2026-01-25T23:36:52.461858+00:00", "data": {"market": "0x9c40fa8814530a49242da117f909c226c79ac6ddbfecd5caa793593b81635f58", "price_changes": [{"asset_id": "48163308784965222922819728601597751401435196741714235715629394459782536731033", "price": "0.11", "size": "325", "side": "BUY", "hash": "83c9fe87d687067365b0f352d0b952b520468211", "best_bid": "0.73", "best_ask": "0.81"}, {"asset_id": "36775724899982096103599172825271132090668043340339715996155230401710808624157", "price": "0.89", "size": "325", "side": "SELL", "hash": "3767d75c2b7d20d5ad29924094ba47fadef8404c", "best_bid": "0.19", "best_ask": "0.27"}], "timestamp": "1769384212257", "event_type": "price_change"}}
{"_local_timestamp": "2026-01-25T23:36:52.462168+00:00", "data": {"market": "0x9c40fa8814530a49242da117f909c226c79ac6ddbfecd5caa793593b81635f58", "price_changes": [{"asset_id": "48163308784965222922819728601597751401435196741714235715629394459782536731033", "price": "0.15", "size": "0", "side": "BUY", "hash": "83c9fe87d687067365b0f352d0b952b520468211", "best_bid": "0.73", "best_ask": "0.81"}, {"asset_id": "36775724899982096103599172825271132090668043340339715996155230401710808624157", "price": "0.85", "size": "0", "side": "SELL", "hash": "3767d75c2b7d20d5ad29924094ba47fadef8404c", "best_bid": "0.19", "best_ask": "0.27"}], "timestamp": "1769384212257", "event_type": "price_change"}}
{"_local_timestamp": "2026-01-25T23:36:52.462466+00:00", "data": {"market": "0x9c40fa8814530a49242da117f909c226c79ac6ddbfecd5caa793593b81635f58", "price_changes": [{"asset_id": "48163308784965222922819728601597751401435196741714235715629394459782536731033", "price": "0.26", "size": "0", "side": "BUY", "hash": "83c9fe87d687067365b0f352d0b952b520468211", "best_bid": "0.73", "best_ask": "0.81"}, {"asset_id": "36775724899982096103599172825271132090668043340339715996155230401710808624157", "price": "0.74", "size": "0", "side": "SELL", "hash": "3767d75c2b7d20d5ad29924094ba47fadef8404c", "best_bid": "0.19", "best_ask": "0.27"}], "timestamp": "1769384212257", "event_type": "price_change"}}
{"_local_timestamp": "2026-01-25T23:36:53.901582+00:00", "data": {"market": "0x9c40fa8814530a49242da117f909c226c79ac6ddbfecd5caa793593b81635f58", "price_changes": [{"asset_id": "36775724899982096103599172825271132090668043340339715996155230401710808624157", "price": "0.17", "size": "0", "side": "BUY", "hash": "31a19d43540f6f9979ec870d6dd6ef54a306b6af", "best_bid": "0.19", "best_ask": "0.27"}, {"asset_id": "48163308784965222922819728601597751401435196741714235715629394459782536731033", "price": "0.83", "size": "0", "side": "SELL", "hash": "f872050138fc790daea7e9993bffdd4187699db1", "best_bid": "0.73", "best_ask": "0.81"}], "timestamp": "1769384213722", "event_type": "price_change"}}
{"_local_timestamp": "2026-01-25T23:36:53.945931+00:00", "data": {"market": "0x9c40fa8814530a49242da117f909c226c79ac6ddbfecd5caa793593b81635f58", "price_changes": [{"asset_id": "36775724899982096103599172825271132090668043340339715996155230401710808624157", "price": "0.19", "size": "74.28", "side": "BUY", "hash": "1a98554851b11ac8c0b5e10b1bd5a6949d1a8be8", "best_bid": "0.19", "best_ask": "0.27"}, {"asset_id": "48163308784965222922819728601597751401435196741714235715629394459782536731033", "price": "0.81", "size": "74.28", "side": "SELL", "hash": "84f6045b904cad445644741c6ffdd47088f890b4", "best_bid": "0.73", "best_ask": "0.81"}], "timestamp": "1769384213761", "event_type": "price_change"}}
{"_local_timestamp": "2026-01-25T23:36:57.791124+00:00", "data": {"market": "0x9c40fa8814530a49242da117f909c226c79ac6ddbfecd5caa793593b81635f58", "price_changes": [{"asset_id": "36775724899982096103599172825271132090668043340339715996155230401710808624157", "price": "0.07", "size": "200", "side": "BUY", "hash": "114bae045b9fbead4db8f98472470017a76342dd", "best_bid": "0.19", "best_ask": "0.27"}, {"asset_id": "48163308784965222922819728601597751401435196741714235715629394459782536731033", "price": "0.93", "size": "200", "side": "SELL", "hash": "b1bf78e2b5db155ad68f91711f1c428274684800", "best_bid": "0.73", "best_ask": "0.81"}], "timestamp": "1769384217238", "event_type": "price_change"}}
{"_local_timestamp": "2026-01-25T23:37:03.141649+00:00", "data": {"market": "0x9c40fa8814530a49242da117f909c226c79ac6ddbfecd5caa793593b81635f58", "price_changes": [{"asset_id": "36775724899982096103599172825271132090668043340339715996155230401710808624157", "price": "0.09", "size": "283.18", "side": "BUY", "hash": "376f6c22779f5cfc8b47a472b81aaa3a50987f09", "best_bid": "0.19", "best_ask": "0.27"}, {"asset_id": "48163308784965222922819728601597751401435196741714235715629394459782536731033", "price": "0.91", "size": "283.18", "side": "SELL", "hash": "85a7ac959bf9e96553fa12c1ebdc18e3a6ffffa1", "best_bid": "0.73", "best_ask": "0.81"}], "timestamp": "1769384222958", "event_type": "price_change"}}
