{"_local_timestamp": "2026-01-25T23:40:55.346664+00:00", "data": [{"market": "0xefc69f5f48827e331957acbcc2339eb3b15e27e32453b8e6f29b5de67474c986", "asset_id": "19619851020796345517172409566066997550761738782112746767326655871669350897686", "timestamp": "1769384453498", "hash": "3642225580c2332763927eedf241255265f71e95", "bids": [{"price": "0.01", "size": "12114.83"}, {"price": "0.02", "size": "3250"}, {"price": "0.03", "size": "7300"}, {"price": "0.04", "size": "1005.93"}, {"price": "0.06", "size": "600"}, {"price": "0.09", "size": "1077.77"}, {"price": "0.1", "size": "6.14"}, {"price": "0.11", "size": "290.9"}, {"price": "0.12", "size": "100"}, {"price": "0.13", "size": "1555"}, {"price": "0.14", "size": "200"}, {"price": "0.15", "size": "3123"}, {"price": "0.17", "size": "402.94"}, {"price": "0.19", "size": "300"}, {"price": "0.2", "size": "320"}, {"price": "0.21", "size": "1010"}, {"price": "0.23", "size": "86.95"}, {"price": "0.25", "size": "645.73"}, {"price": "0.41", "size": "92.82"}, {"price": "0.42", "size": "127"}, {"price": "0.44", "size": "6"}, {"price": "0.46", "size": "87.26"}, {"price": "0.48", "size": "28.91"}, {"price": "0.49", "size": "27"}, {"price": "0.5", "size": "1784.14"}, {"price": "0.52", "size": "810"}, {"price": "0.53", "size": "100"}, {"price": "0.55", "size": "15"}], "asks": [{"price": "0.99", "size": "12505.51"}, {"price": "0.98", "size": "3505.56"}, {"price": "0.97", "size": "300"}, {"price": "0.96", "size": "4457.08"}, {"price": "0.95", "size": "250"}, {"price": "0.93", "size": "485.71"}, {"price": "0.92", "size": "1325"}, {"price": "0.91", "size": "355.55"}, {"price": "0.9", "size": "5.5"}, {"price": "0.89", "size": "1708.54"}, {"price": "0.88", "size": "250"}, {"price": "0.87", "size": "3780"}, {"price": "0.86", "size": "185.71"}, {"price": "0.84", "size": "150"}, {"price": "0.83", "size": "250"}, {"price": "0.82", "size": "611.11"}, {"price": "0.81", "size": "10"}, {"price": "0.79", "size": "6"}, {"price": "0.75", "size": "3.19"}, {"price": "0.74", "size": "12.88"}, {"price": "0.73", "size": "28.25"}, {"price": "0.58", "size": "765.52"}, {"price": "0.57", "size": "809"}, {"price": "0.56", "size": "57.02"}], "event_type": "book", "last_trade_price": "0.560"}, {"market": "0xefc69f5f48827e331957acbcc2339eb3b15e27e32453b8e6f29b5de67474c986", "asset_id": "108798918614128027361814219314538484133284583608074596451665946577336361445917", "timestamp": "1769384453498", "hash": "46c0e2c6babfcb9a05f2e249afa9b61a5ed71ded", "bids": [{"price": "0.01", "size": "12505.51"}, {"price": "0.02", "size": "3505.56"}, {"price": "0.03", "size": "300"}, {"price": "0.04", "size": "4457.08"}, {"price": "0.05", "size": "250"}, {"price": "0.07", "size": "485.71"}, {"price": "0.08", "size": "1325"}, {"price": "0.09", "size": "355.55"}, {"price": "0.1", "size": "5.5"}, {"price": "0.11", "size": "1708.54"}, {"price": "0.12", "size": "250"}, {"price": "0.13", "size": "3780"}, {"price": "0.14", "size": "185.71"}, {"price": "0.16", "size": "150"}, {"price": "0.17", "size": "250"}, {"price": "0.18", "size": "611.11"}, {"price": "0.19", "size": "10"}, {"price": "0.21", "size": "6"}, {"price": "0.25", "size": "3.19"}, {"price": "0.26", "size": "12.88"}, {"price": "0.27", "size": "28.25"}, {"price": "0.42", "size": "765.52"}, {"price": "0.43", "size": "809"}, {"price": "0.44", "size": "57.02"}], "asks": [{"price": "0.99", "size": "12114.83"}, {"price": "0.98", "size": "3250"}, {"price": "0.97", "size": "7300"}, {"price": "0.96", "size": "1005.93"}, {"price": "0.94", "size": "600"}, {"price": "0.91", "size": "1077.77"}, {"price": "0.9", "size": "6.14"}, {"price": "0.89", "size": "290.9"}, {"price": "0.88", "size": "100"}, {"price": "0.87", "size": "1555"}, {"price": "0.86", "size": "200"}, {"price": "0.85", "size": "3123"}, {"price": "0.83", "size": "402.94"}, {"price": "0.81", "size": "300"}, {"price": "0.8", "size": "320"}, {"price": "0.79", "size": "1010"}, {"price": "0.77", "size": "86.95"}, {"price": "0.75", "size": "645.73"}, {"price": "0.59", "size": "92.82"}, {"price": "0.58", "size": "127"}, {"price": "0.56", "size": "6"}, {"price": "0.54", "size": "87.26"}, {"price": "0.52", "size": "28.91"}, {"price": "0.51", "size": "27"}, {"price": "0.5", "size": "1784.14"}, {"price": "0.48", "size": "810"}, {"price": "0.47", "size": "100"}, {"price": "0.45", "size": "15"}], "event_type": "book", "last_trade_price": "0.560"}]}
{"_local_timestamp": "2026-01-25T23:41:06.279275+00:00", "data": {"market": "0xefc69f5f48827e331957acbcc2339eb3b15e27e32453b8e6f29b5de67474c986", "price_changes": [{"asset_id": "108798918614128027361814219314538484133284583608074596451665946577336361445917", "price": "0.42", "size": "665.52", "side": "BUY", "hash": "15816e9fa481fbdd4823988a6de97f80f51f3e66", "best_bid": "0.44", "best_ask": "0.45"}, {"asset_id": "19619851020796345517172409566066997550761738782112746767326655871669350897686", "price": "0.58", "size": "665.52", "side": "SELL", "hash": "7e417656100db992ac1ad9d1e94518bf8bf83837", "best_bid": "0.55", "best_ask": "0.56"}], "timestamp": "1769384466195", "event_type": "price_change"}}
{"_local_timestamp": "2026-01-25T23:41:06.319558+00:00", "data": {"market": "0xefc69f5f48827e331957acbcc2339eb3b15e27e32453b8e6f29b5de67474c986", "price_changes": [{"asset_id": "19619851020796345517172409566066997550761738782112746767326655871669350897686", "price": "0.52", "size": "710", "side": "BUY", "hash": "9d18a9d4640f1f6b986e93d186bcf18d9bd923cd", "best_bid": "0.55", "best_ask": "0.56"}, {"asset_id": "108798918614128027361814219314538484133284583608074596451665946577336361445917", "price": "0.48", "size": "710", "side": "SELL", "hash": "8ef7c38d1adbfc0af8e535a0498da4ea7c91e773", "best_bid": "0.44", "best_ask": "0.45"}], "timestamp": "1769384466199", "event_type": "price_change"}}
{"_local_timestamp": "2026-01-25T23:41:09.637831+00:00", "data": {"market": "0xefc69f5f48827e331957acbcc2339eb3b15e27e32453b8e6f29b5de67474c986", "price_changes": [{"asset_id": "19619851020796345517172409566066997550761738782112746767326655871669350897686", "price": "0.25", "size": "545.73", "side": "BUY", "hash": "7efb3cdb747c3e55d7c08510b3f27bfd021d077a", "best_bid": "0.55", "best_ask": "0.56"}, {"asset_id": "108798918614128027361814219314538484133284583608074596451665946577336361445917", "price": "0.75", "size": "545.73", "side": "SELL", "hash": "b844d5ca7100f4654b41df27733ad284eb6ec241", "best_bid": "0.44", "best_ask": "0.45"}], "timestamp": "1769384469552", "event_type": "price_change"}}
{"_local_timestamp": "2026-01-25T23:41:09.640064+00:00", "data": {"market": "0xefc69f5f48827e331957acbcc2339eb3b15e27e32453b8e6f29b5de67474c986", "price_changes": [{"asset_id": "19619851020796345517172409566066997550761738782112746767326655871669350897686", "price": "0.2", "size": "170", "side": "BUY", "hash": "7efb3cdb747c3e55d7c08510b3f27bfd021d077a", "best_bid": "0.55", "best_ask": "0.56"}, {"asset_id": "108798918614128027361814219314538484133284583608074596451665946577336361445917", "price": "0.8", "size": "170", "side": "SELL", "hash": "b844d5ca7100f4654b41df27733ad284eb6ec241", "best_bid": "0.44", "best_ask": "0.45"}], "timestamp": "1769384469552", "event_type": "price_change"}}
{"_local_timestamp": "2026-01-25T23:41:09.893167+00:00", "data": {"market": "0xefc69f5f48827e331957acbcc2339eb3b15e27e32453b8e6f29b5de67474c986", "price_changes": [{"asset_id": "19619851020796345517172409566066997550761738782112746767326655871669350897686", "price": "0.21", "size": "1110", "side": "BUY", "hash": "eadb6113853c5ec5c58aa5a03148d95fc9393f00", "best_bid": "0.55", "best_ask": "0.56"}, {"asset_id": "108798918614128027361814219314538484133284583608074596451665946577336361445917", "price": "0.79", "size": "1110", "side": "SELL", "hash": "767f62584776130a94c2b43a324e2375739f0da9", "best_bid": "0.44", "best_ask": "0.45"}], "timestamp": "1769384469804", "event_type": "price_change"}}
{"_local_timestamp": "2026-01-25T23:41:09.911938+00:00", "data": {"market": "0xefc69f5f48827e331957acbcc2339eb3b15e27e32453b8e6f29b5de67474c986", "price_changes": [{"asset_id": "19619851020796345517172409566066997550761738782112746767326655871669350897686", "price": "0.17", "size": "552.94", "side": "BUY", "hash": "f7f5993ea44ac846a1361a7c3cf4aca3db8d6182", "best_bid": "0.55", "best_ask": "0.56"}, {"asset_id": "108798918614128027361814219314538484133284583608074596451665946577336361445917", "price": "0.83", "size": "552.94", "side": "SELL", "hash": "d1a78d357a1743fae4143572f38f97af97bfb57e", "best_bid": "0.44", "best_ask": "0.45"}], "timestamp": "1769384469808", "event_type": "price_change"}}
{"_local_timestamp": "2026-01-25T23:41:12.921082+00:00", "data": {"market": "0xefc69f5f48827e331957acbcc2339eb3b15e27e32453b8e6f29b5de67474c986", "price_changes": [{"asset_id": "108798918614128027361814219314538484133284583608074596451665946577336361445917", "price": "0.42", "size": "765.52", "side": "BUY", "hash": "d866cf9609cf4a2cab3d8fc70b95a71873251144", "best_bid": "0.44", "best_ask": "0.45"}, {"asset_id": "19619851020796345517172409566066997550761738782112746767326655871669350897686", "price": "0.58", "size": "765.52", "side": "SELL", "hash": "41076aeb95aedae2134c87478b39d486941ac43d", "best_bid": "0.55", "best_ask": "0.56"}], "timestamp": "1769384472854", "event_type": "price_change"}}
{"_local_timestamp": "2026-01-25T23:41:14.707565+00:00", "data": {"market": "0xefc69f5f48827e331957acbcc2339eb3b15e27e32453b8e6f29b5de67474c986", "price_changes": [{"asset_id": "19619851020796345517172409566066997550761738782112746767326655871669350897686", "price": "0.15", "size": "325", "side": "BUY", "hash": "efc36769633fa85cffe03115848426d78317347d", "best_bid": "0.55", "best_ask": "0.56"}, {"asset_id": "108798918614128027361814219314538484133284583608074596451665946577336361445917", "price": "0.85", "size": "325", "side": "SELL", "hash": "cb3bf1b4b0b2694ecb96a7b161d46dd572d2787b", "best_bid": "0.44", "best_ask": "0.45"}], "timestamp": "1769384474538", "event_type": "price_change"}}
{"_local_timestamp": "2026-01-25T23:41:18.803100+00:00", "data": {"market": "0xefc69f5f48827e331957acbcc2339eb3b15e27e32453b8e6f29b5de67474c986", "price_changes": [{"asset_id": "19619851020796345517172409566066997550761738782112746767326655871669350897686", "price": "0.52", "size": "810", "side": "BUY", "hash": "9d0e5c9ee40b69260c783ce83a4fa55211113c9b", "best_bid": "0.55", "best_ask": "0.56"}, {"asset_id": "108798918614128027361814219314538484133284583608074596451665946577336361445917", "price": "0.48", "size": "810", "side": "SELL", "hash": "b95cc6026a41f5936c2c87631798e62892d336a1", "best_bid": "0.44", "best_ask": "0.45"}], "timestamp": "1769384478709", "event_type": "price_change"}}
{"_local_timestamp": "2026-01-25T23:41:19.521581+00:00", "data": {"market": "0xefc69f5f48827e331957acbcc2339eb3b15e27e32453b8e6f29b5de67474c986", "price_changes": [{"asset_id": "19619851020796345517172409566066997550761738782112746767326655871669350897686", "price": "0.52", "size": "1010", "side": "BUY", "hash": "485fb66c4f59882d4b1c6f58d91753a257ca54e3", "best_bid": "0.55", "best_ask": "0.56"}, {"asset_id": "108798918614128027361814219314538484133284583608074596451665946577336361445917", "price": "0.48", "size": "1010", "side": "SELL", "hash": "85e2b40f9decbc543c419a9222e4e7fa32ca9d10", "best_bid": "0.44", "best_ask": "0.45"}], "timestamp": "1769384479455", "event_type": "price_change"}}
{"_local_timestamp": "2026-01-25T23:41:19.530140+00:00", "data": {"market": "0xefc69f5f48827e331957acbcc2339eb3b15e27e32453b8e6f29b5de67474c986", "price_changes": [{"asset_id": "108798918614128027361814219314538484133284583608074596451665946577336361445917", "price": "0.42", "size": "965.51", "side": "BUY", "hash": "0986a9c229188d02f42b532c3c3b562cb1838eaa", "best_bid": "0.44", "best_ask": "0.45"}, {"asset_id": "19619851020796345517172409566066997550761738782112746767326655871669350897686", "price": "0.58", "size": "965.51", "side": "SELL", "hash": "169a9c5ae6e86564b18405a85ea43c0245543fca", "best_bid": "0.55", "best_ask": "0.56"}], "timestamp": "1769384479456", "event_type": "price_change"}}
{"_local_timestamp": "2026-01-25T23:41:19.589521+00:00", "data": {"market": "0xefc69f5f48827e331957acbcc2339eb3b15e27e32453b8e6f29b5de67474c986", "price_changes": [{"asset_id": "19619851020796345517172409566066997550761738782112746767326655871669350897686", "price": "0.21", "size": "100", "side": "BUY", "hash": "42631ff297340d025579acd6aa3f8a9ea56b0889", "best_bid": "0.55", "best_ask": "0.56"}, {"asset_id": "108798918614128027361814219314538484133284583608074596451665946577336361445917", "price": "0.79", "size": "100", "side": "SELL", "hash": "af19d6f2ea05b5dd1732ed75a24be7b0b8c23d28", "best_bid": "0.44", "best_ask": "0.45"}], "timestamp": "1769384479522", "event_type": "price_change"}}
{"_local_timestamp": "2026-01-25T23:41:19.647160+00:00", "data": {"market": "0xefc69f5f48827e331957acbcc2339eb3b15e27e32453b8e6f29b5de67474c986", "price_changes": [{"asset_id": "19619851020796345517172409566066997550761738782112746767326655871669350897686", "price": "0.2", "size": "1230", "side": "BUY", "hash": "37bda38b6b078cf5d6694b729efdbec6b5adac14", "best_bid": "0.55", "best_ask": "0.56"}, {"asset_id": "108798918614128027361814219314538484133284583608074596451665946577336361445917", "price": "0.8", "size": "1230", "side": "SELL", "hash": "0e2b3f20a5ad2d244694e278d3a994dce7fff18c", "best_bid": "0.44", "best_ask": "0.45"}], "timestamp": "1769384479582", "event_type": "price_change"}}
