{"_local_timestamp": "2026-01-25T23:40:30.603121+00:00", "data": [{"market": "0xb1d2cd56624ec8bb3d8115d50d503d0e8578bf32d754ad5fe3c0e08a73186c57", "asset_id": "51171279104285400909666677762285621845926753560865042481170667672124752488918", "timestamp": "1769384404566", "hash": "279ca03a50fc6802e8c16ea53715e73008f516d1", "bids": [{"price": "0.01", "size": "97735.04"}, {"price": "0.02", "size": "1854.54"}, {"price": "0.03", "size": "250"}, {"price": "0.04", "size": "6.59"}, {"price": "0.05", "size": "15.15"}, {"price": "0.07", "size": "714.28"}, {"price": "0.08", "size": "33.03"}, {"price": "0.1", "size": "57.69"}, {"price": "0.11", "size": "326.46"}, {"price": "0.13", "size": "550"}, {"price": "0.15", "size": "213.33"}, {"price": "0.16", "size": "1005"}, {"price": "0.18", "size": "155.55"}, {"price": "0.19", "size": "2610"}, {"price": "0.2", "size": "29.67"}, {"price": "0.22", "size": "218.18"}, {"price": "0.24", "size": "5"}, {"price": "0.25", "size": "89.96"}, {"price": "0.26", "size": "242.3"}, {"price": "0.28", "size": "255"}, {"price": "0.29", "size": "3171.96"}, {"price": "0.31", "size": "11.87"}, {"price": "0.34", "size": "125"}, {"price": "0.49", "size": "15"}, {"price": "0.51", "size": "47.61"}, {"price": "0.56", "size": "70"}, {"price": "0.57", "size": "25"}, {"price": "0.58", "size": "5"}, {"price": "0.6", "size": "10"}, {"price": "0.61", "size": "1010.56"}, {"price": "0.63", "size": "10"}, {"price": "0.64", "size": "40"}, {"price": "0.65", "size": "3581.99"}, {"price": "0.66", "size": "4556"}, {"price": "0.67", "size": "3196.83"}, {"price": "0.68", "size": "18021.58"}, {"price": "0.69", "size": "8884.79"}], "asks": [{"price": "0.99", "size": "52485"}, {"price": "0.98", "size": "6.33"}, {"price": "0.97", "size": "405"}, {"price": "0.96", "size": "20.94"}, {"price": "0.95", "size": "13249"}, {"price": "0.94", "size": "400"}, {"price": "0.91", "size": "200"}, {"price": "0.9", "size": "341.52"}, {"price": "0.89", "size": "10"}, {"price": "0.88", "size": "150"}, {"price": "0.85", "size": "215"}, {"price": "0.84", "size": "10"}, {"price": "0.83", "size": "100"}, {"price": "0.82", "size": "300"}, {"price": "0.8", "size": "401.19"}, {"price": "0.79", "size": "1454"}, {"price": "0.78", "size": "108.39"}, {"price": "0.76", "size": "250.05"}, {"price": "0.75", "size": "760"}, {"price": "0.74", "size": "80"}, {"price": "0.73", "size": "2550.32"}, {"price": "0.72", "size": "12102.55"}, {"price": "0.71", "size": "8106.49"}, {"price": "0.7", "size": "78.55"}], "event_type": "book", "last_trade_price": "0.690"}, {"market": "0xb1d2cd56624ec8bb3d8115d50d503d0e8578bf32d754ad5fe3c0e08a73186c57", "asset_id": "105826416199005342591038391498217708749113687972802625260881736773834354050519", "timestamp": "1769384404566", "hash": "b625388d694ba08b85a3aa47ff84d1e0d5013354", "bids": [{"price": "0.01", "size": "52485"}, {"price": "0.02", "size": "6.33"}, {"price": "0.03", "size": "405"}, {"price": "0.04", "size": "20.94"}, {"price": "0.05", "size": "13249"}, {"price": "0.06", "size": "400"}, {"price": "0.09", "size": "200"}, {"price": "0.1", "size": "341.52"}, {"price": "0.11", "size": "10"}, {"price": "0.12", "size": "150"}, {"price": "0.15", "size": "215"}, {"price": "0.16", "size": "10"}, {"price": "0.17", "size": "100"}, {"price": "0.18", "size": "300"}, {"price": "0.2", "size": "401.19"}, {"price": "0.21", "size": "1454"}, {"price": "0.22", "size": "108.39"}, {"price": "0.24", "size": "250.05"}, {"price": "0.25", "size": "760"}, {"price": "0.26", "size": "80"}, {"price": "0.27", "size": "2550.32"}, {"price": "0.28", "size": "12102.55"}, {"price": "0.29", "size": "8106.49"}, {"price": "0.3", "size": "78.55"}], "asks": [{"price": "0.99", "size": "97735.04"}, {"price": "0.98", "size": "1854.54"}, {"price": "0.97", "size": "250"}, {"price": "0.96", "size": "6.59"}, {"price": "0.95", "size": "15.15"}, {"price": "0.93", "size": "714.28"}, {"price": "0.92", "size": "33.03"}, {"price": "0.9", "size": "57.69"}, {"price": "0.89", "size": "326.46"}, {"price": "0.87", "size": "550"}, {"price": "0.85", "size": "213.33"}, {"price": "0.84", "size": "1005"}, {"price": "0.82", "size": "155.55"}, {"price": "0.81", "size": "2610"}, {"price": "0.8", "size": "29.67"}, {"price": "0.78", "size": "218.18"}, {"price": "0.76", "size": "5"}, {"price": "0.75", "size": "89.96"}, {"price": "0.74", "size": "242.3"}, {"price": "0.72", "size": "255"}, {"price": "0.71", "size": "3171.96"}, {"price": "0.69", "size": "11.87"}, {"price": "0.66", "size": "125"}, {"price": "0.51", "size": "15"}, {"price": "0.49", "size": "47.61"}, {"price": "0.44", "size": "70"}, {"price": "0.43", "size": "25"}, {"price": "0.42", "size": "5"}, {"price": "0.4", "size": "10"}, {"price": "0.39", "size": "1010.56"}, {"price": "0.37", "size": "10"}, {"price": "0.36", "size": "40"}, {"price": "0.35", "size": "3581.99"}, {"price": "0.34", "size": "4556"}, {"price": "0.33", "size": "3196.83"}, {"price": "0.32", "size": "18021.58"}, {"price": "0.31", "size": "8884.79"}], "event_type": "book", "last_trade_price": "0.690"}]}
{"_local_timestamp": "2026-01-25T23:41:09.608289+00:00", "data": {"market": "0xb1d2cd56624ec8bb3d8115d50d503d0e8578bf32d754ad5fe3c0e08a73186c57", "price_changes": [{"asset_id": "51171279104285400909666677762285621845926753560865042481170667672124752488918", "price": "0.28", "size": "205", "side": "BUY", "hash": "1a3e90f670a06cdbc827a69ef0ec33117c2dc4c9", "best_bid": "0.69", "best_ask": "0.7"}, {"asset_id": "105826416199005342591038391498217708749113687972802625260881736773834354050519", "price": "0.72", "size": "205", "side": "SELL", "hash": "65ca58db18f368438430db8733499a08f154067e", "best_bid": "0.3", "best_ask": "0.31"}], "timestamp": "1769384469533", "event_type": "price_change"}}
{"_local_timestamp": "2026-01-25T23:41:09.913279+00:00", "data": {"market": "0xb1d2cd56624ec8bb3d8115d50d503d0e8578bf32d754ad5fe3c0e08a73186c57", "price_changes": [{"asset_id": "51171279104285400909666677762285621845926753560865042481170667672124752488918", "price": "0.29", "size": "3221.96", "side": "BUY", "hash": "0b53c3ea92f61189394f12f253bd15bba82096f2", "best_bid": "0.69", "best_ask": "0.7"}, {"asset_id": "105826416199005342591038391498217708749113687972802625260881736773834354050519", "price": "0.71", "size": "3221.96", "side": "SELL", "hash": "cc28172758248f927f8c2c079159cfcf866b0ebe", "best_bid": "0.3", "best_ask": "0.31"}], "timestamp": "1769384469805", "event_type": "price_change"}}
{"_local_timestamp": "2026-01-25T23:42:24.718644+00:00", "data": {"market": "0xb1d2cd56624ec8bb3d8115d50d503d0e8578bf32d754ad5fe3c0e08a73186c57", "price_changes": [{"asset_id": "51171279104285400909666677762285621845926753560865042481170667672124752488918", "price": "0.28", "size": "155", "side": "BUY", "hash": "8c591c10aa0dec4f1505264b0671a55704aa5ab1", "best_bid": "0.69", "best_ask": "0.7"}, {"asset_id": "105826416199005342591038391498217708749113687972802625260881736773834354050519", "price": "0.72", "size": "155", "side": "SELL", "hash": "fe2267a1fe31da28241c23aa0137356cbd50d2d6", "best_bid": "0.3", "best_ask": "0.31"}], "timestamp": "1769384544491", "event_type": "price_change"}}
{"_local_timestamp": "2026-01-25T23:42:25.133010+00:00", "data": {"market": "0xb1d2cd56624ec8bb3d8115d50d503d0e8578bf32d754ad5fe3c0e08a73186c57", "price_changes": [{"asset_id": "51171279104285400909666677762285621845926753560865042481170667672124752488918", "price": "0.29", "size": "3271.96", "side": "BUY", "hash": "b8bd408e774371d37adc4bd8fb98a6b909f486aa", "best_bid": "0.69", "best_ask": "0.7"}, {"asset_id": "105826416199005342591038391498217708749113687972802625260881736773834354050519", "price": "0.71", "size": "3271.96", "side": "SELL", "hash": "3bb74bfbeb96e5c0605639bedaa0f9e04299e73c", "best_bid": "0.3", "best_ask": "0.31"}], "timestamp": "1769384544933", "event_type": "price_change"}}
{"_local_timestamp": "2026-01-25T23:42:28.641073+00:00", "data": {"market": "0xb1d2cd56624ec8bb3d8115d50d503d0e8578bf32d754ad5fe3c0e08a73186c57", "price_changes": [{"asset_id": "105826416199005342591038391498217708749113687972802625260881736773834354050519", "price": "0.05", "size": "3249", "side": "BUY", "hash": "c97b288e77de7ee7afef69bae2496cfa8ccc96c7", "best_bid": "0.3", "best_ask": "0.31"}, {"asset_id": "51171279104285400909666677762285621845926753560865042481170667672124752488918", "price": "0.95", "size": "3249", "side": "SELL", "hash": "efa6fa5df01b0a07a4fe79a8b3fdd62f2e80f6df", "best_bid": "0.69", "best_ask": "0.7"}], "timestamp": "1769384548544", "event_type": "price_change"}}
{"_local_timestamp": "2026-01-25T23:42:28.641480+00:00", "data": {"market": "0xb1d2cd56624ec8bb3d8115d50d503d0e8578bf32d754ad5fe3c0e08a73186c57", "price_changes": [{"asset_id": "105826416199005342591038391498217708749113687972802625260881736773834354050519", "price": "0.21", "size": "15", "side": "BUY", "hash": "c97b288e77de7ee7afef69bae2496cfa8ccc96c7", "best_bid": "0.3", "best_ask": "0.31"}, {"asset_id": "51171279104285400909666677762285621845926753560865042481170667672124752488918", "price": "0.79", "size": "15", "side": "SELL", "hash": "efa6fa5df01b0a07a4fe79a8b3fdd62f2e80f6df", "best_bid": "0.69", "best_ask": "0.7"}], "timestamp": "1769384548544", "event_type": "price_change"}}
{"_local_timestamp": "2026-01-25T23:42:28.689106+00:00", "data": {"market": "0xb1d2cd56624ec8bb3d8115d50d503d0e8578bf32d754ad5fe3c0e08a73186c57", "price_changes": [{"asset_id": "105826416199005342591038391498217708749113687972802625260881736773834354050519", "price": "0.06", "size": "8734", "side": "BUY", "hash": "436a3b0c04cdd90049ec4499a64b0b7f09436fd4", "best_bid": "0.3", "best_ask": "0.31"}, {"asset_id": "51171279104285400909666677762285621845926753560865042481170667672124752488918", "price": "0.94", "size": "8734", "side": "SELL", "hash": "48d739d8705e1aca54862026760b7b7943d887a7", "best_bid": "0.69", "best_ask": "0.7"}], "timestamp": "1769384548592", "event_type": "price_change"}}
{"_local_timestamp": "2026-01-25T23:42:28.689459+00:00", "data": {"market": "0xb1d2cd56624ec8bb3d8115d50d503d0e8578bf32d754ad5fe3c0e08a73186c57", "price_changes": [{"asset_id": "105826416199005342591038391498217708749113687972802625260881736773834354050519", "price": "0.21", "size": "1449", "side": "BUY", "hash": "b81456987cbdb4338430b9619f1ea4d36c2429fe", "best_bid": "0.3", "best_ask": "0.31"}, {"asset_id": "51171279104285400909666677762285621845926753560865042481170667672124752488918", "price": "0.79", "size": "1449", "side": "SELL", "hash": "df864566d87bd31a2b1a57f62fc2030820a50999", "best_bid": "0.69", "best_ask": "0.7"}], "timestamp": "1769384548593", "event_type": "price_change"}}
