{"_local_timestamp": "2026-01-25T23:40:50.179163+00:00", "data": [{"market": "0x785678539f964464cf0cee00c9f119f3eb323b78b6c31ddd5bf67a3c30892a96", "asset_id": "62300376644916524682125335808247111654249058315981975642116830571106695322013", "timestamp": "1769384421493", "hash": "996734d9ae152799616c08c533bdc1d706cc0b88", "bids": [{"price": "0.01", "size": "1055"}, {"price": "0.02", "size": "500"}, {"price": "0.03", "size": "92.65"}, {"price": "0.05", "size": "93"}, {"price": "0.13", "size": "92.65"}, {"price": "0.14", "size": "92.85"}, {"price": "0.15", "size": "73.33"}, {"price": "0.22", "size": "1.58"}], "asks": [{"price": "0.99", "size": "5300"}, {"price": "0.98", "size": "2000"}, {"price": "0.95", "size": "380"}, {"price": "0.94", "size": "33"}, {"price": "0.93", "size": "500"}, {"price": "0.85", "size": "325"}, {"price": "0.83", "size": "250"}, {"price": "0.78", "size": "277"}, {"price": "0.77", "size": "8"}, {"price": "0.73", "size": "50"}, {"price": "0.66", "size": "125"}, {"price": "0.65", "size": "66.66"}, {"price": "0.59", "size": "3.82"}, {"price": "0.51", "size": "12.17"}, {"price": "0.47", "size": "66.66"}, {"price": "0.36", "size": "20.31"}, {"price": "0.35", "size": "16.92"}, {"price": "0.32", "size": "404.5"}, {"price": "0.3", "size": "10"}, {"price": "0.29", "size": "66.66"}], "event_type": "book", "last_trade_price": ""}, {"market": "0x785678539f964464cf0cee00c9f119f3eb323b78b6c31ddd5bf67a3c30892a96", "asset_id": "45070939098772100765502736231548647582207165468839597349272469950510727077568", "timestamp": "1769384421493", "hash": "cd26c33eb33ed7b2c494b6687221c02bb79e3a12", "bids": [{"price": "0.01", "size": "5300"}, {"price": "0.02", "size": "2000"}, {"price": "0.05", "size": "380"}, {"price": "0.06", "size": "33"}, {"price": "0.07", "size": "500"}, {"price": "0.15", "size": "325"}, {"price": "0.17", "size": "250"}, {"price": "0.22", "size": "277"}, {"price": "0.23", "size": "8"}, {"price": "0.27", "size": "50"}, {"price": "0.34", "size": "125"}, {"price": "0.35", "size": "66.66"}, {"price": "0.41", "size": "3.82"}, {"price": "0.49", "size": "12.17"}, {"price": "0.53", "size": "66.66"}, {"price": "0.64", "size": "20.31"}, {"price": "0.65", "size": "16.92"}, {"price": "0.68", "size": "404.5"}, {"price": "0.7", "size": "10"}, {"price": "0.71", "size": "66.66"}], "asks": [{"price": "0.99", "size": "1055"}, {"price": "0.98", "size": "500"}, {"price": "0.97", "size": "92.65"}, {"price": "0.95", "size": "93"}, {"price": "0.87", "size": "92.65"}, {"price": "0.86", "size": "92.85"}, {"price": "0.85", "size": "73.33"}, {"price": "0.78", "size": "1.58"}], "event_type": "book", "last_trade_price": ""}]}
{"_local_timestamp": "2026-01-25T23:41:47.787456+00:00", "data": {"market": "0x785678539f964464cf0cee00c9f119f3eb323b78b6c31ddd5bf67a3c30892a96", "price_changes": [{"asset_id": "45070939098772100765502736231548647582207165468839597349272469950510727077568", "price": "0.71", "size": "120.18", "side": "BUY", "hash": "e63582f9b0c790e21cbd8761ea814d56e718ff97", "best_bid": "0.71", "best_ask": "0.78"}, {"asset_id": "62300376644916524682125335808247111654249058315981975642116830571106695322013", "price": "0.29", "size": "120.18", "side": "SELL", "hash": "c4f202fb592e41977a79268c3eae0c8689e97847", "best_bid": "0.22", "best_ask": "0.29"}], "timestamp": "1769384507708", "event_type": "price_change"}}
{"_local_timestamp": "2026-01-25T23:41:50.867811+00:00", "data": {"market": "0x785678539f964464cf0cee00c9f119f3eb323b78b6c31ddd5bf67a3c30892a96", "price_changes": [{"asset_id": "45070939098772100765502736231548647582207165468839597349272469950510727077568", "price": "0.34", "size": "50", "side": "BUY", "hash": "2e30be04da031b60340c0a85168b3719a78e113e", "best_bid": "0.71", "best_ask": "0.78"}, {"asset_id": "62300376644916524682125335808247111654249058315981975642116830571106695322013", "price": "0.66", "size": "50", "side": "SELL", "hash": "b893de3ad3d28e050c13d6f3c3b307159ec86f61", "best_bid": "0.22", "best_ask": "0.29"}], "timestamp": "1769384510737", "event_type": "price_change"}}
{"_local_timestamp": "2026-01-25T23:41:52.919554+00:00", "data": {"market": "0x785678539f964464cf0cee00c9f119f3eb323b78b6c31ddd5bf67a3c30892a96", "price_changes": [{"asset_id": "45070939098772100765502736231548647582207165468839597349272469950510727077568", "price": "0.35", "size": "141.66", "side": "BUY", "hash": "eedda94129b950efa267fd5429333537e0051413", "best_bid": "0.71", "best_ask": "0.78"}, {"asset_id": "62300376644916524682125335808247111654249058315981975642116830571106695322013", "price": "0.65", "size": "141.66", "side": "SELL", "hash": "104851ccea2e46463f7da633b14b176306a66efc", "best_bid": "0.22", "best_ask": "0.29"}], "timestamp": "1769384511850", "event_type": "price_change"}}
{"_local_timestamp": "2026-01-25T23:43:36.597188+00:00", "data": {"market": "0x785678539f964464cf0cee00c9f119f3eb323b78b6c31ddd5bf67a3c30892a96", "price_changes": [{"asset_id": "45070939098772100765502736231548647582207165468839597349272469950510727077568", "price": "0.53", "size": "0", "side": "BUY", "hash": "9e73df3aace6ef62436d50a0b2eb0d573e62f0e1", "best_bid": "0.71", "best_ask": "0.78"}, {"asset_id": "62300376644916524682125335808247111654249058315981975642116830571106695322013", "price": "0.47", "size": "0", "side": "SELL", "hash": "792275443a3ee02fab3c5b4d4b046ee5d8fb657d", "best_bid": "0.22", "best_ask": "0.29"}], "timestamp": "1769384616527", "event_type": "price_change"}}
{"_local_timestamp": "2026-01-25T23:43:36.597890+00:00", "data": {"market": "0x785678539f964464cf0cee00c9f119f3eb323b78b6c31ddd5bf67a3c30892a96", "price_changes": [{"asset_id": "45070939098772100765502736231548647582207165468839597349272469950510727077568", "price": "0.35", "size": "75", "side": "BUY", "hash": "9e73df3aace6ef62436d50a0b2eb0d573e62f0e1", "best_bid": "0.71", "best_ask": "0.78"}, {"asset_id": "62300376644916524682125335808247111654249058315981975642116830571106695322013", "price": "0.65", "size": "75", "side": "SELL", "hash": "792275443a3ee02fab3c5b4d4b046ee5d8fb657d", "best_bid": "0.22", "best_ask": "0.29"}], "timestamp": "1769384616527", "event_type": "price_change"}}
{"_local_timestamp": "2026-01-25T23:43:38.046325+00:00", "data": {"market": "0x785678539f964464cf0cee00c9f119f3eb323b78b6c31ddd5bf67a3c30892a96", "price_changes": [{"asset_id": "45070939098772100765502736231548647582207165468839597349272469950510727077568", "price": "0.65", "size": "83.58", "side": "BUY", "hash": "51b33e9becde051af2d9a24293cd2884c864a737", "best_bid": "0.71", "best_ask": "0.78"}, {"asset_id": "62300376644916524682125335808247111654249058315981975642116830571106695322013", "price": "0.35", "size": "83.58", "side": "SELL", "hash": "75b73dcc5c7165979f23e974abf6208ff0ccaa17", "best_bid": "0.22", "best_ask": "0.29"}], "timestamp": "1769384617979", "event_type": "price_change"}}
{"_local_timestamp": "2026-01-25T23:43:38.116056+00:00", "data": {"market": "0x785678539f964464cf0cee00c9f119f3eb323b78b6c31ddd5bf67a3c30892a96", "price_changes": [{"asset_id": "45070939098772100765502736231548647582207165468839597349272469950510727077568", "price": "0.68", "size": "471.16", "side": "BUY", "hash": "0f0085c4e24e6964b1ea9c04bf7e88baeae8d80c", "best_bid": "0.71", "best_ask": "0.78"}, {"asset_id": "62300376644916524682125335808247111654249058315981975642116830571106695322013", "price": "0.32", "size": "471.16", "side": "SELL", "hash": "450d74383507694051a0a2c0dbbd41e321246b82", "best_bid": "0.22", "best_ask": "0.29"}], "timestamp": "1769384618020", "event_type": "price_change"}}
{"_local_timestamp": "2026-01-25T23:43:43.703153+00:00", "data": {"market": "0x785678539f964464cf0cee00c9f119f3eb323b78b6c31ddd5bf67a3c30892a96", "price_changes": [{"asset_id": "45070939098772100765502736231548647582207165468839597349272469950510727077568", "price": "0.71", "size": "66.66", "side": "BUY", "hash": "845e8fc6cd8123809f3e0d0d79ef19a4a251ced5", "best_bid": "0.71", "best_ask": "0.78"}, {"asset_id": "62300376644916524682125335808247111654249058315981975642116830571106695322013", "price": "0.29", "size": "66.66", "side": "SELL", "hash": "83e69dfce7f22b4f825a7edbb039c6b23b5c36d9", "best_bid": "0.22", "best_ask": "0.29"}], "timestamp": "1769384623630", "event_type": "price_change"}}
{"_local_timestamp": "2026-01-25T23:44:57.833949+00:00", "data": {"market": "0x785678539f964464cf0cee00c9f119f3eb323b78b6c31ddd5bf67a3c30892a96", "price_changes": [{"asset_id": "45070939098772100765502736231548647582207165468839597349272469950510727077568", "price": "0.34", "size": "0", "side": "BUY", "hash": "696d99ca7ff7d047f2252bb1de14b8c060e3c295", "best_bid": "0.71", "best_ask": "0.78"}, {"asset_id": "62300376644916524682125335808247111654249058315981975642116830571106695322013", "price": "0.66", "size": "0", "side": "SELL", "hash": "540caf0642bbf3c674e626d0be943432c2d15e76", "best_bid": "0.22", "best_ask": "0.29"}], "timestamp": "1769384697736", "event_type": "price_change"}}
{"_local_timestamp": "2026-01-25T23:44:58.287898+00:00", "data": {"market": "0x785678539f964464cf0cee00c9f119f3eb323b78b6c31ddd5bf67a3c30892a96", "price_changes": [{"asset_id": "45070939098772100765502736231548647582207165468839597349272469950510727077568", "price": "0.35", "size": "125", "side": "BUY", "hash": "b8a4758cbf33cd051e3ce57b0b4cf2b7f5ca4533", "best_bid": "0.71", "best_ask": "0.78"}, {"asset_id": "62300376644916524682125335808247111654249058315981975642116830571106695322013", "price": "0.65", "size": "125", "side": "SELL", "hash": "e3c32c992c649891bb1f431e0713699e1f9a45a3", "best_bid": "0.22", "best_ask": "0.29"}], "timestamp": "1769384698214", "event_type": "price_change"}}
{"_local_timestamp": "2026-01-25T23:45:07.252384+00:00", "data": {"market": "0x785678539f964464cf0cee00c9f119f3eb323b78b6c31ddd5bf67a3c30892a96", "price_changes": [{"asset_id": "45070939098772100765502736231548647582207165468839597349272469950510727077568", "price": "0.71", "size": "120.18", "side": "BUY", "hash": "57bfab06bc21a3ec90de030e2c1db9bb02cc9ed5", "best_bid": "0.71", "best_ask": "0.78"}, {"asset_id": "62300376644916524682125335808247111654249058315981975642116830571106695322013", "price": "0.29", "size": "120.18", "side": "SELL", "hash": "64fca9b9a30c47166b538bbd697872ba6f56d515", "best_bid": "0.22", "best_ask": "0.29"}], "timestamp": "1769384707178", "event_type": "price_change"}}
{"_local_timestamp": "2026-01-25T23:46:50.866621+00:00", "data": {"market": "0x785678539f964464cf0cee00c9f119f3eb323b78b6c31ddd5bf67a3c30892a96", "price_changes": [{"asset_id": "45070939098772100765502736231548647582207165468839597349272469950510727077568", "price": "0.35", "size": "50", "side": "BUY", "hash": "0e5b20585f71d1ce5c6c697597112dc52467560f", "best_bid": "0.71", "best_ask": "0.78"}, {"asset_id": "62300376644916524682125335808247111654249058315981975642116830571106695322013", "price": "0.65", "size": "50", "side": "SELL", "hash": "0540bbed75766fc709e026e3dcbddf6f8e64f88c", "best_bid": "0.22", "best_ask": "0.29"}], "timestamp": "1769384810649", "event_type": "price_change"}}
{"_local_timestamp": "2026-01-25T23:46:51.532202+00:00", "data": {"market": "0x785678539f964464cf0cee00c9f119f3eb323b78b6c31ddd5bf67a3c30892a96", "price_changes": [{"asset_id": "45070939098772100765502736231548647582207165468839597349272469950510727077568", "price": "0.34", "size": "75", "side": "BUY", "hash": "24fba9fa60d993b6ec61ea165982040407c47a0c", "best_bid": "0.71", "best_ask": "0.78"}, {"asset_id": "62300376644916524682125335808247111654249058315981975642116830571106695322013", "price": "0.66", "size": "75", "side": "SELL", "hash": "dbed6298dace32803dd02cf8978b0528ed4d9c80", "best_bid": "0.22", "best_ask": "0.29"}], "timestamp": "1769384811186", "event_type": "price_change"}}
{"_local_timestamp": "2026-01-25T23:47:03.668756+00:00", "data": {"market": "0x785678539f964464cf0cee00c9f119f3eb323b78b6c31ddd5bf67a3c30892a96", "price_changes": [{"asset_id": "45070939098772100765502736231548647582207165468839597349272469950510727077568", "price": "0.71", "size": "66.66", "side": "BUY", "hash": "978c5f72bdfd79bee0846b6808498445737b2f7b", "best_bid": "0.71", "best_ask": "0.78"}, {"asset_id": "62300376644916524682125335808247111654249058315981975642116830571106695322013", "price": "0.29", "size": "66.66", "side": "SELL", "hash": "5a26b05a19d637c9991af34cd6212dad51b916ad", "best_bid": "0.22", "best_ask": "0.29"}], "timestamp": "1769384823527", "event_type": "price_change"}}
{"_local_timestamp": "2026-01-25T23:47:23.685602+00:00", "data": {"market": "0x785678539f964464cf0cee00c9f119f3eb323b78b6c31ddd5bf67a3c30892a96", "price_changes": [{"asset_id": "45070939098772100765502736231548647582207165468839597349272469950510727077568", "price": "0.35", "size": "0", "side": "BUY", "hash": "ccef129392ebec729dd78d289e96ffe5209ccd35", "best_bid": "0.71", "best_ask": "0.78"}, {"asset_id": "62300376644916524682125335808247111654249058315981975642116830571106695322013", "price": "0.65", "size": "0", "side": "SELL", "hash": "e55ba2563f56e0820b83ee06ad1d861858c6311f", "best_bid": "0.22", "best_ask": "0.29"}], "timestamp": "1769384843397", "event_type": "price_change"}}
{"_local_timestamp": "2026-01-25T23:47:24.056286+00:00", "data": {"market": "0x785678539f964464cf0cee00c9f119f3eb323b78b6c31ddd5bf67a3c30892a96", "price_changes": [{"asset_id": "45070939098772100765502736231548647582207165468839597349272469950510727077568", "price": "0.34", "size": "125", "side": "BUY", "hash": "31c88ef9389ed0aaf691a363da17ad941942a57c", "best_bid": "0.71", "best_ask": "0.78"}, {"asset_id": "62300376644916524682125335808247111654249058315981975642116830571106695322013", "price": "0.66", "size": "125", "side": "SELL", "hash": "62a5634bb03157128868e60ac9cbe2dc730e7723", "best_bid": "0.22", "best_ask": "0.29"}], "timestamp": "1769384843824", "event_type": "price_change"}}
