{"_local_timestamp": "2026-01-25T23:40:30.314088+00:00", "data": [{"market": "0x0dc45815251ab7d5c3cbde5d7eee5bc96eac3d924c0a4c4f10175049e068fe20", "asset_id": "703229116919803457142440034780425874346022451261358752931225117413237404457", "timestamp": "1769384428702", "hash": "769fc3e37c1f611078061061a6eb398f67fffc1a", "bids": [{"price": "0.01", "size": "30000"}, {"price": "0.02", "size": "5394.02"}, {"price": "0.03", "size": "2030.31"}, {"price": "0.04", "size": "2155"}, {"price": "0.05", "size": "1396.17"}, {"price": "0.06", "size": "1211.86"}, {"price": "0.07", "size": "72"}], "asks": [{"price": "0.99", "size": "6333.71"}, {"price": "0.98", "size": "1656"}, {"price": "0.97", "size": "250"}, {"price": "0.96", "size": "70.82"}, {"price": "0.95", "size": "30"}, {"price": "0.94", "size": "33"}, {"price": "0.92", "size": "16"}, {"price": "0.91", "size": "600"}, {"price": "0.9", "size": "6.3"}, {"price": "0.86", "size": "242.85"}, {"price": "0.85", "size": "550"}, {"price": "0.81", "size": "168.42"}, {"price": "0.8", "size": "400"}, {"price": "0.78", "size": "726"}, {"price": "0.77", "size": "2247.73"}, {"price": "0.72", "size": "92.85"}, {"price": "0.7", "size": "350"}, {"price": "0.67", "size": "72.72"}, {"price": "0.66", "size": "50"}, {"price": "0.62", "size": "52.63"}, {"price": "0.57", "size": "1459"}, {"price": "0.56", "size": "3714"}, {"price": "0.22", "size": "300"}, {"price": "0.18", "size": "940.3"}, {"price": "0.17", "size": "110"}, {"price": "0.16", "size": "50"}, {"price": "0.15", "size": "229.16"}, {"price": "0.13", "size": "30"}, {"price": "0.12", "size": "33"}, {"price": "0.11", "size": "86"}, {"price": "0.1", "size": "2491"}, {"price": "0.09", "size": "541.13"}], "event_type": "book", "last_trade_price": "0.070"}, {"market": "0x0dc45815251ab7d5c3cbde5d7eee5bc96eac3d924c0a4c4f10175049e068fe20", "asset_id": "71144742975537017512904527392353107518472601816123355990566837993879064231255", "timestamp": "1769384428702", "hash": "9d0baf44acacf8afbb8cc184f55a204bd081d76d", "bids": [{"price": "0.01", "size": "6333.71"}, {"price": "0.02", "size": "1656"}, {"price": "0.03", "size": "250"}, {"price": "0.04", "size": "70.82"}, {"price": "0.05", "size": "30"}, {"price": "0.06", "size": "33"}, {"price": "0.08", "size": "16"}, {"price": "0.09", "size": "600"}, {"price": "0.1", "size": "6.3"}, {"price": "0.14", "size": "242.85"}, {"price": "0.15", "size": "550"}, {"price": "0.19", "size": "168.42"}, {"price": "0.2", "size": "400"}, {"price": "0.22", "size": "726"}, {"price": "0.23", "size": "2247.73"}, {"price": "0.28", "size": "92.85"}, {"price": "0.3", "size": "350"}, {"price": "0.33", "size": "72.72"}, {"price": "0.34", "size": "50"}, {"price": "0.38", "size": "52.63"}, {"price": "0.43", "size": "1459"}, {"price": "0.44", "size": "3714"}, {"price": "0.78", "size": "300"}, {"price": "0.82", "size": "940.3"}, {"price": "0.83", "size": "110"}, {"price": "0.84", "size": "50"}, {"price": "0.85", "size": "229.16"}, {"price": "0.87", "size": "30"}, {"price": "0.88", "size": "33"}, {"price": "0.89", "size": "86"}, {"price": "0.9", "size": "2491"}, {"price": "0.91", "size": "541.13"}], "asks": [{"price": "0.99", "size": "30000"}, {"price": "0.98", "size": "5394.02"}, {"price": "0.97", "size": "2030.31"}, {"price": "0.96", "size": "2155"}, {"price": "0.95", "size": "1396.17"}, {"price": "0.94", "size": "1211.86"}, {"price": "0.93", "size": "72"}], "event_type": "book", "last_trade_price": "0.070"}]}
{"_local_timestamp": "2026-01-25T23:41:43.111257+00:00", "data": {"market": "0x0dc45815251ab7d5c3cbde5d7eee5bc96eac3d924c0a4c4f10175049e068fe20", "price_changes": [{"asset_id": "703229116919803457142440034780425874346022451261358752931225117413237404457", "price": "0.04", "size": "2130", "side": "BUY", "hash": "5a92fb0ae7517945eb17fa3047820d3a30db9ef9", "best_bid": "0.07", "best_ask": "0.09"}, {"asset_id": "71144742975537017512904527392353107518472601816123355990566837993879064231255", "price": "0.96", "size": "2130", "side": "SELL", "hash": "9793c8e49423bf6328ad67148a6e59ae1fcf1b5b", "best_bid": "0.91", "best_ask": "0.93"}], "timestamp": "1769384503038", "event_type": "price_change"}}
{"_local_timestamp": "2026-01-25T23:41:43.112424+00:00", "data": {"market": "0x0dc45815251ab7d5c3cbde5d7eee5bc96eac3d924c0a4c4f10175049e068fe20", "price_changes": [{"asset_id": "703229116919803457142440034780425874346022451261358752931225117413237404457", "price": "0.02", "size": "5294.02", "side": "BUY", "hash": "5a92fb0ae7517945eb17fa3047820d3a30db9ef9", "best_bid": "0.07", "best_ask": "0.09"}, {"asset_id": "71144742975537017512904527392353107518472601816123355990566837993879064231255", "price": "0.98", "size": "5294.02", "side": "SELL", "hash": "9793c8e49423bf6328ad67148a6e59ae1fcf1b5b", "best_bid": "0.91", "best_ask": "0.93"}], "timestamp": "1769384503038", "event_type": "price_change"}}
{"_local_timestamp": "2026-01-25T23:41:46.622953+00:00", "data": {"market": "0x0dc45815251ab7d5c3cbde5d7eee5bc96eac3d924c0a4c4f10175049e068fe20", "price_changes": [{"asset_id": "703229116919803457142440034780425874346022451261358752931225117413237404457", "price": "0.02", "size": "5394.02", "side": "BUY", "hash": "0129b8709e406a158ed8cf8bb42b0c82e76bc54a", "best_bid": "0.07", "best_ask": "0.09"}, {"asset_id": "71144742975537017512904527392353107518472601816123355990566837993879064231255", "price": "0.98", "size": "5394.02", "side": "SELL", "hash": "5954ab6c700c631c1adc4f9632bf9ef95fdae892", "best_bid": "0.91", "best_ask": "0.93"}], "timestamp": "1769384506550", "event_type": "price_change"}}
{"_local_timestamp": "2026-01-25T23:41:46.623428+00:00", "data": {"market": "0x0dc45815251ab7d5c3cbde5d7eee5bc96eac3d924c0a4c4f10175049e068fe20", "price_changes": [{"asset_id": "703229116919803457142440034780425874346022451261358752931225117413237404457", "price": "0.04", "size": "2155", "side": "BUY", "hash": "4b1b87676adf978d0ed7e12022108bd3fc3ff814", "best_bid": "0.07", "best_ask": "0.09"}, {"asset_id": "71144742975537017512904527392353107518472601816123355990566837993879064231255", "price": "0.96", "size": "2155", "side": "SELL", "hash": "8de80728269686680af001ba81fa47faea90f590", "best_bid": "0.91", "best_ask": "0.93"}], "timestamp": "1769384506551", "event_type": "price_change"}}
{"_local_timestamp": "2026-01-25T23:42:19.199533+00:00", "data": {"market": "0x0dc45815251ab7d5c3cbde5d7eee5bc96eac3d924c0a4c4f10175049e068fe20", "price_changes": [{"asset_id": "71144742975537017512904527392353107518472601816123355990566837993879064231255", "price": "0.9", "size": "2541", "side": "BUY", "hash": "ba14412c96509e6237ebeae4605f406dbfeac332", "best_bid": "0.91", "best_ask": "0.93"}, {"asset_id": "703229116919803457142440034780425874346022451261358752931225117413237404457", "price": "0.1", "size": "2541", "side": "SELL", "hash": "f331d71b94974f23a2defa1b599b3abfa44e27c8", "best_bid": "0.07", "best_ask": "0.09"}], "timestamp": "1769384539103", "event_type": "price_change"}}
{"_local_timestamp": "2026-01-25T23:42:22.771904+00:00", "data": {"market": "0x0dc45815251ab7d5c3cbde5d7eee5bc96eac3d924c0a4c4f10175049e068fe20", "price_changes": [{"asset_id": "71144742975537017512904527392353107518472601816123355990566837993879064231255", "price": "0.43", "size": "1454", "side": "BUY", "hash": "abef2961e1fa01b39b2cf0102b80fe8cdb60ace3", "best_bid": "0.91", "best_ask": "0.93"}, {"asset_id": "703229116919803457142440034780425874346022451261358752931225117413237404457", "price": "0.57", "size": "1454", "side": "SELL", "hash": "2ad6a74ee5afc6998626c881657b7b2f0778abdd", "best_bid": "0.07", "best_ask": "0.09"}], "timestamp": "1769384542659", "event_type": "price_change"}}
{"_local_timestamp": "2026-01-25T23:42:22.819469+00:00", "data": {"market": "0x0dc45815251ab7d5c3cbde5d7eee5bc96eac3d924c0a4c4f10175049e068fe20", "price_changes": [{"asset_id": "71144742975537017512904527392353107518472601816123355990566837993879064231255", "price": "0.45", "size": "5", "side": "BUY", "hash": "3fc2f6489dbfe9404739187fe860922d0a9a8afd", "best_bid": "0.91", "best_ask": "0.93"}, {"asset_id": "703229116919803457142440034780425874346022451261358752931225117413237404457", "price": "0.55", "size": "5", "side": "SELL", "hash": "4c08a95fb4530f57cc32b3a3b371ba43ae7fcd9e", "best_bid": "0.07", "best_ask": "0.09"}], "timestamp": "1769384542704", "event_type": "price_change"}}
{"_local_timestamp": "2026-01-25T23:42:56.076538+00:00", "data": {"market": "0x0dc45815251ab7d5c3cbde5d7eee5bc96eac3d924c0a4c4f10175049e068fe20", "price_changes": [{"asset_id": "71144742975537017512904527392353107518472601816123355990566837993879064231255", "price": "0.9", "size": "2491", "side": "BUY", "hash": "6eaeacc5dff2adbab33b94ec4b5640ab53c00a46", "best_bid": "0.91", "best_ask": "0.93"}, {"asset_id": "703229116919803457142440034780425874346022451261358752931225117413237404457", "price": "0.1", "size": "2491", "side": "SELL", "hash": "3df7e4efe40469354cc3c87a52b0cea8089c2593", "best_bid": "0.07", "best_ask": "0.09"}], "timestamp": "1769384575966", "event_type": "price_change"}}
{"_local_timestamp": "2026-01-25T23:43:12.756848+00:00", "data": {"market": "0x0dc45815251ab7d5c3cbde5d7eee5bc96eac3d924c0a4c4f10175049e068fe20", "price_changes": [{"asset_id": "703229116919803457142440034780425874346022451261358752931225117413237404457", "price": "0.03", "size": "2016.66", "side": "BUY", "hash": "8804e40c4b833b5287115e9896ed0504cf51c1cf", "best_bid": "0.07", "best_ask": "0.09"}, {"asset_id": "71144742975537017512904527392353107518472601816123355990566837993879064231255", "price": "0.97", "size": "2016.66", "side": "SELL", "hash": "17d430927ee0b6a3af387af90c90fa8559cc1151", "best_bid": "0.91", "best_ask": "0.93"}], "timestamp": "1769384592625", "event_type": "price_change"}}
{"_local_timestamp": "2026-01-25T23:43:13.699923+00:00", "data": {"market": "0x0dc45815251ab7d5c3cbde5d7eee5bc96eac3d924c0a4c4f10175049e068fe20", "price_changes": [{"asset_id": "703229116919803457142440034780425874346022451261358752931225117413237404457", "price": "0.03", "size": "2030.31", "side": "BUY", "hash": "9cefef40210cc1c483855557e1b01a58be7a9514", "best_bid": "0.07", "best_ask": "0.09"}, {"asset_id": "71144742975537017512904527392353107518472601816123355990566837993879064231255", "price": "0.97", "size": "2030.31", "side": "SELL", "hash": "9eff815552fbf61ae85c307667e3622082bf6467", "best_bid": "0.91", "best_ask": "0.93"}], "timestamp": "1769384592921", "event_type": "price_change"}}
{"_local_timestamp": "2026-01-25T23:44:21.018984+00:00", "data": {"market": "0x0dc45815251ab7d5c3cbde5d7eee5bc96eac3d924c0a4c4f10175049e068fe20", "price_changes": [{"asset_id": "71144742975537017512904527392353107518472601816123355990566837993879064231255", "price": "0.43", "size": "1394", "side": "BUY", "hash": "dc1ddc298682bb7adbba989f446203e1089b4302", "best_bid": "0.91", "best_ask": "0.93"}, {"asset_id": "703229116919803457142440034780425874346022451261358752931225117413237404457", "price": "0.57", "size": "1394", "side": "SELL", "hash": "18c8e2099b10b1e6e311b8a6d8653ce6a71e4674", "best_bid": "0.07", "best_ask": "0.09"}], "timestamp": "1769384660502", "event_type": "price_change"}}
{"_local_timestamp": "2026-01-25T23:44:21.597153+00:00", "data": {"market": "0x0dc45815251ab7d5c3cbde5d7eee5bc96eac3d924c0a4c4f10175049e068fe20", "price_changes": [{"asset_id": "71144742975537017512904527392353107518472601816123355990566837993879064231255", "price": "0.44", "size": "3774", "side": "BUY", "hash": "cb19c033508fb4d0d654e0612e0bc2893fd24610", "best_bid": "0.91", "best_ask": "0.93"}, {"asset_id": "703229116919803457142440034780425874346022451261358752931225117413237404457", "price": "0.56", "size": "3774", "side": "SELL", "hash": "7f8837f9a6d051488aa29b3b10761dd79a639f75", "best_bid": "0.07", "best_ask": "0.09"}], "timestamp": "1769384660899", "event_type": "price_change"}}
{"_local_timestamp": "2026-01-25T23:44:47.792595+00:00", "data": {"market": "0x0dc45815251ab7d5c3cbde5d7eee5bc96eac3d924c0a4c4f10175049e068fe20", "price_changes": [{"asset_id": "71144742975537017512904527392353107518472601816123355990566837993879064231255", "price": "0.9", "size": "2541", "side": "BUY", "hash": "95224428a0763c3f52e38eee7a1a1e84bb1edf85", "best_bid": "0.91", "best_ask": "0.93"}, {"asset_id": "703229116919803457142440034780425874346022451261358752931225117413237404457", "price": "0.1", "size": "2541", "side": "SELL", "hash": "9c876f21da3b80064f4f25405756b398e3cb0bad", "best_bid": "0.07", "best_ask": "0.09"}], "timestamp": "1769384687501", "event_type": "price_change"}}
{"_local_timestamp": "2026-01-25T23:44:57.044547+00:00", "data": {"market": "0x0dc45815251ab7d5c3cbde5d7eee5bc96eac3d924c0a4c4f10175049e068fe20", "price_changes": [{"asset_id": "71144742975537017512904527392353107518472601816123355990566837993879064231255", "price": "0.89", "size": "36", "side": "BUY", "hash": "ab7811a960e23d1e5edc41ef2625c29b9d535479", "best_bid": "0.91", "best_ask": "0.93"}, {"asset_id": "703229116919803457142440034780425874346022451261358752931225117413237404457", "price": "0.11", "size": "36", "side": "SELL", "hash": "dc38adad35c68d7dcbaf1257eb62e8fc47bb444c", "best_bid": "0.07", "best_ask": "0.09"}], "timestamp": "1769384696919", "event_type": "price_change"}}
{"_local_timestamp": "2026-01-25T23:44:57.056444+00:00", "data": {"market": "0x0dc45815251ab7d5c3cbde5d7eee5bc96eac3d924c0a4c4f10175049e068fe20", "price_changes": [{"asset_id": "703229116919803457142440034780425874346022451261358752931225117413237404457", "price": "0.05", "size": "1346.17", "side": "BUY", "hash": "86862dd336925703ce3e54b3c307a3febbeeea59", "best_bid": "0.07", "best_ask": "0.09"}, {"asset_id": "71144742975537017512904527392353107518472601816123355990566837993879064231255", "price": "0.95", "size": "1346.17", "side": "SELL", "hash": "dce3bcf9ba12dca5fc30bc2e59541ebd1a5ce063", "best_bid": "0.91", "best_ask": "0.93"}], "timestamp": "1769384696923", "event_type": "price_change"}}
