{"_local_timestamp": "2026-01-25T23:40:35.941685+00:00", "data": [{"market": "0x80db1cb8b044feaa6d6cdd9110754dce3912af0ec0d845a3aeb5864a1ba7de67", "asset_id": "64475883791632943506049561040308253211063206293893132232978760127150670719189", "timestamp": "1769384426814", "hash": "8d086495bd9d4f78d5719f4d3587a798c73164a8", "bids": [{"price": "0.01", "size": "3314.2"}, {"price": "0.02", "size": "1400"}, {"price": "0.03", "size": "250"}, {"price": "0.04", "size": "6.47"}, {"price": "0.05", "size": "130"}, {"price": "0.06", "size": "33"}, {"price": "0.09", "size": "900"}, {"price": "0.1", "size": "100"}, {"price": "0.11", "size": "5.44"}, {"price": "0.14", "size": "792.85"}, {"price": "0.15", "size": "100"}, {"price": "0.18", "size": "400"}, {"price": "0.19", "size": "168.42"}, {"price": "0.2", "size": "130"}, {"price": "0.21", "size": "1100"}, {"price": "0.22", "size": "726"}, {"price": "0.23", "size": "171.73"}, {"price": "0.28", "size": "342.85"}, {"price": "0.33", "size": "72.72"}, {"price": "0.37", "size": "384.97"}, {"price": "0.38", "size": "52.63"}, {"price": "0.4", "size": "125"}, {"price": "0.41", "size": "1000"}, {"price": "0.46", "size": "1304"}, {"price": "0.47", "size": "3508"}, {"price": "0.48", "size": "5"}, {"price": "0.5", "size": "44.92"}, {"price": "0.61", "size": "6.69"}, {"price": "0.65", "size": "60"}, {"price": "0.7", "size": "222"}, {"price": "0.71", "size": "222"}, {"price": "0.73", "size": "200"}, {"price": "0.74", "size": "200"}, {"price": "0.75", "size": "80"}, {"price": "0.81", "size": "222"}, {"price": "0.87", "size": "30"}, {"price": "0.88", "size": "855"}, {"price": "0.89", "size": "1436"}, {"price": "0.9", "size": "2161.1"}, {"price": "0.91", "size": "1257.25"}, {"price": "0.92", "size": "89.25"}], "asks": [{"price": "0.99", "size": "22675"}, {"price": "0.98", "size": "2146.45"}, {"price": "0.97", "size": "3688.53"}, {"price": "0.96", "size": "3017.26"}, {"price": "0.95", "size": "1993"}, {"price": "0.94", "size": "763.17"}], "event_type": "book", "last_trade_price": "0.080"}, {"market": "0x80db1cb8b044feaa6d6cdd9110754dce3912af0ec0d845a3aeb5864a1ba7de67", "asset_id": "4865985759969354870176744589934627962709868150379818333913024138967257275029", "timestamp": "1769384426814", "hash": "2edeb8a9f98e5b0ea500529b66deb08f08ae09b9", "bids": [{"price": "0.01", "size": "22675"}, {"price": "0.02", "size": "2146.45"}, {"price": "0.03", "size": "3688.53"}, {"price": "0.04", "size": "3017.26"}, {"price": "0.05", "size": "1993"}, {"price": "0.06", "size": "763.17"}], "asks": [{"price": "0.99", "size": "3314.2"}, {"price": "0.98", "size": "1400"}, {"price": "0.97", "size": "250"}, {"price": "0.96", "size": "6.47"}, {"price": "0.95", "size": "130"}, {"price": "0.94", "size": "33"}, {"price": "0.91", "size": "900"}, {"price": "0.9", "size": "100"}, {"price": "0.89", "size": "5.44"}, {"price": "0.86", "size": "792.85"}, {"price": "0.85", "size": "100"}, {"price": "0.82", "size": "400"}, {"price": "0.81", "size": "168.42"}, {"price": "0.8", "size": "130"}, {"price": "0.79", "size": "1100"}, {"price": "0.78", "size": "726"}, {"price": "0.77", "size": "171.73"}, {"price": "0.72", "size": "342.85"}, {"price": "0.67", "size": "72.72"}, {"price": "0.63", "size": "384.97"}, {"price": "0.62", "size": "52.63"}, {"price": "0.6", "size": "125"}, {"price": "0.59", "size": "1000"}, {"price": "0.54", "size": "1304"}, {"price": "0.53", "size": "3508"}, {"price": "0.52", "size": "5"}, {"price": "0.5", "size": "44.92"}, {"price": "0.39", "size": "6.69"}, {"price": "0.35", "size": "60"}, {"price": "0.3", "size": "222"}, {"price": "0.29", "size": "222"}, {"price": "0.27", "size": "200"}, {"price": "0.26", "size": "200"}, {"price": "0.25", "size": "80"}, {"price": "0.19", "size": "222"}, {"price": "0.13", "size": "30"}, {"price": "0.12", "size": "855"}, {"price": "0.11", "size": "1436"}, {"price": "0.1", "size": "2161.1"}, {"price": "0.09", "size": "1257.25"}, {"price": "0.08", "size": "89.25"}], "event_type": "book", "last_trade_price": "0.080"}]}
{"_local_timestamp": "2026-01-25T23:40:40.495415+00:00", "data": {"market": "0x80db1cb8b044feaa6d6cdd9110754dce3912af0ec0d845a3aeb5864a1ba7de67", "price_changes": [{"asset_id": "64475883791632943506049561040308253211063206293893132232978760127150670719189", "price": "0.28", "size": "292.85", "side": "BUY", "hash": "881024bfb3ab59d77ea0be17d088908b930000f4", "best_bid": "0.92", "best_ask": "0.94"}, {"asset_id": "4865985759969354870176744589934627962709868150379818333913024138967257275029", "price": "0.72", "size": "292.85", "side": "SELL", "hash": "fb660a8d061075158161bd3239ad386682dcaaf6", "best_bid": "0.06", "best_ask": "0.08"}], "timestamp": "1769384440280", "event_type": "price_change"}}
{"_local_timestamp": "2026-01-25T23:40:40.817965+00:00", "data": {"market": "0x80db1cb8b044feaa6d6cdd9110754dce3912af0ec0d845a3aeb5864a1ba7de67", "price_changes": [{"asset_id": "64475883791632943506049561040308253211063206293893132232978760127150670719189", "price": "0.23", "size": "221.73", "side": "BUY", "hash": "46f23c794019116f529e9a50a65fcc372a394666", "best_bid": "0.92", "best_ask": "0.94"}, {"asset_id": "4865985759969354870176744589934627962709868150379818333913024138967257275029", "price": "0.77", "size": "221.73", "side": "SELL", "hash": "15e55c4239bf116369ad85c3172ab30170c93e40", "best_bid": "0.06", "best_ask": "0.08"}], "timestamp": "1769384440624", "event_type": "price_change"}}
{"_local_timestamp": "2026-01-25T23:40:41.108243+00:00", "data": {"market": "0x80db1cb8b044feaa6d6cdd9110754dce3912af0ec0d845a3aeb5864a1ba7de67", "price_changes": [{"asset_id": "4865985759969354870176744589934627962709868150379818333913024138967257275029", "price": "0.05", "size": "2933", "side": "BUY", "hash": "9a7a8e091dfffddebe9c7927b381e1f905bc0af3", "best_bid": "0.06", "best_ask": "0.08"}, {"asset_id": "64475883791632943506049561040308253211063206293893132232978760127150670719189", "price": "0.95", "size": "2933", "side": "SELL", "hash": "3eeac172dbfcfae2cd17afc688d68ec4d7f07f17", "best_bid": "0.92", "best_ask": "0.94"}], "timestamp": "1769384441005", "event_type": "price_change"}}
{"_local_timestamp": "2026-01-25T23:40:41.108846+00:00", "data": {"market": "0x80db1cb8b044feaa6d6cdd9110754dce3912af0ec0d845a3aeb5864a1ba7de67", "price_changes": [{"asset_id": "4865985759969354870176744589934627962709868150379818333913024138967257275029", "price": "0.01", "size": "27374", "side": "BUY", "hash": "6c5fbe50e7000238b4660ecefe5da1e6c5e4c40e", "best_bid": "0.06", "best_ask": "0.08"}, {"asset_id": "64475883791632943506049561040308253211063206293893132232978760127150670719189", "price": "0.99", "size": "27374", "side": "SELL", "hash": "6e597648766671572e96ba7d38042f28c4f120fa", "best_bid": "0.92", "best_ask": "0.94"}], "timestamp": "1769384441007", "event_type": "price_change"}}
{"_local_timestamp": "2026-01-25T23:40:45.097630+00:00", "data": {"market": "0x80db1cb8b044feaa6d6cdd9110754dce3912af0ec0d845a3aeb5864a1ba7de67", "price_changes": [{"asset_id": "4865985759969354870176744589934627962709868150379818333913024138967257275029", "price": "0.04", "size": "1692.26", "side": "BUY", "hash": "21b6373171f32a016ba8c4b329f32f5bcf63cf23", "best_bid": "0.06", "best_ask": "0.08"}, {"asset_id": "64475883791632943506049561040308253211063206293893132232978760127150670719189", "price": "0.96", "size": "1692.26", "side": "SELL", "hash": "cb548f0208d1b4c624d46a77941520068004effd", "best_bid": "0.92", "best_ask": "0.94"}], "timestamp": "1769384445000", "event_type": "price_change"}}
{"_local_timestamp": "2026-01-25T23:40:45.113346+00:00", "data": {"market": "0x80db1cb8b044feaa6d6cdd9110754dce3912af0ec0d845a3aeb5864a1ba7de67", "price_changes": [{"asset_id": "4865985759969354870176744589934627962709868150379818333913024138967257275029", "price": "0.01", "size": "6674", "side": "BUY", "hash": "29146c052f23369a38fa13bc3fb75ed7a3d15d9e", "best_bid": "0.06", "best_ask": "0.08"}, {"asset_id": "64475883791632943506049561040308253211063206293893132232978760127150670719189", "price": "0.99", "size": "6674", "side": "SELL", "hash": "a63b4993c9d827978b4db05bf77b043a2e11ad34", "best_bid": "0.92", "best_ask": "0.94"}], "timestamp": "1769384445004", "event_type": "price_change"}}
{"_local_timestamp": "2026-01-25T23:40:46.861156+00:00", "data": {"market": "0x80db1cb8b044feaa6d6cdd9110754dce3912af0ec0d845a3aeb5864a1ba7de67", "price_changes": [{"asset_id": "64475883791632943506049561040308253211063206293893132232978760127150670719189", "price": "0.29", "size": "1448", "side": "BUY", "hash": "1c7055fb5524e633edbc909329c5f124fec02434", "best_bid": "0.92", "best_ask": "0.94"}, {"asset_id": "4865985759969354870176744589934627962709868150379818333913024138967257275029", "price": "0.71", "size": "1448", "side": "SELL", "hash": "ed5c620f2a760b60e8393aead82462e04677e880", "best_bid": "0.06", "best_ask": "0.08"}], "timestamp": "1769384446789", "event_type": "price_change"}}
{"_local_timestamp": "2026-01-25T23:40:53.716143+00:00", "data": {"market": "0x80db1cb8b044feaa6d6cdd9110754dce3912af0ec0d845a3aeb5864a1ba7de67", "price_changes": [{"asset_id": "4865985759969354870176744589934627962709868150379818333913024138967257275029", "price": "0.01", "size": "31874", "side": "BUY", "hash": "54264caec1fc332b7c9a25dd78df29eac8c553ea", "best_bid": "0.06", "best_ask": "0.08"}, {"asset_id": "64475883791632943506049561040308253211063206293893132232978760127150670719189", "price": "0.99", "size": "31874", "side": "SELL", "hash": "b12575f69506a6c3e5d7f94a06b0583f5ccecfd8", "best_bid": "0.92", "best_ask": "0.94"}], "timestamp": "1769384453635", "event_type": "price_change"}}
{"_local_timestamp": "2026-01-25T23:40:53.716663+00:00", "data": {"market": "0x80db1cb8b044feaa6d6cdd9110754dce3912af0ec0d845a3aeb5864a1ba7de67", "price_changes": [{"asset_id": "4865985759969354870176744589934627962709868150379818333913024138967257275029", "price": "0.03", "size": "4492.53", "side": "BUY", "hash": "eb4e2157518ebff9db597355b4596c15701a2efc", "best_bid": "0.06", "best_ask": "0.08"}, {"asset_id": "64475883791632943506049561040308253211063206293893132232978760127150670719189", "price": "0.97", "size": "4492.53", "side": "SELL", "hash": "79dc30b4db2379e7891a1292b2f7cb5310e9c31f", "best_bid": "0.92", "best_ask": "0.94"}], "timestamp": "1769384453636", "event_type": "price_change"}}
{"_local_timestamp": "2026-01-25T23:40:53.718389+00:00", "data": {"market": "0x80db1cb8b044feaa6d6cdd9110754dce3912af0ec0d845a3aeb5864a1ba7de67", "price_changes": [{"asset_id": "4865985759969354870176744589934627962709868150379818333913024138967257275029", "price": "0.04", "size": "3117.26", "side": "BUY", "hash": "54de9236a5e69fcaf3f42db57adc396b039639f6", "best_bid": "0.06", "best_ask": "0.08"}, {"asset_id": "64475883791632943506049561040308253211063206293893132232978760127150670719189", "price": "0.96", "size": "3117.26", "side": "SELL", "hash": "0072950b6e49bac32b54174c89e28d4a8d57ec29", "best_bid": "0.92", "best_ask": "0.94"}], "timestamp": "1769384453636", "event_type": "price_change"}}
{"_local_timestamp": "2026-01-25T23:41:41.077410+00:00", "data": {"market": "0x80db1cb8b044feaa6d6cdd9110754dce3912af0ec0d845a3aeb5864a1ba7de67", "price_changes": [{"asset_id": "4865985759969354870176744589934627962709868150379818333913024138967257275029", "price": "0.03", "size": "4459.53", "side": "BUY", "hash": "f2ff09dbd3ac619d1ec111b2bf75c9e7f42626cd", "best_bid": "0.06", "best_ask": "0.08"}, {"asset_id": "64475883791632943506049561040308253211063206293893132232978760127150670719189", "price": "0.97", "size": "4459.53", "side": "SELL", "hash": "3be2099a4c4085b3744220ad6fcbf3253cb92ecb", "best_bid": "0.92", "best_ask": "0.94"}], "timestamp": "1769384501000", "event_type": "price_change"}}
{"_local_timestamp": "2026-01-25T23:41:44.282746+00:00", "data": {"market": "0x80db1cb8b044feaa6d6cdd9110754dce3912af0ec0d845a3aeb5864a1ba7de67", "price_changes": [{"asset_id": "4865985759969354870176744589934627962709868150379818333913024138967257275029", "price": "0.03", "size": "4492.53", "side": "BUY", "hash": "308e2fb4b20ed311ee43706d7a2adb32c75aa7be", "best_bid": "0.06", "best_ask": "0.08"}, {"asset_id": "64475883791632943506049561040308253211063206293893132232978760127150670719189", "price": "0.97", "size": "4492.53", "side": "SELL", "hash": "a886237bd5b8a87e75c9fd92980900ed56ad772f", "best_bid": "0.92", "best_ask": "0.94"}], "timestamp": "1769384504217", "event_type": "price_change"}}
{"_local_timestamp": "2026-01-25T23:41:49.487391+00:00", "data": {"market": "0x80db1cb8b044feaa6d6cdd9110754dce3912af0ec0d845a3aeb5864a1ba7de67", "price_changes": [{"asset_id": "64475883791632943506049561040308253211063206293893132232978760127150670719189", "price": "0.28", "size": "242.85", "side": "BUY", "hash": "a5cb631e097cbe76faee0a32d70454b77a66a56a", "best_bid": "0.92", "best_ask": "0.94"}, {"asset_id": "4865985759969354870176744589934627962709868150379818333913024138967257275029", "price": "0.72", "size": "242.85", "side": "SELL", "hash": "888980f7ce5f491aa5004bdd8e46acc175233b05", "best_bid": "0.06", "best_ask": "0.08"}], "timestamp": "1769384509403", "event_type": "price_change"}}
{"_local_timestamp": "2026-01-25T23:41:49.750902+00:00", "data": {"market": "0x80db1cb8b044feaa6d6cdd9110754dce3912af0ec0d845a3aeb5864a1ba7de67", "price_changes": [{"asset_id": "64475883791632943506049561040308253211063206293893132232978760127150670719189", "price": "0.29", "size": "1498", "side": "BUY", "hash": "21af1d14f65d3228e8907a890136bd9ecbea0700", "best_bid": "0.92", "best_ask": "0.94"}, {"asset_id": "4865985759969354870176744589934627962709868150379818333913024138967257275029", "price": "0.71", "size": "1498", "side": "SELL", "hash": "56801d49324a3ff9872ff78b5a3c3363fefa6186", "best_bid": "0.06", "best_ask": "0.08"}], "timestamp": "1769384509664", "event_type": "price_change"}}
{"_local_timestamp": "2026-01-25T23:41:50.964117+00:00", "data": {"market": "0x80db1cb8b044feaa6d6cdd9110754dce3912af0ec0d845a3aeb5864a1ba7de67", "price_changes": [{"asset_id": "64475883791632943506049561040308253211063206293893132232978760127150670719189", "price": "0.28", "size": "142.85", "side": "BUY", "hash": "9217b7b405cea5a05e3d89a447d561e5ad1f5449", "best_bid": "0.92", "best_ask": "0.94"}, {"asset_id": "4865985759969354870176744589934627962709868150379818333913024138967257275029", "price": "0.72", "size": "142.85", "side": "SELL", "hash": "6f342d288359f5a0e6ed083f83e6e2b56324fe1d", "best_bid": "0.06", "best_ask": "0.08"}], "timestamp": "1769384510776", "event_type": "price_change"}}
{"_local_timestamp": "2026-01-25T23:41:52.303666+00:00", "data": {"market": "0x80db1cb8b044feaa6d6cdd9110754dce3912af0ec0d845a3aeb5864a1ba7de67", "price_changes": [{"asset_id": "64475883791632943506049561040308253211063206293893132232978760127150670719189", "price": "0.21", "size": "1200", "side": "BUY", "hash": "f20a3050fa10f58b3f7ea0374e3b31a9b13130d0", "best_bid": "0.92", "best_ask": "0.94"}, {"asset_id": "4865985759969354870176744589934627962709868150379818333913024138967257275029", "price": "0.79", "size": "1200", "side": "SELL", "hash": "0aa03be1a029f3245144d73ae605793ca3b19870", "best_bid": "0.06", "best_ask": "0.08"}], "timestamp": "1769384511723", "event_type": "price_change"}}
{"_local_timestamp": "2026-01-25T23:42:24.750459+00:00", "data": {"market": "0x80db1cb8b044feaa6d6cdd9110754dce3912af0ec0d845a3aeb5864a1ba7de67", "price_changes": [{"asset_id": "64475883791632943506049561040308253211063206293893132232978760127150670719189", "price": "0.23", "size": "171.73", "side": "BUY", "hash": "6212de1c674e71621a126da9612bb1b254323258", "best_bid": "0.92", "best_ask": "0.94"}, {"asset_id": "4865985759969354870176744589934627962709868150379818333913024138967257275029", "price": "0.77", "size": "171.73", "side": "SELL", "hash": "95519b0e883f21810c0abc6b8985bcbad33b160e", "best_bid": "0.06", "best_ask": "0.08"}], "timestamp": "1769384544490", "event_type": "price_change"}}
{"_local_timestamp": "2026-01-25T23:42:25.106463+00:00", "data": {"market": "0x80db1cb8b044feaa6d6cdd9110754dce3912af0ec0d845a3aeb5864a1ba7de67", "price_changes": [{"asset_id": "64475883791632943506049561040308253211063206293893132232978760127150670719189", "price": "0.29", "size": "1548", "side": "BUY", "hash": "4938a93ed868d720033a80f0b71bbee77c36f8ab", "best_bid": "0.92", "best_ask": "0.94"}, {"asset_id": "4865985759969354870176744589934627962709868150379818333913024138967257275029", "price": "0.71", "size": "1548", "side": "SELL", "hash": "23b8497b26c50f9982b181854705347bbe452817", "best_bid": "0.06", "best_ask": "0.08"}], "timestamp": "1769384544907", "event_type": "price_change"}}
{"_local_timestamp": "2026-01-25T23:42:29.672907+00:00", "data": {"market": "0x80db1cb8b044feaa6d6cdd9110754dce3912af0ec0d845a3aeb5864a1ba7de67", "price_changes": [{"asset_id": "4865985759969354870176744589934627962709868150379818333913024138967257275029", "price": "0.02", "size": "2133", "side": "BUY", "hash": "d006c591573eceb4b2609a26c9c04ec0780ee8a5", "best_bid": "0.06", "best_ask": "0.08"}, {"asset_id": "64475883791632943506049561040308253211063206293893132232978760127150670719189", "price": "0.98", "size": "2133", "side": "SELL", "hash": "cc08af974dd21395c39b796804baf22883b88717", "best_bid": "0.92", "best_ask": "0.94"}], "timestamp": "1769384549531", "event_type": "price_change"}}
{"_local_timestamp": "2026-01-25T23:42:29.673482+00:00", "data": {"market": "0x80db1cb8b044feaa6d6cdd9110754dce3912af0ec0d845a3aeb5864a1ba7de67", "price_changes": [{"asset_id": "4865985759969354870176744589934627962709868150379818333913024138967257275029", "price": "0.04", "size": "3105.39", "side": "BUY", "hash": "d006c591573eceb4b2609a26c9c04ec0780ee8a5", "best_bid": "0.06", "best_ask": "0.08"}, {"asset_id": "64475883791632943506049561040308253211063206293893132232978760127150670719189", "price": "0.96", "size": "3105.39", "side": "SELL", "hash": "cc08af974dd21395c39b796804baf22883b88717", "best_bid": "0.92", "best_ask": "0.94"}], "timestamp": "1769384549531", "event_type": "price_change"}}
{"_local_timestamp": "2026-01-25T23:42:30.251837+00:00", "data": {"market": "0x80db1cb8b044feaa6d6cdd9110754dce3912af0ec0d845a3aeb5864a1ba7de67", "price_changes": [{"asset_id": "4865985759969354870176744589934627962709868150379818333913024138967257275029", "price": "0.04", "size": "3117.26", "side": "BUY", "hash": "9318f21ed1da966fb0448831702a67b1bc63eff5", "best_bid": "0.06", "best_ask": "0.08"}, {"asset_id": "64475883791632943506049561040308253211063206293893132232978760127150670719189", "price": "0.96", "size": "3117.26", "side": "SELL", "hash": "2539b5d4aa5181930df1af5440b303ace3880740", "best_bid": "0.92", "best_ask": "0.94"}], "timestamp": "1769384550107", "event_type": "price_change"}}
{"_local_timestamp": "2026-01-25T23:42:30.261959+00:00", "data": {"market": "0x80db1cb8b044feaa6d6cdd9110754dce3912af0ec0d845a3aeb5864a1ba7de67", "price_changes": [{"asset_id": "4865985759969354870176744589934627962709868150379818333913024138967257275029", "price": "0.02", "size": "2146.45", "side": "BUY", "hash": "135c37cd44d670e063b3cd3e21d291568f895135", "best_bid": "0.06", "best_ask": "0.08"}, {"asset_id": "64475883791632943506049561040308253211063206293893132232978760127150670719189", "price": "0.98", "size": "2146.45", "side": "SELL", "hash": "6b7bb3e977983534d234aa7e6809d42f9de6fdc6", "best_bid": "0.92", "best_ask": "0.94"}], "timestamp": "1769384550108", "event_type": "price_change"}}
{"_local_timestamp": "2026-01-25T23:42:45.436318+00:00", "data": {"market": "0x80db1cb8b044feaa6d6cdd9110754dce3912af0ec0d845a3aeb5864a1ba7de67", "price_changes": [{"asset_id": "64475883791632943506049561040308253211063206293893132232978760127150670719189", "price": "0.28", "size": "92.85", "side": "BUY", "hash": "2a2166222e965d545f599e061a9d9959c79b5ff6", "best_bid": "0.92", "best_ask": "0.94"}, {"asset_id": "4865985759969354870176744589934627962709868150379818333913024138967257275029", "price": "0.72", "size": "92.85", "side": "SELL", "hash": "584b617281b96231daa393685a45da1c24234e45", "best_bid": "0.06", "best_ask": "0.08"}], "timestamp": "1769384565218", "event_type": "price_change"}}
{"_local_timestamp": "2026-01-25T23:42:45.437128+00:00", "data": {"market": "0x80db1cb8b044feaa6d6cdd9110754dce3912af0ec0d845a3aeb5864a1ba7de67", "price_changes": [{"asset_id": "64475883791632943506049561040308253211063206293893132232978760127150670719189", "price": "0.23", "size": "121.73", "side": "BUY", "hash": "2a2166222e965d545f599e061a9d9959c79b5ff6", "best_bid": "0.92", "best_ask": "0.94"}, {"asset_id": "4865985759969354870176744589934627962709868150379818333913024138967257275029", "price": "0.77", "size": "121.73", "side": "SELL", "hash": "584b617281b96231daa393685a45da1c24234e45", "best_bid": "0.06", "best_ask": "0.08"}], "timestamp": "1769384565218", "event_type": "price_change"}}
{"_local_timestamp": "2026-01-25T23:42:45.714333+00:00", "data": {"market": "0x80db1cb8b044feaa6d6cdd9110754dce3912af0ec0d845a3aeb5864a1ba7de67", "price_changes": [{"asset_id": "64475883791632943506049561040308253211063206293893132232978760127150670719189", "price": "0.21", "size": "1250", "side": "BUY", "hash": "a1432f3657a563fedb48416df365b600bb367b36", "best_bid": "0.92", "best_ask": "0.94"}, {"asset_id": "4865985759969354870176744589934627962709868150379818333913024138967257275029", "price": "0.79", "size": "1250", "side": "SELL", "hash": "9aac5a9954e605f9ba00c7e3fe51f0c11e630048", "best_bid": "0.06", "best_ask": "0.08"}], "timestamp": "1769384565584", "event_type": "price_change"}}
{"_local_timestamp": "2026-01-25T23:42:45.718878+00:00", "data": {"market": "0x80db1cb8b044feaa6d6cdd9110754dce3912af0ec0d845a3aeb5864a1ba7de67", "price_changes": [{"asset_id": "64475883791632943506049561040308253211063206293893132232978760127150670719189", "price": "0.29", "size": "1598", "side": "BUY", "hash": "305d04717114e74ea7879ab748f1c86f35f7ffab", "best_bid": "0.92", "best_ask": "0.94"}, {"asset_id": "4865985759969354870176744589934627962709868150379818333913024138967257275029", "price": "0.71", "size": "1598", "side": "SELL", "hash": "10f64b869923e5737d181f3511e9f781c525381d", "best_bid": "0.06", "best_ask": "0.08"}], "timestamp": "1769384565585", "event_type": "price_change"}}
{"_local_timestamp": "2026-01-25T23:42:47.275383+00:00", "data": {"market": "0x80db1cb8b044feaa6d6cdd9110754dce3912af0ec0d845a3aeb5864a1ba7de67", "price_changes": [{"asset_id": "64475883791632943506049561040308253211063206293893132232978760127150670719189", "price": "0.29", "size": "150", "side": "BUY", "hash": "3fd3036e0c6677b4bb58439536695d7e46e061d9", "best_bid": "0.92", "best_ask": "0.94"}, {"asset_id": "4865985759969354870176744589934627962709868150379818333913024138967257275029", "price": "0.71", "size": "150", "side": "SELL", "hash": "cd7e5c80089d531dc1d6b7d04a100df428b00389", "best_bid": "0.06", "best_ask": "0.08"}], "timestamp": "1769384566994", "event_type": "price_change"}}
{"_local_timestamp": "2026-01-25T23:43:41.639158+00:00", "data": {"market": "0x80db1cb8b044feaa6d6cdd9110754dce3912af0ec0d845a3aeb5864a1ba7de67", "price_changes": [{"asset_id": "64475883791632943506049561040308253211063206293893132232978760127150670719189", "price": "0.24", "size": "1748", "side": "BUY", "hash": "355454ffdfb94c176a15e96bc995c6589416f0b3", "best_bid": "0.92", "best_ask": "0.94"}, {"asset_id": "4865985759969354870176744589934627962709868150379818333913024138967257275029", "price": "0.76", "size": "1748", "side": "SELL", "hash": "9c4b7ddada63d92a725473c313ea3bd834c19a2a", "best_bid": "0.06", "best_ask": "0.08"}], "timestamp": "1769384621567", "event_type": "price_change"}}
{"_local_timestamp": "2026-01-25T23:44:18.010293+00:00", "data": {"market": "0x80db1cb8b044feaa6d6cdd9110754dce3912af0ec0d845a3aeb5864a1ba7de67", "price_changes": [{"asset_id": "64475883791632943506049561040308253211063206293893132232978760127150670719189", "price": "0.21", "size": "1150", "side": "BUY", "hash": "e537d8509ca8a4baa75fc9b5658fac3726b5e6f6", "best_bid": "0.92", "best_ask": "0.94"}, {"asset_id": "4865985759969354870176744589934627962709868150379818333913024138967257275029", "price": "0.79", "size": "1150", "side": "SELL", "hash": "59d1455c3a5b2a104331b9b6ab6b5eb0ee724efc", "best_bid": "0.06", "best_ask": "0.08"}], "timestamp": "1769384657925", "event_type": "price_change"}}
{"_local_timestamp": "2026-01-25T23:44:18.285354+00:00", "data": {"market": "0x80db1cb8b044feaa6d6cdd9110754dce3912af0ec0d845a3aeb5864a1ba7de67", "price_changes": [{"asset_id": "64475883791632943506049561040308253211063206293893132232978760127150670719189", "price": "0.24", "size": "1848", "side": "BUY", "hash": "41b37fc728ef7ea3d8aa4efe8647ef187840b393", "best_bid": "0.92", "best_ask": "0.94"}, {"asset_id": "4865985759969354870176744589934627962709868150379818333913024138967257275029", "price": "0.76", "size": "1848", "side": "SELL", "hash": "519a06b36ffcb41acc1678086c511616b7d1a676", "best_bid": "0.06", "best_ask": "0.08"}], "timestamp": "1769384658186", "event_type": "price_change"}}
{"_local_timestamp": "2026-01-25T23:44:20.955595+00:00", "data": {"market": "0x80db1cb8b044feaa6d6cdd9110754dce3912af0ec0d845a3aeb5864a1ba7de67", "price_changes": [{"asset_id": "64475883791632943506049561040308253211063206293893132232978760127150670719189", "price": "0.21", "size": "1050", "side": "BUY", "hash": "734ad493712e439c5365de7604b7d20814e60ab7", "best_bid": "0.92", "best_ask": "0.94"}, {"asset_id": "4865985759969354870176744589934627962709868150379818333913024138967257275029", "price": "0.79", "size": "1050", "side": "SELL", "hash": "f1a3f05cbe6db6ce5299cfa49d2ba7f944205871", "best_bid": "0.06", "best_ask": "0.08"}], "timestamp": "1769384660491", "event_type": "price_change"}}
{"_local_timestamp": "2026-01-25T23:44:21.494816+00:00", "data": {"market": "0x80db1cb8b044feaa6d6cdd9110754dce3912af0ec0d845a3aeb5864a1ba7de67", "price_changes": [{"asset_id": "64475883791632943506049561040308253211063206293893132232978760127150670719189", "price": "0.29", "size": "250", "side": "BUY", "hash": "b1ef822c31785c08ae8f1694934c10fb46fbc7da", "best_bid": "0.92", "best_ask": "0.94"}, {"asset_id": "4865985759969354870176744589934627962709868150379818333913024138967257275029", "price": "0.71", "size": "250", "side": "SELL", "hash": "b6d1149f536d62f3e10a3eeada5f0fdc4e733954", "best_bid": "0.06", "best_ask": "0.08"}], "timestamp": "1769384660909", "event_type": "price_change"}}
{"_local_timestamp": "2026-01-25T23:44:57.043063+00:00", "data": {"market": "0x80db1cb8b044feaa6d6cdd9110754dce3912af0ec0d845a3aeb5864a1ba7de67", "price_changes": [{"asset_id": "4865985759969354870176744589934627962709868150379818333913024138967257275029", "price": "0.04", "size": "2917.26", "side": "BUY", "hash": "3868283ff3129d60fa93d07a623fb5db9cfbc066", "best_bid": "0.06", "best_ask": "0.08"}, {"asset_id": "64475883791632943506049561040308253211063206293893132232978760127150670719189", "price": "0.96", "size": "2917.26", "side": "SELL", "hash": "8291adde1dd0ae5a3ba06ce8328d8a1e86234c36", "best_bid": "0.92", "best_ask": "0.94"}], "timestamp": "1769384696917", "event_type": "price_change"}}
{"_local_timestamp": "2026-01-25T23:44:57.050520+00:00", "data": {"market": "0x80db1cb8b044feaa6d6cdd9110754dce3912af0ec0d845a3aeb5864a1ba7de67", "price_changes": [{"asset_id": "64475883791632943506049561040308253211063206293893132232978760127150670719189", "price": "0.9", "size": "1961.1", "side": "BUY", "hash": "5115e2c6dc79a534592ffcf2a97028119232f7fc", "best_bid": "0.92", "best_ask": "0.94"}, {"asset_id": "4865985759969354870176744589934627962709868150379818333913024138967257275029", "price": "0.1", "size": "1961.1", "side": "SELL", "hash": "516be26f5ea674a767324fdae2d1669c7ec6c4cd", "best_bid": "0.06", "best_ask": "0.08"}], "timestamp": "1769384696921", "event_type": "price_change"}}
{"_local_timestamp": "2026-01-25T23:45:12.585392+00:00", "data": {"market": "0x80db1cb8b044feaa6d6cdd9110754dce3912af0ec0d845a3aeb5864a1ba7de67", "price_changes": [{"asset_id": "4865985759969354870176744589934627962709868150379818333913024138967257275029", "price": "0.04", "size": "3117.26", "side": "BUY", "hash": "91c45a11ad04d133f12b5f0473aaad5f5ddf29f8", "best_bid": "0.06", "best_ask": "0.08"}, {"asset_id": "64475883791632943506049561040308253211063206293893132232978760127150670719189", "price": "0.96", "size": "3117.26", "side": "SELL", "hash": "fdf88723f1fe64303e7d28a468dc0002403a13d5", "best_bid": "0.92", "best_ask": "0.94"}], "timestamp": "1769384712510", "event_type": "price_change"}}
{"_local_timestamp": "2026-01-25T23:45:16.167945+00:00", "data": {"market": "0x80db1cb8b044feaa6d6cdd9110754dce3912af0ec0d845a3aeb5864a1ba7de67", "price_changes": [{"asset_id": "64475883791632943506049561040308253211063206293893132232978760127150670719189", "price": "0.9", "size": "2161.1", "side": "BUY", "hash": "f31db8a76a1bdb9fb72cf5211cbd49b72c30842f", "best_bid": "0.92", "best_ask": "0.94"}, {"asset_id": "4865985759969354870176744589934627962709868150379818333913024138967257275029", "price": "0.1", "size": "2161.1", "side": "SELL", "hash": "d5ae1969bac36aadf1e53e983ddac8b387e09899", "best_bid": "0.06", "best_ask": "0.08"}], "timestamp": "1769384716088", "event_type": "price_change"}}
{"_local_timestamp": "2026-01-25T23:45:20.090147+00:00", "data": {"market": "0x80db1cb8b044feaa6d6cdd9110754dce3912af0ec0d845a3aeb5864a1ba7de67", "price_changes": [{"asset_id": "4865985759969354870176744589934627962709868150379818333913024138967257275029", "price": "0.01", "size": "31774", "side": "BUY", "hash": "3f9de85dab1751a0c816d9b32e8ebff6897473a1", "best_bid": "0.06", "best_ask": "0.08"}, {"asset_id": "64475883791632943506049561040308253211063206293893132232978760127150670719189", "price": "0.99", "size": "31774", "side": "SELL", "hash": "59eed022029e06b8c8b29e2152e19dc81cd2d3f8", "best_bid": "0.92", "best_ask": "0.94"}], "timestamp": "1769384720000", "event_type": "price_change"}}
{"_local_timestamp": "2026-01-25T23:45:20.098668+00:00", "data": {"market": "0x80db1cb8b044feaa6d6cdd9110754dce3912af0ec0d845a3aeb5864a1ba7de67", "price_changes": [{"asset_id": "4865985759969354870176744589934627962709868150379818333913024138967257275029", "price": "0.03", "size": "1095.53", "side": "BUY", "hash": "42905b11d0ea19addf8191d9be7761ed913b16ec", "best_bid": "0.06", "best_ask": "0.08"}, {"asset_id": "64475883791632943506049561040308253211063206293893132232978760127150670719189", "price": "0.97", "size": "1095.53", "side": "SELL", "hash": "344cd5015e2b1ae12553b027e8a6779ba9b0abf7", "best_bid": "0.92", "best_ask": "0.94"}], "timestamp": "1769384720002", "event_type": "price_change"}}
{"_local_timestamp": "2026-01-25T23:45:20.099152+00:00", "data": {"market": "0x80db1cb8b044feaa6d6cdd9110754dce3912af0ec0d845a3aeb5864a1ba7de67", "price_changes": [{"asset_id": "4865985759969354870176744589934627962709868150379818333913024138967257275029", "price": "0.04", "size": "2942.26", "side": "BUY", "hash": "7fc854de56e45e00bae80da78d1e765dd8f05f35", "best_bid": "0.06", "best_ask": "0.08"}, {"asset_id": "64475883791632943506049561040308253211063206293893132232978760127150670719189", "price": "0.96", "size": "2942.26", "side": "SELL", "hash": "0ffbf93c46f667008a6e3771855284257105e033", "best_bid": "0.92", "best_ask": "0.94"}], "timestamp": "1769384720003", "event_type": "price_change"}}
{"_local_timestamp": "2026-01-25T23:45:53.273100+00:00", "data": {"market": "0x80db1cb8b044feaa6d6cdd9110754dce3912af0ec0d845a3aeb5864a1ba7de67", "price_changes": [{"asset_id": "64475883791632943506049561040308253211063206293893132232978760127150670719189", "price": "0.29", "size": "200", "side": "BUY", "hash": "c6af3fad54ac96d7a33a15c4e8cc3e000cab7d0c", "best_bid": "0.92", "best_ask": "0.94"}, {"asset_id": "4865985759969354870176744589934627962709868150379818333913024138967257275029", "price": "0.71", "size": "200", "side": "SELL", "hash": "bf4f2402bbc3a86408576d3828da2a79761dcd6f", "best_bid": "0.06", "best_ask": "0.08"}], "timestamp": "1769384753029", "event_type": "price_change"}}
{"_local_timestamp": "2026-01-25T23:45:53.606144+00:00", "data": {"market": "0x80db1cb8b044feaa6d6cdd9110754dce3912af0ec0d845a3aeb5864a1ba7de67", "price_changes": [{"asset_id": "64475883791632943506049561040308253211063206293893132232978760127150670719189", "price": "0.24", "size": "1898", "side": "BUY", "hash": "7d195158fbb407aee5b74cefdf0a92af63398abc", "best_bid": "0.92", "best_ask": "0.94"}, {"asset_id": "4865985759969354870176744589934627962709868150379818333913024138967257275029", "price": "0.76", "size": "1898", "side": "SELL", "hash": "ba9ff354578f7318516e9df6d0f0b6edb45f368e", "best_bid": "0.06", "best_ask": "0.08"}], "timestamp": "1769384753507", "event_type": "price_change"}}
{"_local_timestamp": "2026-01-25T23:46:07.467549+00:00", "data": {"market": "0x80db1cb8b044feaa6d6cdd9110754dce3912af0ec0d845a3aeb5864a1ba7de67", "price_changes": [{"asset_id": "4865985759969354870176744589934627962709868150379818333913024138967257275029", "price": "0.04", "size": "3117.26", "side": "BUY", "hash": "68d3d9e323f2adb180caf1a8817ea5f5ba160f3f", "best_bid": "0.06", "best_ask": "0.08"}, {"asset_id": "64475883791632943506049561040308253211063206293893132232978760127150670719189", "price": "0.96", "size": "3117.26", "side": "SELL", "hash": "9c26d976932b95f04a9e91eb31d3b0c21d7ac7b5", "best_bid": "0.92", "best_ask": "0.94"}], "timestamp": "1769384767349", "event_type": "price_change"}}
{"_local_timestamp": "2026-01-25T23:46:07.468167+00:00", "data": {"market": "0x80db1cb8b044feaa6d6cdd9110754dce3912af0ec0d845a3aeb5864a1ba7de67", "price_changes": [{"asset_id": "4865985759969354870176744589934627962709868150379818333913024138967257275029", "price": "0.01", "size": "31874", "side": "BUY", "hash": "09eccc04d300986f4f0648c4e677f46043a26292", "best_bid": "0.06", "best_ask": "0.08"}, {"asset_id": "64475883791632943506049561040308253211063206293893132232978760127150670719189", "price": "0.99", "size": "31874", "side": "SELL", "hash": "911b79a07cb80af6fabb502adf0014636f79a2a2", "best_bid": "0.92", "best_ask": "0.94"}], "timestamp": "1769384767349", "event_type": "price_change"}}
{"_local_timestamp": "2026-01-25T23:46:07.468663+00:00", "data": {"market": "0x80db1cb8b044feaa6d6cdd9110754dce3912af0ec0d845a3aeb5864a1ba7de67", "price_changes": [{"asset_id": "4865985759969354870176744589934627962709868150379818333913024138967257275029", "price": "0.03", "size": "4492.53", "side": "BUY", "hash": "9c4c4b02d395c77457ae3ced3ec33eecea313b2c", "best_bid": "0.06", "best_ask": "0.08"}, {"asset_id": "64475883791632943506049561040308253211063206293893132232978760127150670719189", "price": "0.97", "size": "4492.53", "side": "SELL", "hash": "b9fe0dd7b89bf985f988552480f7cc238e7e7ed3", "best_bid": "0.92", "best_ask": "0.94"}], "timestamp": "1769384767350", "event_type": "price_change"}}
{"_local_timestamp": "2026-01-25T23:46:10.564366+00:00", "data": {"market": "0x80db1cb8b044feaa6d6cdd9110754dce3912af0ec0d845a3aeb5864a1ba7de67", "price_changes": [{"asset_id": "64475883791632943506049561040308253211063206293893132232978760127150670719189", "price": "0.24", "size": "150", "side": "BUY", "hash": "7a6d0b642d8afeb4499fd667ce2f2ca20626f4cd", "best_bid": "0.92", "best_ask": "0.94"}, {"asset_id": "4865985759969354870176744589934627962709868150379818333913024138967257275029", "price": "0.76", "size": "150", "side": "SELL", "hash": "0f502c77ce41695c97fa8efd1888cdafc51a23d9", "best_bid": "0.06", "best_ask": "0.08"}], "timestamp": "1769384770461", "event_type": "price_change"}}
{"_local_timestamp": "2026-01-25T23:46:24.578641+00:00", "data": {"market": "0x80db1cb8b044feaa6d6cdd9110754dce3912af0ec0d845a3aeb5864a1ba7de67", "price_changes": [{"asset_id": "4865985759969354870176744589934627962709868150379818333913024138967257275029", "price": "0.02", "size": "2133", "side": "BUY", "hash": "508a2de6de59d39bf021836fe423010db044d2bb", "best_bid": "0.06", "best_ask": "0.08"}, {"asset_id": "64475883791632943506049561040308253211063206293893132232978760127150670719189", "price": "0.98", "size": "2133", "side": "SELL", "hash": "ccef1fd3cf221f0802dd9bb5420c13d6d9764f90", "best_bid": "0.92", "best_ask": "0.94"}], "timestamp": "1769384784508", "event_type": "price_change"}}
{"_local_timestamp": "2026-01-25T23:46:24.579265+00:00", "data": {"market": "0x80db1cb8b044feaa6d6cdd9110754dce3912af0ec0d845a3aeb5864a1ba7de67", "price_changes": [{"asset_id": "4865985759969354870176744589934627962709868150379818333913024138967257275029", "price": "0.04", "size": "3105.39", "side": "BUY", "hash": "508a2de6de59d39bf021836fe423010db044d2bb", "best_bid": "0.06", "best_ask": "0.08"}, {"asset_id": "64475883791632943506049561040308253211063206293893132232978760127150670719189", "price": "0.96", "size": "3105.39", "side": "SELL", "hash": "ccef1fd3cf221f0802dd9bb5420c13d6d9764f90", "best_bid": "0.92", "best_ask": "0.94"}], "timestamp": "1769384784508", "event_type": "price_change"}}
{"_local_timestamp": "2026-01-25T23:46:25.010135+00:00", "data": {"market": "0x80db1cb8b044feaa6d6cdd9110754dce3912af0ec0d845a3aeb5864a1ba7de67", "price_changes": [{"asset_id": "4865985759969354870176744589934627962709868150379818333913024138967257275029", "price": "0.02", "size": "2146.45", "side": "BUY", "hash": "f76b592983a2bda77f7a55fb5f571351213b5877", "best_bid": "0.06", "best_ask": "0.08"}, {"asset_id": "64475883791632943506049561040308253211063206293893132232978760127150670719189", "price": "0.98", "size": "2146.45", "side": "SELL", "hash": "d6641369bb50daef75b11ebfb31a40a474233316", "best_bid": "0.92", "best_ask": "0.94"}], "timestamp": "1769384784939", "event_type": "price_change"}}
{"_local_timestamp": "2026-01-25T23:46:25.010728+00:00", "data": {"market": "0x80db1cb8b044feaa6d6cdd9110754dce3912af0ec0d845a3aeb5864a1ba7de67", "price_changes": [{"asset_id": "4865985759969354870176744589934627962709868150379818333913024138967257275029", "price": "0.04", "size": "3117.26", "side": "BUY", "hash": "29c95b4a2d71638a26b3e8c7d43bfd47aef77188", "best_bid": "0.06", "best_ask": "0.08"}, {"asset_id": "64475883791632943506049561040308253211063206293893132232978760127150670719189", "price": "0.96", "size": "3117.26", "side": "SELL", "hash": "2aad67c6b715495a98045c7c70fbcefc0eb1d4ed", "best_bid": "0.92", "best_ask": "0.94"}], "timestamp": "1769384784940", "event_type": "price_change"}}
{"_local_timestamp": "2026-01-25T23:46:41.556316+00:00", "data": {"market": "0x80db1cb8b044feaa6d6cdd9110754dce3912af0ec0d845a3aeb5864a1ba7de67", "price_changes": [{"asset_id": "64475883791632943506049561040308253211063206293893132232978760127150670719189", "price": "0.25", "size": "1680", "side": "BUY", "hash": "e82a17853615b758240e245519c07a6b276be70d", "best_bid": "0.92", "best_ask": "0.94"}, {"asset_id": "4865985759969354870176744589934627962709868150379818333913024138967257275029", "price": "0.75", "size": "1680", "side": "SELL", "hash": "dfbb120af5159eec5bbd786e7fbb32a4a8b4fc03", "best_bid": "0.06", "best_ask": "0.08"}], "timestamp": "1769384801478", "event_type": "price_change"}}
{"_local_timestamp": "2026-01-25T23:46:50.986817+00:00", "data": {"market": "0x80db1cb8b044feaa6d6cdd9110754dce3912af0ec0d845a3aeb5864a1ba7de67", "price_changes": [{"asset_id": "64475883791632943506049561040308253211063206293893132232978760127150670719189", "price": "0.29", "size": "100", "side": "BUY", "hash": "b076d5f1c2df6d584ce4a4c20413a017f163118b", "best_bid": "0.92", "best_ask": "0.94"}, {"asset_id": "4865985759969354870176744589934627962709868150379818333913024138967257275029", "price": "0.71", "size": "100", "side": "SELL", "hash": "b806a82cd622986c23ca17635f2429c932158ade", "best_bid": "0.06", "best_ask": "0.08"}], "timestamp": "1769384810674", "event_type": "price_change"}}
{"_local_timestamp": "2026-01-25T23:46:51.558329+00:00", "data": {"market": "0x80db1cb8b044feaa6d6cdd9110754dce3912af0ec0d845a3aeb5864a1ba7de67", "price_changes": [{"asset_id": "64475883791632943506049561040308253211063206293893132232978760127150670719189", "price": "0.24", "size": "250", "side": "BUY", "hash": "611db1ed121785ef25408f49388ba268e059fa82", "best_bid": "0.92", "best_ask": "0.94"}, {"asset_id": "4865985759969354870176744589934627962709868150379818333913024138967257275029", "price": "0.76", "size": "250", "side": "SELL", "hash": "369dec966e0a7c780bfd44b8441ba9c7c1e7b909", "best_bid": "0.06", "best_ask": "0.08"}], "timestamp": "1769384811206", "event_type": "price_change"}}
{"_local_timestamp": "2026-01-25T23:46:58.921050+00:00", "data": {"market": "0x80db1cb8b044feaa6d6cdd9110754dce3912af0ec0d845a3aeb5864a1ba7de67", "price_changes": [{"asset_id": "64475883791632943506049561040308253211063206293893132232978760127150670719189", "price": "0.24", "size": "150", "side": "BUY", "hash": "1dbcef57ffe80504927e83ffd14334953e8866dd", "best_bid": "0.92", "best_ask": "0.94"}, {"asset_id": "4865985759969354870176744589934627962709868150379818333913024138967257275029", "price": "0.76", "size": "150", "side": "SELL", "hash": "0a76675bc88bab4203336edd7438d82ae5b24438", "best_bid": "0.06", "best_ask": "0.08"}], "timestamp": "1769384818847", "event_type": "price_change"}}
{"_local_timestamp": "2026-01-25T23:46:59.284844+00:00", "data": {"market": "0x80db1cb8b044feaa6d6cdd9110754dce3912af0ec0d845a3aeb5864a1ba7de67", "price_changes": [{"asset_id": "64475883791632943506049561040308253211063206293893132232978760127150670719189", "price": "0.21", "size": "1150", "side": "BUY", "hash": "06b50cd0eda74f6c8539b5964dfc8d5235fca03f", "best_bid": "0.92", "best_ask": "0.94"}, {"asset_id": "4865985759969354870176744589934627962709868150379818333913024138967257275029", "price": "0.79", "size": "1150", "side": "SELL", "hash": "f1eedc6a833580b71ad54da902bb7d72106a956f", "best_bid": "0.06", "best_ask": "0.08"}], "timestamp": "1769384819139", "event_type": "price_change"}}
{"_local_timestamp": "2026-01-25T23:47:23.606299+00:00", "data": {"market": "0x80db1cb8b044feaa6d6cdd9110754dce3912af0ec0d845a3aeb5864a1ba7de67", "price_changes": [{"asset_id": "64475883791632943506049561040308253211063206293893132232978760127150670719189", "price": "0.21", "size": "1100", "side": "BUY", "hash": "725271ae025f10db15682aebbabe83a1cbb3b996", "best_bid": "0.92", "best_ask": "0.94"}, {"asset_id": "4865985759969354870176744589934627962709868150379818333913024138967257275029", "price": "0.79", "size": "1100", "side": "SELL", "hash": "a5d15805783acca61a1bcc2284d97f494cd56a3d", "best_bid": "0.06", "best_ask": "0.08"}], "timestamp": "1769384843414", "event_type": "price_change"}}
{"_local_timestamp": "2026-01-25T23:47:23.969501+00:00", "data": {"market": "0x80db1cb8b044feaa6d6cdd9110754dce3912af0ec0d845a3aeb5864a1ba7de67", "price_changes": [{"asset_id": "64475883791632943506049561040308253211063206293893132232978760127150670719189", "price": "0.24", "size": "200", "side": "BUY", "hash": "7b8ec8dfbfb2b8350e5ae8ea4dc3915b471200a5", "best_bid": "0.92", "best_ask": "0.94"}, {"asset_id": "4865985759969354870176744589934627962709868150379818333913024138967257275029", "price": "0.76", "size": "200", "side": "SELL", "hash": "078ba99b89488ad1290519329418402bc0da50be", "best_bid": "0.06", "best_ask": "0.08"}], "timestamp": "1769384843836", "event_type": "price_change"}}
{"_local_timestamp": "2026-01-25T23:47:37.406583+00:00", "data": {"market": "0x80db1cb8b044feaa6d6cdd9110754dce3912af0ec0d845a3aeb5864a1ba7de67", "price_changes": [{"asset_id": "64475883791632943506049561040308253211063206293893132232978760127150670719189", "price": "0.29", "size": "50", "side": "BUY", "hash": "284e99e2a6824a589f30d99a9ddb10de48a9152d", "best_bid": "0.92", "best_ask": "0.94"}, {"asset_id": "4865985759969354870176744589934627962709868150379818333913024138967257275029", "price": "0.71", "size": "50", "side": "SELL", "hash": "2f9a6b264e9b141bf251f48683d5286e713a7d17", "best_bid": "0.06", "best_ask": "0.08"}], "timestamp": "1769384857299", "event_type": "price_change"}}
{"_local_timestamp": "2026-01-25T23:47:37.407203+00:00", "data": {"market": "0x80db1cb8b044feaa6d6cdd9110754dce3912af0ec0d845a3aeb5864a1ba7de67", "price_changes": [{"asset_id": "64475883791632943506049561040308253211063206293893132232978760127150670719189", "price": "0.21", "size": "1000", "side": "BUY", "hash": "284e99e2a6824a589f30d99a9ddb10de48a9152d", "best_bid": "0.92", "best_ask": "0.94"}, {"asset_id": "4865985759969354870176744589934627962709868150379818333913024138967257275029", "price": "0.79", "size": "1000", "side": "SELL", "hash": "2f9a6b264e9b141bf251f48683d5286e713a7d17", "best_bid": "0.06", "best_ask": "0.08"}], "timestamp": "1769384857299", "event_type": "price_change"}}
{"_local_timestamp": "2026-01-25T23:47:37.964329+00:00", "data": {"market": "0x80db1cb8b044feaa6d6cdd9110754dce3912af0ec0d845a3aeb5864a1ba7de67", "price_changes": [{"asset_id": "64475883791632943506049561040308253211063206293893132232978760127150670719189", "price": "0.28", "size": "142.85", "side": "BUY", "hash": "252f28e74d13236158c6acea5a7a2d077187b15d", "best_bid": "0.92", "best_ask": "0.94"}, {"asset_id": "4865985759969354870176744589934627962709868150379818333913024138967257275029", "price": "0.72", "size": "142.85", "side": "SELL", "hash": "4c6fed72b48c2714007ca53d69dc8d1464e33269", "best_bid": "0.06", "best_ask": "0.08"}], "timestamp": "1769384857608", "event_type": "price_change"}}
{"_local_timestamp": "2026-01-25T23:47:37.985139+00:00", "data": {"market": "0x80db1cb8b044feaa6d6cdd9110754dce3912af0ec0d845a3aeb5864a1ba7de67", "price_changes": [{"asset_id": "64475883791632943506049561040308253211063206293893132232978760127150670719189", "price": "0.25", "size": "1780", "side": "BUY", "hash": "88941cec4c10eb2339afcaa161df63f951295ede", "best_bid": "0.92", "best_ask": "0.94"}, {"asset_id": "4865985759969354870176744589934627962709868150379818333913024138967257275029", "price": "0.75", "size": "1780", "side": "SELL", "hash": "eb5730f9577518d0bca840ad7b78f68a15427dd6", "best_bid": "0.06", "best_ask": "0.08"}], "timestamp": "1769384857679", "event_type": "price_change"}}
{"_local_timestamp": "2026-01-25T23:48:26.904620+00:00", "data": {"market": "0x80db1cb8b044feaa6d6cdd9110754dce3912af0ec0d845a3aeb5864a1ba7de67", "price_changes": [{"asset_id": "64475883791632943506049561040308253211063206293893132232978760127150670719189", "price": "0.47", "size": "60", "side": "BUY", "hash": "e744419632c8a007a99e30dd4c261303761b6e3f", "best_bid": "0.92", "best_ask": "0.94"}, {"asset_id": "4865985759969354870176744589934627962709868150379818333913024138967257275029", "price": "0.53", "size": "60", "side": "SELL", "hash": "f1605178a52a79e954af50b61b4c779ed432fc5c", "best_bid": "0.06", "best_ask": "0.08"}], "timestamp": "1769384906839", "event_type": "price_change"}}
{"_local_timestamp": "2026-01-25T23:48:27.103701+00:00", "data": {"market": "0x80db1cb8b044feaa6d6cdd9110754dce3912af0ec0d845a3aeb5864a1ba7de67", "price_changes": [{"asset_id": "64475883791632943506049561040308253211063206293893132232978760127150670719189", "price": "0.47", "size": "3529", "side": "BUY", "hash": "6f7ac6d8a725c0a087d40d4bd05b89c364ac5520", "best_bid": "0.92", "best_ask": "0.94"}, {"asset_id": "4865985759969354870176744589934627962709868150379818333913024138967257275029", "price": "0.53", "size": "3529", "side": "SELL", "hash": "facf3946ed8dbdd8b0f9a5484d8832a0339299a6", "best_bid": "0.06", "best_ask": "0.08"}], "timestamp": "1769384907007", "event_type": "price_change"}}
{"_local_timestamp": "2026-01-25T23:48:38.108875+00:00", "data": {"market": "0x80db1cb8b044feaa6d6cdd9110754dce3912af0ec0d845a3aeb5864a1ba7de67", "price_changes": [{"asset_id": "4865985759969354870176744589934627962709868150379818333913024138967257275029", "price": "0.05", "size": "2533", "side": "BUY", "hash": "c88e4a4407f320cad4f94af81f73ff48d2a3e9bf", "best_bid": "0.06", "best_ask": "0.08"}, {"asset_id": "64475883791632943506049561040308253211063206293893132232978760127150670719189", "price": "0.95", "size": "2533", "side": "SELL", "hash": "29cd5416d6cb17e1529daef6c08f91b80ebe3900", "best_bid": "0.92", "best_ask": "0.94"}], "timestamp": "1769384918000", "event_type": "price_change"}}
{"_local_timestamp": "2026-01-25T23:48:38.111420+00:00", "data": {"market": "0x80db1cb8b044feaa6d6cdd9110754dce3912af0ec0d845a3aeb5864a1ba7de67", "price_changes": [{"asset_id": "4865985759969354870176744589934627962709868150379818333913024138967257275029", "price": "0.1", "size": "1761.1", "side": "SELL", "hash": "5e9ae1fb493a5d846591768d16494f6e1b004dfb", "best_bid": "0.06", "best_ask": "0.08"}, {"asset_id": "64475883791632943506049561040308253211063206293893132232978760127150670719189", "price": "0.9", "size": "1761.1", "side": "BUY", "hash": "44b056a395ae0d428ec8d3ca02d9da44ed7a1663", "best_bid": "0.92", "best_ask": "0.94"}], "timestamp": "1769384918001", "event_type": "price_change"}}
{"_local_timestamp": "2026-01-25T23:48:46.416665+00:00", "data": {"market": "0x80db1cb8b044feaa6d6cdd9110754dce3912af0ec0d845a3aeb5864a1ba7de67", "price_changes": [{"asset_id": "4865985759969354870176744589934627962709868150379818333913024138967257275029", "price": "0.1", "size": "2161.1", "side": "SELL", "hash": "965db5969ec7604f932f720e24ad000a70c8f312", "best_bid": "0.06", "best_ask": "0.08"}, {"asset_id": "64475883791632943506049561040308253211063206293893132232978760127150670719189", "price": "0.9", "size": "2161.1", "side": "BUY", "hash": "15bdf9d9b28005ee0aa0b5338edba375154cad42", "best_bid": "0.92", "best_ask": "0.94"}], "timestamp": "1769384926348", "event_type": "price_change"}}
{"_local_timestamp": "2026-01-25T23:48:46.417353+00:00", "data": {"market": "0x80db1cb8b044feaa6d6cdd9110754dce3912af0ec0d845a3aeb5864a1ba7de67", "price_changes": [{"asset_id": "4865985759969354870176744589934627962709868150379818333913024138967257275029", "price": "0.05", "size": "2933", "side": "BUY", "hash": "b71f38b4f76cf170f76651a7c312a730145ab655", "best_bid": "0.06", "best_ask": "0.08"}, {"asset_id": "64475883791632943506049561040308253211063206293893132232978760127150670719189", "price": "0.95", "size": "2933", "side": "SELL", "hash": "4f3b32b9d851faf20dc78a4c8ccd29f52943a914", "best_bid": "0.92", "best_ask": "0.94"}], "timestamp": "1769384926349", "event_type": "price_change"}}
{"_local_timestamp": "2026-01-25T23:49:25.526385+00:00", "data": {"market": "0x80db1cb8b044feaa6d6cdd9110754dce3912af0ec0d845a3aeb5864a1ba7de67", "price_changes": [{"asset_id": "64475883791632943506049561040308253211063206293893132232978760127150670719189", "price": "0.24", "size": "150", "side": "BUY", "hash": "f0416605430ebd698f6337cbbea27914174d58ed", "best_bid": "0.92", "best_ask": "0.94"}, {"asset_id": "4865985759969354870176744589934627962709868150379818333913024138967257275029", "price": "0.76", "size": "150", "side": "SELL", "hash": "ddf58b4b6d6454d23cdb013756e24a9c4523a0ab", "best_bid": "0.06", "best_ask": "0.08"}], "timestamp": "1769384965303", "event_type": "price_change"}}
{"_local_timestamp": "2026-01-25T23:49:25.947562+00:00", "data": {"market": "0x80db1cb8b044feaa6d6cdd9110754dce3912af0ec0d845a3aeb5864a1ba7de67", "price_changes": [{"asset_id": "64475883791632943506049561040308253211063206293893132232978760127150670719189", "price": "0.25", "size": "1830", "side": "BUY", "hash": "5d7cf317304183d141f5553a7a4f93305a372f93", "best_bid": "0.92", "best_ask": "0.94"}, {"asset_id": "4865985759969354870176744589934627962709868150379818333913024138967257275029", "price": "0.75", "size": "1830", "side": "SELL", "hash": "d575a09cad13294676ece6736383ff03b5187ed7", "best_bid": "0.06", "best_ask": "0.08"}], "timestamp": "1769384965782", "event_type": "price_change"}}
{"_local_timestamp": "2026-01-25T23:49:30.357702+00:00", "data": {"market": "0x80db1cb8b044feaa6d6cdd9110754dce3912af0ec0d845a3aeb5864a1ba7de67", "price_changes": [{"asset_id": "64475883791632943506049561040308253211063206293893132232978760127150670719189", "price": "0.24", "size": "50", "side": "BUY", "hash": "def62f5cffb01cfdcd35b0fdc6441f093da0bf14", "best_bid": "0.92", "best_ask": "0.94"}, {"asset_id": "4865985759969354870176744589934627962709868150379818333913024138967257275029", "price": "0.76", "size": "50", "side": "SELL", "hash": "38711d7d5373f618d16bef2120b76ab4315f2505", "best_bid": "0.06", "best_ask": "0.08"}], "timestamp": "1769384970067", "event_type": "price_change"}}
{"_local_timestamp": "2026-01-25T23:49:31.200032+00:00", "data": {"market": "0x80db1cb8b044feaa6d6cdd9110754dce3912af0ec0d845a3aeb5864a1ba7de67", "price_changes": [{"asset_id": "64475883791632943506049561040308253211063206293893132232978760127150670719189", "price": "0.25", "size": "1930", "side": "BUY", "hash": "1e82c3b3d0e2d963dbbd9b8ee0d565fd97553253", "best_bid": "0.92", "best_ask": "0.94"}, {"asset_id": "4865985759969354870176744589934627962709868150379818333913024138967257275029", "price": "0.75", "size": "1930", "side": "SELL", "hash": "e9cb89cfc289d03f14613a0c02d302b5362af773", "best_bid": "0.06", "best_ask": "0.08"}], "timestamp": "1769384970813", "event_type": "price_change"}}
{"_local_timestamp": "2026-01-25T23:49:41.861875+00:00", "data": {"market": "0x80db1cb8b044feaa6d6cdd9110754dce3912af0ec0d845a3aeb5864a1ba7de67", "price_changes": [{"asset_id": "64475883791632943506049561040308253211063206293893132232978760127150670719189", "price": "0.29", "size": "0", "side": "BUY", "hash": "61aa7acd565e5c9595f9f4844847facced6dffe4", "best_bid": "0.92", "best_ask": "0.94"}, {"asset_id": "4865985759969354870176744589934627962709868150379818333913024138967257275029", "price": "0.71", "size": "0", "side": "SELL", "hash": "697d7218c72e110517b1a0845f2fcc512287a415", "best_bid": "0.06", "best_ask": "0.08"}], "timestamp": "1769384981720", "event_type": "price_change"}}
{"_local_timestamp": "2026-01-25T23:49:41.863015+00:00", "data": {"market": "0x80db1cb8b044feaa6d6cdd9110754dce3912af0ec0d845a3aeb5864a1ba7de67", "price_changes": [{"asset_id": "64475883791632943506049561040308253211063206293893132232978760127150670719189", "price": "0.24", "size": "0", "side": "BUY", "hash": "61aa7acd565e5c9595f9f4844847facced6dffe4", "best_bid": "0.92", "best_ask": "0.94"}, {"asset_id": "4865985759969354870176744589934627962709868150379818333913024138967257275029", "price": "0.76", "size": "0", "side": "SELL", "hash": "697d7218c72e110517b1a0845f2fcc512287a415", "best_bid": "0.06", "best_ask": "0.08"}], "timestamp": "1769384981720", "event_type": "price_change"}}
{"_local_timestamp": "2026-01-25T23:49:42.445855+00:00", "data": {"market": "0x80db1cb8b044feaa6d6cdd9110754dce3912af0ec0d845a3aeb5864a1ba7de67", "price_changes": [{"asset_id": "64475883791632943506049561040308253211063206293893132232978760127150670719189", "price": "0.28", "size": "192.85", "side": "BUY", "hash": "be32f1ba3c148713f95291b034c8c87609b038df", "best_bid": "0.92", "best_ask": "0.94"}, {"asset_id": "4865985759969354870176744589934627962709868150379818333913024138967257275029", "price": "0.72", "size": "192.85", "side": "SELL", "hash": "9f8a953cc7bc6b8bd3aeac1d7ce14ab97250c623", "best_bid": "0.06", "best_ask": "0.08"}], "timestamp": "1769384982239", "event_type": "price_change"}}
{"_local_timestamp": "2026-01-25T23:49:42.446569+00:00", "data": {"market": "0x80db1cb8b044feaa6d6cdd9110754dce3912af0ec0d845a3aeb5864a1ba7de67", "price_changes": [{"asset_id": "64475883791632943506049561040308253211063206293893132232978760127150670719189", "price": "0.25", "size": "1980", "side": "BUY", "hash": "7fd647d2e7c975fdfb728f795a1673fa5ae870bb", "best_bid": "0.92", "best_ask": "0.94"}, {"asset_id": "4865985759969354870176744589934627962709868150379818333913024138967257275029", "price": "0.75", "size": "1980", "side": "SELL", "hash": "f6b817a1241d25fcd4d3013cca50a1cdc2f9cc4c", "best_bid": "0.06", "best_ask": "0.08"}], "timestamp": "1769384982264", "event_type": "price_change"}}
{"_local_timestamp": "2026-01-25T23:49:53.093871+00:00", "data": {"market": "0x80db1cb8b044feaa6d6cdd9110754dce3912af0ec0d845a3aeb5864a1ba7de67", "price_changes": [{"asset_id": "4865985759969354870176744589934627962709868150379818333913024138967257275029", "price": "0.04", "size": "1692.26", "side": "BUY", "hash": "6f95c79c31f0344091d917f3d074ee4d25f45304", "best_bid": "0.06", "best_ask": "0.08"}, {"asset_id": "64475883791632943506049561040308253211063206293893132232978760127150670719189", "price": "0.96", "size": "1692.26", "side": "SELL", "hash": "b0ace4a9f03185b94df538b7483b60c702b8d874", "best_bid": "0.92", "best_ask": "0.94"}], "timestamp": "1769384993000", "event_type": "price_change"}}
{"_local_timestamp": "2026-01-25T23:49:53.114156+00:00", "data": {"market": "0x80db1cb8b044feaa6d6cdd9110754dce3912af0ec0d845a3aeb5864a1ba7de67", "price_changes": [{"asset_id": "4865985759969354870176744589934627962709868150379818333913024138967257275029", "price": "0.01", "size": "6674", "side": "BUY", "hash": "b167846d0112fe55269ad3cef0eb1aa200b3ea06", "best_bid": "0.06", "best_ask": "0.08"}, {"asset_id": "64475883791632943506049561040308253211063206293893132232978760127150670719189", "price": "0.99", "size": "6674", "side": "SELL", "hash": "6f36394ecbe57f1ed36a64dd5622973fe1a51feb", "best_bid": "0.92", "best_ask": "0.94"}], "timestamp": "1769384993001", "event_type": "price_change"}}
{"_local_timestamp": "2026-01-25T23:49:53.114732+00:00", "data": {"market": "0x80db1cb8b044feaa6d6cdd9110754dce3912af0ec0d845a3aeb5864a1ba7de67", "price_changes": [{"asset_id": "4865985759969354870176744589934627962709868150379818333913024138967257275029", "price": "0.03", "size": "3688.53", "side": "BUY", "hash": "729e98b43d07c208d8ef4a02c9ad1e98d4eb08a0", "best_bid": "0.06", "best_ask": "0.08"}, {"asset_id": "64475883791632943506049561040308253211063206293893132232978760127150670719189", "price": "0.97", "size": "3688.53", "side": "SELL", "hash": "dfcf8c29dee3eb1f37d3cd15b287b329d002d54d", "best_bid": "0.92", "best_ask": "0.94"}], "timestamp": "1769384993005", "event_type": "price_change"}}
{"_local_timestamp": "2026-01-25T23:49:59.113668+00:00", "data": {"market": "0x80db1cb8b044feaa6d6cdd9110754dce3912af0ec0d845a3aeb5864a1ba7de67", "price_changes": [{"asset_id": "4865985759969354870176744589934627962709868150379818333913024138967257275029", "price": "0.03", "size": "4492.53", "side": "BUY", "hash": "a7df0d53b56c9ba3444237d8af356e3a988c0930", "best_bid": "0.06", "best_ask": "0.08"}, {"asset_id": "64475883791632943506049561040308253211063206293893132232978760127150670719189", "price": "0.97", "size": "4492.53", "side": "SELL", "hash": "42502f4c0c622770a30d55fe5065474d339d90e4", "best_bid": "0.92", "best_ask": "0.94"}], "timestamp": "1769384999019", "event_type": "price_change"}}
{"_local_timestamp": "2026-01-25T23:49:59.114346+00:00", "data": {"market": "0x80db1cb8b044feaa6d6cdd9110754dce3912af0ec0d845a3aeb5864a1ba7de67", "price_changes": [{"asset_id": "4865985759969354870176744589934627962709868150379818333913024138967257275029", "price": "0.01", "size": "31874", "side": "BUY", "hash": "e15b16bc79393d850f50bcda8ae8c89f3cfecc17", "best_bid": "0.06", "best_ask": "0.08"}, {"asset_id": "64475883791632943506049561040308253211063206293893132232978760127150670719189", "price": "0.99", "size": "31874", "side": "SELL", "hash": "41975e1786d13c590e5cf9b596c9b5f1c737c00a", "best_bid": "0.92", "best_ask": "0.94"}], "timestamp": "1769384999020", "event_type": "price_change"}}
{"_local_timestamp": "2026-01-25T23:49:59.114907+00:00", "data": {"market": "0x80db1cb8b044feaa6d6cdd9110754dce3912af0ec0d845a3aeb5864a1ba7de67", "price_changes": [{"asset_id": "4865985759969354870176744589934627962709868150379818333913024138967257275029", "price": "0.04", "size": "3117.26", "side": "BUY", "hash": "3699f21080bfa952aa42ff41f0f8704366dcd0fa", "best_bid": "0.06", "best_ask": "0.08"}, {"asset_id": "64475883791632943506049561040308253211063206293893132232978760127150670719189", "price": "0.96", "size": "3117.26", "side": "SELL", "hash": "2c3e3fab29e76361b6ce4e3791984d48b0da66ea", "best_bid": "0.92", "best_ask": "0.94"}], "timestamp": "1769384999021", "event_type": "price_change"}}
{"_local_timestamp": "2026-01-25T23:50:02.449506+00:00", "data": {"market": "0x80db1cb8b044feaa6d6cdd9110754dce3912af0ec0d845a3aeb5864a1ba7de67", "price_changes": [{"asset_id": "64475883791632943506049561040308253211063206293893132232978760127150670719189", "price": "0.22", "size": "0", "side": "BUY", "hash": "e61850a5046f26c97d55061f8c75a07dfe365db9", "best_bid": "0.92", "best_ask": "0.94"}, {"asset_id": "4865985759969354870176744589934627962709868150379818333913024138967257275029", "price": "0.78", "size": "0", "side": "SELL", "hash": "f0eb1cc388a5002799d7fd69a5155110821806db", "best_bid": "0.06", "best_ask": "0.08"}], "timestamp": "1769385002271", "event_type": "price_change"}}
{"_local_timestamp": "2026-01-25T23:50:02.992007+00:00", "data": {"market": "0x80db1cb8b044feaa6d6cdd9110754dce3912af0ec0d845a3aeb5864a1ba7de67", "price_changes": [{"asset_id": "64475883791632943506049561040308253211063206293893132232978760127150670719189", "price": "0.46", "size": "0", "side": "BUY", "hash": "ec7ea9f571a37c2b47e8f75c958ecb2b9827a736", "best_bid": "0.92", "best_ask": "0.94"}, {"asset_id": "4865985759969354870176744589934627962709868150379818333913024138967257275029", "price": "0.54", "size": "0", "side": "SELL", "hash": "57a15d9c523f2ca7ca16cab0a27eec8b013fd039", "best_bid": "0.06", "best_ask": "0.08"}], "timestamp": "1769385002366", "event_type": "price_change"}}
{"_local_timestamp": "2026-01-25T23:50:07.017271+00:00", "data": {"market": "0x80db1cb8b044feaa6d6cdd9110754dce3912af0ec0d845a3aeb5864a1ba7de67", "price_changes": [{"asset_id": "4865985759969354870176744589934627962709868150379818333913024138967257275029", "price": "0.05", "size": "2953", "side": "BUY", "hash": "7f44e47bb40316584af57c529815a8db6a5ba330", "best_bid": "0.06", "best_ask": "0.08"}, {"asset_id": "64475883791632943506049561040308253211063206293893132232978760127150670719189", "price": "0.95", "size": "2953", "side": "SELL", "hash": "07af539a897c0e5a58c7f059bbcadc8d856c466e", "best_bid": "0.92", "best_ask": "0.94"}], "timestamp": "1769385006945", "event_type": "price_change"}}
{"_local_timestamp": "2026-01-25T23:50:33.795083+00:00", "data": {"market": "0x80db1cb8b044feaa6d6cdd9110754dce3912af0ec0d845a3aeb5864a1ba7de67", "price_changes": [{"asset_id": "4865985759969354870176744589934627962709868150379818333913024138967257275029", "price": "0.02", "size": "2133", "side": "BUY", "hash": "b56e438b51031670f00c5fe4376bf63743d3106a", "best_bid": "0.06", "best_ask": "0.08"}, {"asset_id": "64475883791632943506049561040308253211063206293893132232978760127150670719189", "price": "0.98", "size": "2133", "side": "SELL", "hash": "74eebe124a3955e92ef947fc09db569764b460f8", "best_bid": "0.92", "best_ask": "0.94"}], "timestamp": "1769385033574", "event_type": "price_change"}}
{"_local_timestamp": "2026-01-25T23:50:33.795891+00:00", "data": {"market": "0x80db1cb8b044feaa6d6cdd9110754dce3912af0ec0d845a3aeb5864a1ba7de67", "price_changes": [{"asset_id": "4865985759969354870176744589934627962709868150379818333913024138967257275029", "price": "0.04", "size": "3105.39", "side": "BUY", "hash": "b56e438b51031670f00c5fe4376bf63743d3106a", "best_bid": "0.06", "best_ask": "0.08"}, {"asset_id": "64475883791632943506049561040308253211063206293893132232978760127150670719189", "price": "0.96", "size": "3105.39", "side": "SELL", "hash": "74eebe124a3955e92ef947fc09db569764b460f8", "best_bid": "0.92", "best_ask": "0.94"}], "timestamp": "1769385033574", "event_type": "price_change"}}
{"_local_timestamp": "2026-01-25T23:50:34.247615+00:00", "data": {"market": "0x80db1cb8b044feaa6d6cdd9110754dce3912af0ec0d845a3aeb5864a1ba7de67", "price_changes": [{"asset_id": "4865985759969354870176744589934627962709868150379818333913024138967257275029", "price": "0.04", "size": "3117.26", "side": "BUY", "hash": "9e54e0f8f5376ed2d81ab84c2830b7946869b5f3", "best_bid": "0.06", "best_ask": "0.08"}, {"asset_id": "64475883791632943506049561040308253211063206293893132232978760127150670719189", "price": "0.96", "size": "3117.26", "side": "SELL", "hash": "6db2bc9a5142384f70a2e5cb258af41ba3132a7d", "best_bid": "0.92", "best_ask": "0.94"}], "timestamp": "1769385034006", "event_type": "price_change"}}
{"_local_timestamp": "2026-01-25T23:50:34.256643+00:00", "data": {"market": "0x80db1cb8b044feaa6d6cdd9110754dce3912af0ec0d845a3aeb5864a1ba7de67", "price_changes": [{"asset_id": "4865985759969354870176744589934627962709868150379818333913024138967257275029", "price": "0.02", "size": "2146.45", "side": "BUY", "hash": "436a05a8ca3eccac90ea3a91c66c2793b64a9586", "best_bid": "0.06", "best_ask": "0.08"}, {"asset_id": "64475883791632943506049561040308253211063206293893132232978760127150670719189", "price": "0.98", "size": "2146.45", "side": "SELL", "hash": "b5775284f55c3a491d4ac19dd5a38197c4465d0b", "best_bid": "0.92", "best_ask": "0.94"}], "timestamp": "1769385034007", "event_type": "price_change"}}
