{"_local_timestamp": "2026-01-25T23:40:30.603121+00:00", "data": [{"market": "0xb1d2cd56624ec8bb3d8115d50d503d0e8578bf32d754ad5fe3c0e08a73186c57", "asset_id": "51171279104285400909666677762285621845926753560865042481170667672124752488918", "timestamp": "1769384404566", "hash": "279ca03a50fc6802e8c16ea53715e73008f516d1", "bids": [{"price": "0.01", "size": "97735.04"}, {"price": "0.02", "size": "1854.54"}, {"price": "0.03", "size": "250"}, {"price": "0.04", "size": "6.59"}, {"price": "0.05", "size": "15.15"}, {"price": "0.07", "size": "714.28"}, {"price": "0.08", "size": "33.03"}, {"price": "0.1", "size": "57.69"}, {"price": "0.11", "size": "326.46"}, {"price": "0.13", "size": "550"}, {"price": "0.15", "size": "213.33"}, {"price": "0.16", "size": "1005"}, {"price": "0.18", "size": "155.55"}, {"price": "0.19", "size": "2610"}, {"price": "0.2", "size": "29.67"}, {"price": "0.22", "size": "218.18"}, {"price": "0.24", "size": "5"}, {"price": "0.25", "size": "89.96"}, {"price": "0.26", "size": "242.3"}, {"price": "0.28", "size": "255"}, {"price": "0.29", "size": "3171.96"}, {"price": "0.31", "size": "11.87"}, {"price": "0.34", "size": "125"}, {"price": "0.49", "size": "15"}, {"price": "0.51", "size": "47.61"}, {"price": "0.56", "size": "70"}, {"price": "0.57", "size": "25"}, {"price": "0.58", "size": "5"}, {"price": "0.6", "size": "10"}, {"price": "0.61", "size": "1010.56"}, {"price": "0.63", "size": "10"}, {"price": "0.64", "size": "40"}, {"price": "0.65", "size": "3581.99"}, {"price": "0.66", "size": "4556"}, {"price": "0.67", "size": "3196.83"}, {"price": "0.68", "size": "18021.58"}, {"price": "0.69", "size": "8884.79"}], "asks": [{"price": "0.99", "size": "52485"}, {"price": "0.98", "size": "6.33"}, {"price": "0.97", "size": "405"}, {"price": "0.96", "size": "20.94"}, {"price": "0.95", "size": "13249"}, {"price": "0.94", "size": "400"}, {"price": "0.91", "size": "200"}, {"price": "0.9", "size": "341.52"}, {"price": "0.89", "size": "10"}, {"price": "0.88", "size": "150"}, {"price": "0.85", "size": "215"}, {"price": "0.84", "size": "10"}, {"price": "0.83", "size": "100"}, {"price": "0.82", "size": "300"}, {"price": "0.8", "size": "401.19"}, {"price": "0.79", "size": "1454"}, {"price": "0.78", "size": "108.39"}, {"price": "0.76", "size": "250.05"}, {"price": "0.75", "size": "760"}, {"price": "0.74", "size": "80"}, {"price": "0.73", "size": "2550.32"}, {"price": "0.72", "size": "12102.55"}, {"price": "0.71", "size": "8106.49"}, {"price": "0.7", "size": "78.55"}], "event_type": "book", "last_trade_price": "0.690"}, {"market": "0xb1d2cd56624ec8bb3d8115d50d503d0e8578bf32d754ad5fe3c0e08a73186c57", "asset_id": "105826416199005342591038391498217708749113687972802625260881736773834354050519", "timestamp": "1769384404566", "hash": "b625388d694ba08b85a3aa47ff84d1e0d5013354", "bids": [{"price": "0.01", "size": "52485"}, {"price": "0.02", "size": "6.33"}, {"price": "0.03", "size": "405"}, {"price": "0.04", "size": "20.94"}, {"price": "0.05", "size": "13249"}, {"price": "0.06", "size": "400"}, {"price": "0.09", "size": "200"}, {"price": "0.1", "size": "341.52"}, {"price": "0.11", "size": "10"}, {"price": "0.12", "size": "150"}, {"price": "0.15", "size": "215"}, {"price": "0.16", "size": "10"}, {"price": "0.17", "size": "100"}, {"price": "0.18", "size": "300"}, {"price": "0.2", "size": "401.19"}, {"price": "0.21", "size": "1454"}, {"price": "0.22", "size": "108.39"}, {"price": "0.24", "size": "250.05"}, {"price": "0.25", "size": "760"}, {"price": "0.26", "size": "80"}, {"price": "0.27", "size": "2550.32"}, {"price": "0.28", "size": "12102.55"}, {"price": "0.29", "size": "8106.49"}, {"price": "0.3", "size": "78.55"}], "asks": [{"price": "0.99", "size": "97735.04"}, {"price": "0.98", "size": "1854.54"}, {"price": "0.97", "size": "250"}, {"price": "0.96", "size": "6.59"}, {"price": "0.95", "size": "15.15"}, {"price": "0.93", "size": "714.28"}, {"price": "0.92", "size": "33.03"}, {"price": "0.9", "size": "57.69"}, {"price": "0.89", "size": "326.46"}, {"price": "0.87", "size": "550"}, {"price": "0.85", "size": "213.33"}, {"price": "0.84", "size": "1005"}, {"price": "0.82", "size": "155.55"}, {"price": "0.81", "size": "2610"}, {"price": "0.8", "size": "29.67"}, {"price": "0.78", "size": "218.18"}, {"price": "0.76", "size": "5"}, {"price": "0.75", "size": "89.96"}, {"price": "0.74", "size": "242.3"}, {"price": "0.72", "size": "255"}, {"price": "0.71", "size": "3171.96"}, {"price": "0.69", "size": "11.87"}, {"price": "0.66", "size": "125"}, {"price": "0.51", "size": "15"}, {"price": "0.49", "size": "47.61"}, {"price": "0.44", "size": "70"}, {"price": "0.43", "size": "25"}, {"price": "0.42", "size": "5"}, {"price": "0.4", "size": "10"}, {"price": "0.39", "size": "1010.56"}, {"price": "0.37", "size": "10"}, {"price": "0.36", "size": "40"}, {"price": "0.35", "size": "3581.99"}, {"price": "0.34", "size": "4556"}, {"price": "0.33", "size": "3196.83"}, {"price": "0.32", "size": "18021.58"}, {"price": "0.31", "size": "8884.79"}], "event_type": "book", "last_trade_price": "0.690"}]}
{"_local_timestamp": "2026-01-25T23:41:09.608289+00:00", "data": {"market": "0xb1d2cd56624ec8bb3d8115d50d503d0e8578bf32d754ad5fe3c0e08a73186c57", "price_changes": [{"asset_id": "51171279104285400909666677762285621845926753560865042481170667672124752488918", "price": "0.28", "size": "205", "side": "BUY", "hash": "1a3e90f670a06cdbc827a69ef0ec33117c2dc4c9", "best_bid": "0.69", "best_ask": "0.7"}, {"asset_id": "105826416199005342591038391498217708749113687972802625260881736773834354050519", "price": "0.72", "size": "205", "side": "SELL", "hash": "65ca58db18f368438430db8733499a08f154067e", "best_bid": "0.3", "best_ask": "0.31"}], "timestamp": "1769384469533", "event_type": "price_change"}}
{"_local_timestamp": "2026-01-25T23:41:09.913279+00:00", "data": {"market": "0xb1d2cd56624ec8bb3d8115d50d503d0e8578bf32d754ad5fe3c0e08a73186c57", "price_changes": [{"asset_id": "51171279104285400909666677762285621845926753560865042481170667672124752488918", "price": "0.29", "size": "3221.96", "side": "BUY", "hash": "0b53c3ea92f61189394f12f253bd15bba82096f2", "best_bid": "0.69", "best_ask": "0.7"}, {"asset_id": "105826416199005342591038391498217708749113687972802625260881736773834354050519", "price": "0.71", "size": "3221.96", "side": "SELL", "hash": "cc28172758248f927f8c2c079159cfcf866b0ebe", "best_bid": "0.3", "best_ask": "0.31"}], "timestamp": "1769384469805", "event_type": "price_change"}}
{"_local_timestamp": "2026-01-25T23:42:24.718644+00:00", "data": {"market": "0xb1d2cd56624ec8bb3d8115d50d503d0e8578bf32d754ad5fe3c0e08a73186c57", "price_changes": [{"asset_id": "51171279104285400909666677762285621845926753560865042481170667672124752488918", "price": "0.28", "size": "155", "side": "BUY", "hash": "8c591c10aa0dec4f1505264b0671a55704aa5ab1", "best_bid": "0.69", "best_ask": "0.7"}, {"asset_id": "105826416199005342591038391498217708749113687972802625260881736773834354050519", "price": "0.72", "size": "155", "side": "SELL", "hash": "fe2267a1fe31da28241c23aa0137356cbd50d2d6", "best_bid": "0.3", "best_ask": "0.31"}], "timestamp": "1769384544491", "event_type": "price_change"}}
{"_local_timestamp": "2026-01-25T23:42:25.133010+00:00", "data": {"market": "0xb1d2cd56624ec8bb3d8115d50d503d0e8578bf32d754ad5fe3c0e08a73186c57", "price_changes": [{"asset_id": "51171279104285400909666677762285621845926753560865042481170667672124752488918", "price": "0.29", "size": "3271.96", "side": "BUY", "hash": "b8bd408e774371d37adc4bd8fb98a6b909f486aa", "best_bid": "0.69", "best_ask": "0.7"}, {"asset_id": "105826416199005342591038391498217708749113687972802625260881736773834354050519", "price": "0.71", "size": "3271.96", "side": "SELL", "hash": "3bb74bfbeb96e5c0605639bedaa0f9e04299e73c", "best_bid": "0.3", "best_ask": "0.31"}], "timestamp": "1769384544933", "event_type": "price_change"}}
{"_local_timestamp": "2026-01-25T23:42:28.641073+00:00", "data": {"market": "0xb1d2cd56624ec8bb3d8115d50d503d0e8578bf32d754ad5fe3c0e08a73186c57", "price_changes": [{"asset_id": "105826416199005342591038391498217708749113687972802625260881736773834354050519", "price": "0.05", "size": "3249", "side": "BUY", "hash": "c97b288e77de7ee7afef69bae2496cfa8ccc96c7", "best_bid": "0.3", "best_ask": "0.31"}, {"asset_id": "51171279104285400909666677762285621845926753560865042481170667672124752488918", "price": "0.95", "size": "3249", "side": "SELL", "hash": "efa6fa5df01b0a07a4fe79a8b3fdd62f2e80f6df", "best_bid": "0.69", "best_ask": "0.7"}], "timestamp": "1769384548544", "event_type": "price_change"}}
{"_local_timestamp": "2026-01-25T23:42:28.641480+00:00", "data": {"market": "0xb1d2cd56624ec8bb3d8115d50d503d0e8578bf32d754ad5fe3c0e08a73186c57", "price_changes": [{"asset_id": "105826416199005342591038391498217708749113687972802625260881736773834354050519", "price": "0.21", "size": "15", "side": "BUY", "hash": "c97b288e77de7ee7afef69bae2496cfa8ccc96c7", "best_bid": "0.3", "best_ask": "0.31"}, {"asset_id": "51171279104285400909666677762285621845926753560865042481170667672124752488918", "price": "0.79", "size": "15", "side": "SELL", "hash": "efa6fa5df01b0a07a4fe79a8b3fdd62f2e80f6df", "best_bid": "0.69", "best_ask": "0.7"}], "timestamp": "1769384548544", "event_type": "price_change"}}
{"_local_timestamp": "2026-01-25T23:42:28.689106+00:00", "data": {"market": "0xb1d2cd56624ec8bb3d8115d50d503d0e8578bf32d754ad5fe3c0e08a73186c57", "price_changes": [{"asset_id": "105826416199005342591038391498217708749113687972802625260881736773834354050519", "price": "0.06", "size": "8734", "side": "BUY", "hash": "436a3b0c04cdd90049ec4499a64b0b7f09436fd4", "best_bid": "0.3", "best_ask": "0.31"}, {"asset_id": "51171279104285400909666677762285621845926753560865042481170667672124752488918", "price": "0.94", "size": "8734", "side": "SELL", "hash": "48d739d8705e1aca54862026760b7b7943d887a7", "best_bid": "0.69", "best_ask": "0.7"}], "timestamp": "1769384548592", "event_type": "price_change"}}
{"_local_timestamp": "2026-01-25T23:42:28.689459+00:00", "data": {"market": "0xb1d2cd56624ec8bb3d8115d50d503d0e8578bf32d754ad5fe3c0e08a73186c57", "price_changes": [{"asset_id": "105826416199005342591038391498217708749113687972802625260881736773834354050519", "price": "0.21", "size": "1449", "side": "BUY", "hash": "b81456987cbdb4338430b9619f1ea4d36c2429fe", "best_bid": "0.3", "best_ask": "0.31"}, {"asset_id": "51171279104285400909666677762285621845926753560865042481170667672124752488918", "price": "0.79", "size": "1449", "side": "SELL", "hash": "df864566d87bd31a2b1a57f62fc2030820a50999", "best_bid": "0.69", "best_ask": "0.7"}], "timestamp": "1769384548593", "event_type": "price_change"}}
{"_local_timestamp": "2026-01-25T23:42:44.707713+00:00", "data": {"market": "0xb1d2cd56624ec8bb3d8115d50d503d0e8578bf32d754ad5fe3c0e08a73186c57", "price_changes": [{"asset_id": "51171279104285400909666677762285621845926753560865042481170667672124752488918", "price": "0.28", "size": "105", "side": "BUY", "hash": "5bb0668d8db63efbbafcdb6491d1f4b0f0629acc", "best_bid": "0.69", "best_ask": "0.7"}, {"asset_id": "105826416199005342591038391498217708749113687972802625260881736773834354050519", "price": "0.72", "size": "105", "side": "SELL", "hash": "4b9b55897acb0a99690e064e60be313053c02b19", "best_bid": "0.3", "best_ask": "0.31"}], "timestamp": "1769384564589", "event_type": "price_change"}}
{"_local_timestamp": "2026-01-25T23:42:45.784258+00:00", "data": {"market": "0xb1d2cd56624ec8bb3d8115d50d503d0e8578bf32d754ad5fe3c0e08a73186c57", "price_changes": [{"asset_id": "51171279104285400909666677762285621845926753560865042481170667672124752488918", "price": "0.29", "size": "3321.96", "side": "BUY", "hash": "541a5b91b0a4f9d103d3cd73d304abb7e8f496a3", "best_bid": "0.69", "best_ask": "0.7"}, {"asset_id": "105826416199005342591038391498217708749113687972802625260881736773834354050519", "price": "0.71", "size": "3321.96", "side": "SELL", "hash": "6c92e09d479f55f7e3a947dd38938429e1e5f6b4", "best_bid": "0.3", "best_ask": "0.31"}], "timestamp": "1769384565608", "event_type": "price_change"}}
{"_local_timestamp": "2026-01-25T23:42:51.057866+00:00", "data": {"market": "0xb1d2cd56624ec8bb3d8115d50d503d0e8578bf32d754ad5fe3c0e08a73186c57", "price_changes": [{"asset_id": "51171279104285400909666677762285621845926753560865042481170667672124752488918", "price": "0.68", "size": "18251.58", "side": "BUY", "hash": "4c40c5b67ba4adcc2fb5a406e2477c578d668a35", "best_bid": "0.69", "best_ask": "0.7"}, {"asset_id": "105826416199005342591038391498217708749113687972802625260881736773834354050519", "price": "0.32", "size": "18251.58", "side": "SELL", "hash": "a2c57bca589d8d5a317897680fa177f269b14795", "best_bid": "0.3", "best_ask": "0.31"}], "timestamp": "1769384570956", "event_type": "price_change"}}
{"_local_timestamp": "2026-01-25T23:44:21.057254+00:00", "data": {"market": "0xb1d2cd56624ec8bb3d8115d50d503d0e8578bf32d754ad5fe3c0e08a73186c57", "price_changes": [{"asset_id": "51171279104285400909666677762285621845926753560865042481170667672124752488918", "price": "0.28", "size": "5", "side": "BUY", "hash": "8d69afa74624eb9cbd21b89c562efb0d1177c6ba", "best_bid": "0.69", "best_ask": "0.7"}, {"asset_id": "105826416199005342591038391498217708749113687972802625260881736773834354050519", "price": "0.72", "size": "5", "side": "SELL", "hash": "fe60554d0147e35587ef85c0ef61004665122632", "best_bid": "0.3", "best_ask": "0.31"}], "timestamp": "1769384660496", "event_type": "price_change"}}
{"_local_timestamp": "2026-01-25T23:44:21.061625+00:00", "data": {"market": "0xb1d2cd56624ec8bb3d8115d50d503d0e8578bf32d754ad5fe3c0e08a73186c57", "price_changes": [{"asset_id": "105826416199005342591038391498217708749113687972802625260881736773834354050519", "price": "0.01", "size": "52185", "side": "BUY", "hash": "82cac533bd2d71b7f9827e05f2f4c02dfd416ff4", "best_bid": "0.3", "best_ask": "0.31"}, {"asset_id": "51171279104285400909666677762285621845926753560865042481170667672124752488918", "price": "0.99", "size": "52185", "side": "SELL", "hash": "5847fc186401a82e1d0c3999c70ad76bb95acee6", "best_bid": "0.69", "best_ask": "0.7"}], "timestamp": "1769384660508", "event_type": "price_change"}}
{"_local_timestamp": "2026-01-25T23:44:21.625279+00:00", "data": {"market": "0xb1d2cd56624ec8bb3d8115d50d503d0e8578bf32d754ad5fe3c0e08a73186c57", "price_changes": [{"asset_id": "51171279104285400909666677762285621845926753560865042481170667672124752488918", "price": "0.29", "size": "3421.96", "side": "BUY", "hash": "a7fbb9c88a05673948e3c5043145a4ff50e5360e", "best_bid": "0.69", "best_ask": "0.7"}, {"asset_id": "105826416199005342591038391498217708749113687972802625260881736773834354050519", "price": "0.71", "size": "3421.96", "side": "SELL", "hash": "7f2673ce44d6b0f47b9182259705e09d4c7b67f0", "best_bid": "0.3", "best_ask": "0.31"}], "timestamp": "1769384660912", "event_type": "price_change"}}
{"_local_timestamp": "2026-01-25T23:45:08.930632+00:00", "data": {"market": "0xb1d2cd56624ec8bb3d8115d50d503d0e8578bf32d754ad5fe3c0e08a73186c57", "price_changes": [{"asset_id": "51171279104285400909666677762285621845926753560865042481170667672124752488918", "price": "0.69", "size": "9134.79", "side": "BUY", "hash": "49348b8c9a07a86e86e9dbbecf1315163dc27787", "best_bid": "0.69", "best_ask": "0.7"}, {"asset_id": "105826416199005342591038391498217708749113687972802625260881736773834354050519", "price": "0.31", "size": "9134.79", "side": "SELL", "hash": "a0fede3eeeb6fb44bac519e9bbb66523cf320fc3", "best_bid": "0.3", "best_ask": "0.31"}], "timestamp": "1769384708863", "event_type": "price_change"}}
{"_local_timestamp": "2026-01-25T23:45:09.268463+00:00", "data": {"market": "0xb1d2cd56624ec8bb3d8115d50d503d0e8578bf32d754ad5fe3c0e08a73186c57", "price_changes": [{"asset_id": "105826416199005342591038391498217708749113687972802625260881736773834354050519", "price": "0.29", "size": "8356.49", "side": "BUY", "hash": "e9e2e49c8af5b7885338725440b9697485d8d6c2", "best_bid": "0.3", "best_ask": "0.31"}, {"asset_id": "51171279104285400909666677762285621845926753560865042481170667672124752488918", "price": "0.71", "size": "8356.49", "side": "SELL", "hash": "68e4400b7eb266ae2205af3ea0de865c2051edc4", "best_bid": "0.69", "best_ask": "0.7"}], "timestamp": "1769384709197", "event_type": "price_change"}}
{"_local_timestamp": "2026-01-25T23:45:21.086017+00:00", "data": {"market": "0xb1d2cd56624ec8bb3d8115d50d503d0e8578bf32d754ad5fe3c0e08a73186c57", "price_changes": [{"asset_id": "105826416199005342591038391498217708749113687972802625260881736773834354050519", "price": "0.01", "size": "2185", "side": "BUY", "hash": "fe82c7495b30826202c3d20114e38f883b7a8341", "best_bid": "0.3", "best_ask": "0.31"}, {"asset_id": "51171279104285400909666677762285621845926753560865042481170667672124752488918", "price": "0.99", "size": "2185", "side": "SELL", "hash": "7334c8ae0e67d84b1c747993f34dccf963c0adc0", "best_bid": "0.69", "best_ask": "0.7"}], "timestamp": "1769384721000", "event_type": "price_change"}}
{"_local_timestamp": "2026-01-25T23:45:23.270740+00:00", "data": {"market": "0xb1d2cd56624ec8bb3d8115d50d503d0e8578bf32d754ad5fe3c0e08a73186c57", "price_changes": [{"asset_id": "105826416199005342591038391498217708749113687972802625260881736773834354050519", "price": "0.3", "size": "75.33", "side": "BUY", "hash": "43f8214fc18f1064352702f52a7900dcf9e8a94f", "best_bid": "0.3", "best_ask": "0.31"}, {"asset_id": "51171279104285400909666677762285621845926753560865042481170667672124752488918", "price": "0.7", "size": "75.33", "side": "SELL", "hash": "7c027907e4cf118059be5b2dcf34be35518a1144", "best_bid": "0.69", "best_ask": "0.7"}], "timestamp": "1769384723191", "event_type": "price_change"}}
{"_local_timestamp": "2026-01-25T23:45:23.271380+00:00", "data": {"market": "0xb1d2cd56624ec8bb3d8115d50d503d0e8578bf32d754ad5fe3c0e08a73186c57", "asset_id": "105826416199005342591038391498217708749113687972802625260881736773834354050519", "bids": [{"price": "0.01", "size": "2185"}, {"price": "0.02", "size": "6.33"}, {"price": "0.03", "size": "405"}, {"price": "0.04", "size": "20.94"}, {"price": "0.05", "size": "3249"}, {"price": "0.06", "size": "8734"}, {"price": "0.09", "size": "200"}, {"price": "0.1", "size": "341.52"}, {"price": "0.11", "size": "10"}, {"price": "0.12", "size": "150"}, {"price": "0.15", "size": "215"}, {"price": "0.16", "size": "10"}, {"price": "0.17", "size": "100"}, {"price": "0.18", "size": "300"}, {"price": "0.2", "size": "401.19"}, {"price": "0.21", "size": "1449"}, {"price": "0.22", "size": "108.39"}, {"price": "0.24", "size": "250.05"}, {"price": "0.25", "size": "760"}, {"price": "0.26", "size": "80"}, {"price": "0.27", "size": "2550.32"}, {"price": "0.28", "size": "12102.55"}, {"price": "0.29", "size": "8356.49"}, {"price": "0.3", "size": "75.33"}], "asks": [{"price": "0.99", "size": "97735.04"}, {"price": "0.98", "size": "1854.54"}, {"price": "0.97", "size": "250"}, {"price": "0.96", "size": "6.59"}, {"price": "0.95", "size": "15.15"}, {"price": "0.93", "size": "714.28"}, {"price": "0.92", "size": "33.03"}, {"price": "0.9", "size": "57.69"}, {"price": "0.89", "size": "326.46"}, {"price": "0.87", "size": "550"}, {"price": "0.85", "size": "213.33"}, {"price": "0.84", "size": "1005"}, {"price": "0.82", "size": "155.55"}, {"price": "0.81", "size": "2610"}, {"price": "0.8", "size": "29.67"}, {"price": "0.78", "size": "218.18"}, {"price": "0.76", "size": "5"}, {"price": "0.75", "size": "89.96"}, {"price": "0.74", "size": "242.3"}, {"price": "0.72", "size": "5"}, {"price": "0.71", "size": "3421.96"}, {"price": "0.69", "size": "11.87"}, {"price": "0.66", "size": "125"}, {"price": "0.51", "size": "15"}, {"price": "0.49", "size": "47.61"}, {"price": "0.44", "size": "70"}, {"price": "0.43", "size": "25"}, {"price": "0.42", "size": "5"}, {"price": "0.4", "size": "10"}, {"price": "0.39", "size": "1010.56"}, {"price": "0.37", "size": "10"}, {"price": "0.36", "size": "40"}, {"price": "0.35", "size": "3581.99"}, {"price": "0.34", "size": "4556"}, {"price": "0.33", "size": "3196.83"}, {"price": "0.32", "size": "18251.58"}, {"price": "0.31", "size": "9134.79"}], "hash": "43f8214fc18f1064352702f52a7900dcf9e8a94f", "timestamp": "1769384723191", "event_type": "book"}}
{"_local_timestamp": "2026-01-25T23:45:23.272021+00:00", "data": {"market": "0xb1d2cd56624ec8bb3d8115d50d503d0e8578bf32d754ad5fe3c0e08a73186c57", "asset_id": "51171279104285400909666677762285621845926753560865042481170667672124752488918", "bids": [{"price": "0.01", "size": "97735.04"}, {"price": "0.02", "size": "1854.54"}, {"price": "0.03", "size": "250"}, {"price": "0.04", "size": "6.59"}, {"price": "0.05", "size": "15.15"}, {"price": "0.07", "size": "714.28"}, {"price": "0.08", "size": "33.03"}, {"price": "0.1", "size": "57.69"}, {"price": "0.11", "size": "326.46"}, {"price": "0.13", "size": "550"}, {"price": "0.15", "size": "213.33"}, {"price": "0.16", "size": "1005"}, {"price": "0.18", "size": "155.55"}, {"price": "0.19", "size": "2610"}, {"price": "0.2", "size": "29.67"}, {"price": "0.22", "size": "218.18"}, {"price": "0.24", "size": "5"}, {"price": "0.25", "size": "89.96"}, {"price": "0.26", "size": "242.3"}, {"price": "0.28", "size": "5"}, {"price": "0.29", "size": "3421.96"}, {"price": "0.31", "size": "11.87"}, {"price": "0.34", "size": "125"}, {"price": "0.49", "size": "15"}, {"price": "0.51", "size": "47.61"}, {"price": "0.56", "size": "70"}, {"price": "0.57", "size": "25"}, {"price": "0.58", "size": "5"}, {"price": "0.6", "size": "10"}, {"price": "0.61", "size": "1010.56"}, {"price": "0.63", "size": "10"}, {"price": "0.64", "size": "40"}, {"price": "0.65", "size": "3581.99"}, {"price": "0.66", "size": "4556"}, {"price": "0.67", "size": "3196.83"}, {"price": "0.68", "size": "18251.58"}, {"price": "0.69", "size": "9134.79"}], "asks": [{"price": "0.99", "size": "2185"}, {"price": "0.98", "size": "6.33"}, {"price": "0.97", "size": "405"}, {"price": "0.96", "size": "20.94"}, {"price": "0.95", "size": "3249"}, {"price": "0.94", "size": "8734"}, {"price": "0.91", "size": "200"}, {"price": "0.9", "size": "341.52"}, {"price": "0.89", "size": "10"}, {"price": "0.88", "size": "150"}, {"price": "0.85", "size": "215"}, {"price": "0.84", "size": "10"}, {"price": "0.83", "size": "100"}, {"price": "0.82", "size": "300"}, {"price": "0.8", "size": "401.19"}, {"price": "0.79", "size": "1449"}, {"price": "0.78", "size": "108.39"}, {"price": "0.76", "size": "250.05"}, {"price": "0.75", "size": "760"}, {"price": "0.74", "size": "80"}, {"price": "0.73", "size": "2550.32"}, {"price": "0.72", "size": "12102.55"}, {"price": "0.71", "size": "8356.49"}, {"price": "0.7", "size": "75.33"}], "hash": "7c027907e4cf118059be5b2dcf34be35518a1144", "timestamp": "1769384723191", "event_type": "book"}}
{"_local_timestamp": "2026-01-25T23:45:23.294638+00:00", "data": {"market": "0xb1d2cd56624ec8bb3d8115d50d503d0e8578bf32d754ad5fe3c0e08a73186c57", "asset_id": "105826416199005342591038391498217708749113687972802625260881736773834354050519", "price": "0.3", "size": "3.22", "fee_rate_bps": "0", "side": "SELL", "timestamp": "1769384723217", "event_type": "last_trade_price", "transaction_hash": "0xf640a1a0559c79f87639ae34e2db88a838e2e953d2d177d78d7fb20733a5fd7f"}}
{"_local_timestamp": "2026-01-25T23:45:25.222494+00:00", "data": {"market": "0xb1d2cd56624ec8bb3d8115d50d503d0e8578bf32d754ad5fe3c0e08a73186c57", "price_changes": [{"asset_id": "105826416199005342591038391498217708749113687972802625260881736773834354050519", "price": "0.29", "size": "7756.49", "side": "BUY", "hash": "70f31786ada5f0b66480e99a283f8bf518511227", "best_bid": "0.3", "best_ask": "0.31"}, {"asset_id": "51171279104285400909666677762285621845926753560865042481170667672124752488918", "price": "0.71", "size": "7756.49", "side": "SELL", "hash": "90826b0fc86be643f2599c2a33a2702fa7ad8955", "best_bid": "0.69", "best_ask": "0.7"}], "timestamp": "1769384725153", "event_type": "price_change"}}
{"_local_timestamp": "2026-01-25T23:45:25.249627+00:00", "data": {"market": "0xb1d2cd56624ec8bb3d8115d50d503d0e8578bf32d754ad5fe3c0e08a73186c57", "price_changes": [{"asset_id": "105826416199005342591038391498217708749113687972802625260881736773834354050519", "price": "0.28", "size": "11802.55", "side": "BUY", "hash": "ada7e13bb6408618f4977b710b3c243ffa0f7cf3", "best_bid": "0.3", "best_ask": "0.31"}, {"asset_id": "51171279104285400909666677762285621845926753560865042481170667672124752488918", "price": "0.72", "size": "11802.55", "side": "SELL", "hash": "47033caeb57a2ce173d8d57b941db8220a7f8c36", "best_bid": "0.69", "best_ask": "0.7"}], "timestamp": "1769384725181", "event_type": "price_change"}}
{"_local_timestamp": "2026-01-25T23:45:26.102776+00:00", "data": {"market": "0xb1d2cd56624ec8bb3d8115d50d503d0e8578bf32d754ad5fe3c0e08a73186c57", "price_changes": [{"asset_id": "51171279104285400909666677762285621845926753560865042481170667672124752488918", "price": "0.68", "size": "17651.58", "side": "BUY", "hash": "27802c155d2faa0835405433b89c87cb980d561b", "best_bid": "0.69", "best_ask": "0.7"}, {"asset_id": "105826416199005342591038391498217708749113687972802625260881736773834354050519", "price": "0.32", "size": "17651.58", "side": "SELL", "hash": "9d4790a7bd489f2009a486d52d048a61f5a26d66", "best_bid": "0.3", "best_ask": "0.31"}], "timestamp": "1769384726008", "event_type": "price_change"}}
{"_local_timestamp": "2026-01-25T23:45:37.847085+00:00", "data": {"market": "0xb1d2cd56624ec8bb3d8115d50d503d0e8578bf32d754ad5fe3c0e08a73186c57", "price_changes": [{"asset_id": "105826416199005342591038391498217708749113687972802625260881736773834354050519", "price": "0.31", "size": "9140.54", "side": "SELL", "hash": "bbd24ec5c69ed95e140dc25a414caa553b24bf3c", "best_bid": "0.3", "best_ask": "0.31"}, {"asset_id": "51171279104285400909666677762285621845926753560865042481170667672124752488918", "price": "0.69", "size": "9140.54", "side": "BUY", "hash": "638dd5f9cf6cfd59c8b0267fa7efa44928924ad8", "best_bid": "0.69", "best_ask": "0.7"}], "timestamp": "1769384737775", "event_type": "price_change"}}
{"_local_timestamp": "2026-01-25T23:45:42.368260+00:00", "data": {"market": "0xb1d2cd56624ec8bb3d8115d50d503d0e8578bf32d754ad5fe3c0e08a73186c57", "price_changes": [{"asset_id": "105826416199005342591038391498217708749113687972802625260881736773834354050519", "price": "0.31", "size": "9134.79", "side": "SELL", "hash": "0c0f56258d26a0006bcbf15ac66cd555d3be7e2d", "best_bid": "0.3", "best_ask": "0.31"}, {"asset_id": "51171279104285400909666677762285621845926753560865042481170667672124752488918", "price": "0.69", "size": "9134.79", "side": "BUY", "hash": "4ffe8440a13f82ded72362d0f7e85eadcec6681f", "best_bid": "0.69", "best_ask": "0.7"}], "timestamp": "1769384742295", "event_type": "price_change"}}
{"_local_timestamp": "2026-01-25T23:46:03.311257+00:00", "data": {"market": "0xb1d2cd56624ec8bb3d8115d50d503d0e8578bf32d754ad5fe3c0e08a73186c57", "price_changes": [{"asset_id": "105826416199005342591038391498217708749113687972802625260881736773834354050519", "price": "0.01", "size": "52185", "side": "BUY", "hash": "4a64a12b7a03dfd391c13f5b8d0e27e64f34b4ba", "best_bid": "0.3", "best_ask": "0.31"}, {"asset_id": "51171279104285400909666677762285621845926753560865042481170667672124752488918", "price": "0.99", "size": "52185", "side": "SELL", "hash": "df4ffe1a37db4c70347c61ed61815d8ba95c694f", "best_bid": "0.69", "best_ask": "0.7"}], "timestamp": "1769384763215", "event_type": "price_change"}}
{"_local_timestamp": "2026-01-25T23:46:16.326924+00:00", "data": {"market": "0xb1d2cd56624ec8bb3d8115d50d503d0e8578bf32d754ad5fe3c0e08a73186c57", "price_changes": [{"asset_id": "105826416199005342591038391498217708749113687972802625260881736773834354050519", "price": "0.29", "size": "8356.49", "side": "BUY", "hash": "e1d4040e6658194023319577cfc1d131e1f4252d", "best_bid": "0.3", "best_ask": "0.31"}, {"asset_id": "51171279104285400909666677762285621845926753560865042481170667672124752488918", "price": "0.71", "size": "8356.49", "side": "SELL", "hash": "69d6f4055b1711555b2c31178f758f8e6edbc50a", "best_bid": "0.69", "best_ask": "0.7"}], "timestamp": "1769384776251", "event_type": "price_change"}}
{"_local_timestamp": "2026-01-25T23:46:16.479542+00:00", "data": {"market": "0xb1d2cd56624ec8bb3d8115d50d503d0e8578bf32d754ad5fe3c0e08a73186c57", "price_changes": [{"asset_id": "105826416199005342591038391498217708749113687972802625260881736773834354050519", "price": "0.28", "size": "12102.55", "side": "BUY", "hash": "3bf6b6dcc0f61f54f48390a2123839be36976365", "best_bid": "0.3", "best_ask": "0.31"}, {"asset_id": "51171279104285400909666677762285621845926753560865042481170667672124752488918", "price": "0.72", "size": "12102.55", "side": "SELL", "hash": "040535ff791e3d9a8bff009524d8aea12c7a560a", "best_bid": "0.69", "best_ask": "0.7"}], "timestamp": "1769384776410", "event_type": "price_change"}}
{"_local_timestamp": "2026-01-25T23:46:16.560233+00:00", "data": {"market": "0xb1d2cd56624ec8bb3d8115d50d503d0e8578bf32d754ad5fe3c0e08a73186c57", "price_changes": [{"asset_id": "51171279104285400909666677762285621845926753560865042481170667672124752488918", "price": "0.68", "size": "18251.58", "side": "BUY", "hash": "41ac15a352fb9577f33ffaad55ea4655120a1b4e", "best_bid": "0.69", "best_ask": "0.7"}, {"asset_id": "105826416199005342591038391498217708749113687972802625260881736773834354050519", "price": "0.32", "size": "18251.58", "side": "SELL", "hash": "4e816def54cf356f3a50c5c20ecd4845114c7850", "best_bid": "0.3", "best_ask": "0.31"}], "timestamp": "1769384776490", "event_type": "price_change"}}
{"_local_timestamp": "2026-01-25T23:46:59.124852+00:00", "data": {"market": "0xb1d2cd56624ec8bb3d8115d50d503d0e8578bf32d754ad5fe3c0e08a73186c57", "price_changes": [{"asset_id": "105826416199005342591038391498217708749113687972802625260881736773834354050519", "price": "0.25", "size": "156", "side": "BUY", "hash": "467d10476e5bee3759cdaff221c8d8a9e26a38ff", "best_bid": "0.3", "best_ask": "0.31"}, {"asset_id": "51171279104285400909666677762285621845926753560865042481170667672124752488918", "price": "0.75", "size": "156", "side": "SELL", "hash": "272ede9565d9c20331eab4703aed9cdffc5f1831", "best_bid": "0.69", "best_ask": "0.7"}], "timestamp": "1769384819010", "event_type": "price_change"}}
{"_local_timestamp": "2026-01-25T23:47:04.792068+00:00", "data": {"market": "0xb1d2cd56624ec8bb3d8115d50d503d0e8578bf32d754ad5fe3c0e08a73186c57", "price_changes": [{"asset_id": "51171279104285400909666677762285621845926753560865042481170667672124752488918", "price": "0.69", "size": "8884.79", "side": "BUY", "hash": "54409c6a38df105cc24585b03076be8450316cb9", "best_bid": "0.69", "best_ask": "0.7"}, {"asset_id": "105826416199005342591038391498217708749113687972802625260881736773834354050519", "price": "0.31", "size": "8884.79", "side": "SELL", "hash": "075a6e7a6e4e4429c0c4aedfc8b216082c49e0ab", "best_bid": "0.3", "best_ask": "0.31"}], "timestamp": "1769384824700", "event_type": "price_change"}}
{"_local_timestamp": "2026-01-25T23:47:05.092600+00:00", "data": {"market": "0xb1d2cd56624ec8bb3d8115d50d503d0e8578bf32d754ad5fe3c0e08a73186c57", "price_changes": [{"asset_id": "105826416199005342591038391498217708749113687972802625260881736773834354050519", "price": "0.25", "size": "760", "side": "BUY", "hash": "c3cab76f037d3b0421f8cb4fa4754179af267bfe", "best_bid": "0.3", "best_ask": "0.31"}, {"asset_id": "51171279104285400909666677762285621845926753560865042481170667672124752488918", "price": "0.75", "size": "760", "side": "SELL", "hash": "d63a42879e4db6ea65902ee1bb91343a1f48a025", "best_bid": "0.69", "best_ask": "0.7"}], "timestamp": "1769384825004", "event_type": "price_change"}}
{"_local_timestamp": "2026-01-25T23:47:05.093054+00:00", "data": {"market": "0xb1d2cd56624ec8bb3d8115d50d503d0e8578bf32d754ad5fe3c0e08a73186c57", "price_changes": [{"asset_id": "105826416199005342591038391498217708749113687972802625260881736773834354050519", "price": "0.29", "size": "8106.49", "side": "BUY", "hash": "84f15d23f7d7057175a65c8b000d4df8b1ed1fba", "best_bid": "0.3", "best_ask": "0.31"}, {"asset_id": "51171279104285400909666677762285621845926753560865042481170667672124752488918", "price": "0.71", "size": "8106.49", "side": "SELL", "hash": "d02c4fb9bdbbfe805594d542d0ca5d5862b8cbbf", "best_bid": "0.69", "best_ask": "0.7"}], "timestamp": "1769384825005", "event_type": "price_change"}}
{"_local_timestamp": "2026-01-25T23:47:57.052058+00:00", "data": {"market": "0xb1d2cd56624ec8bb3d8115d50d503d0e8578bf32d754ad5fe3c0e08a73186c57", "price_changes": [{"asset_id": "105826416199005342591038391498217708749113687972802625260881736773834354050519", "price": "0.31", "size": "8890.54", "side": "SELL", "hash": "104dad0a482beb81a5e4711c53a551c648850437", "best_bid": "0.3", "best_ask": "0.31"}, {"asset_id": "51171279104285400909666677762285621845926753560865042481170667672124752488918", "price": "0.69", "size": "8890.54", "side": "BUY", "hash": "83a09031015a70fb1c1cb0fe94588e4dfdc17690", "best_bid": "0.69", "best_ask": "0.7"}], "timestamp": "1769384876977", "event_type": "price_change"}}
{"_local_timestamp": "2026-01-25T23:48:08.110760+00:00", "data": {"market": "0xb1d2cd56624ec8bb3d8115d50d503d0e8578bf32d754ad5fe3c0e08a73186c57", "price_changes": [{"asset_id": "51171279104285400909666677762285621845926753560865042481170667672124752488918", "price": "0.71", "size": "8149.86", "side": "SELL", "hash": "d33f8799c01300df4858d4f86fe591b8aba909fa", "best_bid": "0.69", "best_ask": "0.7"}, {"asset_id": "105826416199005342591038391498217708749113687972802625260881736773834354050519", "price": "0.29", "size": "8149.86", "side": "BUY", "hash": "5fee3b7f5941cb24139d301ab1e7b09628f2988d", "best_bid": "0.3", "best_ask": "0.31"}], "timestamp": "1769384888024", "event_type": "price_change"}}
{"_local_timestamp": "2026-01-25T23:49:53.748068+00:00", "data": {"market": "0xb1d2cd56624ec8bb3d8115d50d503d0e8578bf32d754ad5fe3c0e08a73186c57", "price_changes": [{"asset_id": "105826416199005342591038391498217708749113687972802625260881736773834354050519", "price": "0.3", "size": "74.6", "side": "BUY", "hash": "ab9bc3c5e5045cc279d6cadf64d4e4c15d035118", "best_bid": "0.3", "best_ask": "0.31"}, {"asset_id": "51171279104285400909666677762285621845926753560865042481170667672124752488918", "price": "0.7", "size": "74.6", "side": "SELL", "hash": "db0cb8d7cbce0f956dd46d01737bcf47a9b95755", "best_bid": "0.69", "best_ask": "0.7"}], "timestamp": "1769384993668", "event_type": "price_change"}}
{"_local_timestamp": "2026-01-25T23:49:53.749015+00:00", "data": {"market": "0xb1d2cd56624ec8bb3d8115d50d503d0e8578bf32d754ad5fe3c0e08a73186c57", "asset_id": "105826416199005342591038391498217708749113687972802625260881736773834354050519", "bids": [{"price": "0.01", "size": "52185"}, {"price": "0.02", "size": "6.33"}, {"price": "0.03", "size": "405"}, {"price": "0.04", "size": "20.94"}, {"price": "0.05", "size": "3249"}, {"price": "0.06", "size": "8734"}, {"price": "0.09", "size": "200"}, {"price": "0.1", "size": "341.52"}, {"price": "0.11", "size": "10"}, {"price": "0.12", "size": "150"}, {"price": "0.15", "size": "215"}, {"price": "0.16", "size": "10"}, {"price": "0.17", "size": "100"}, {"price": "0.18", "size": "300"}, {"price": "0.2", "size": "401.19"}, {"price": "0.21", "size": "1449"}, {"price": "0.22", "size": "108.39"}, {"price": "0.24", "size": "250.05"}, {"price": "0.25", "size": "760"}, {"price": "0.26", "size": "80"}, {"price": "0.27", "size": "2550.32"}, {"price": "0.28", "size": "12102.55"}, {"price": "0.29", "size": "8149.86"}, {"price": "0.3", "size": "74.6"}], "asks": [{"price": "0.99", "size": "97735.04"}, {"price": "0.98", "size": "1854.54"}, {"price": "0.97", "size": "250"}, {"price": "0.96", "size": "6.59"}, {"price": "0.95", "size": "15.15"}, {"price": "0.93", "size": "714.28"}, {"price": "0.92", "size": "33.03"}, {"price": "0.9", "size": "57.69"}, {"price": "0.89", "size": "326.46"}, {"price": "0.87", "size": "550"}, {"price": "0.85", "size": "213.33"}, {"price": "0.84", "size": "1005"}, {"price": "0.82", "size": "155.55"}, {"price": "0.81", "size": "2610"}, {"price": "0.8", "size": "29.67"}, {"price": "0.78", "size": "218.18"}, {"price": "0.76", "size": "5"}, {"price": "0.75", "size": "89.96"}, {"price": "0.74", "size": "242.3"}, {"price": "0.72", "size": "5"}, {"price": "0.71", "size": "3421.96"}, {"price": "0.69", "size": "11.87"}, {"price": "0.66", "size": "125"}, {"price": "0.51", "size": "15"}, {"price": "0.49", "size": "47.61"}, {"price": "0.44", "size": "70"}, {"price": "0.43", "size": "25"}, {"price": "0.42", "size": "5"}, {"price": "0.4", "size": "10"}, {"price": "0.39", "size": "1010.56"}, {"price": "0.37", "size": "10"}, {"price": "0.36", "size": "40"}, {"price": "0.35", "size": "3581.99"}, {"price": "0.34", "size": "4556"}, {"price": "0.33", "size": "3196.83"}, {"price": "0.32", "size": "18251.58"}, {"price": "0.31", "size": "8890.54"}], "hash": "ab9bc3c5e5045cc279d6cadf64d4e4c15d035118", "timestamp": "1769384993668", "event_type": "book"}}
{"_local_timestamp": "2026-01-25T23:49:53.749678+00:00", "data": {"market": "0xb1d2cd56624ec8bb3d8115d50d503d0e8578bf32d754ad5fe3c0e08a73186c57", "asset_id": "51171279104285400909666677762285621845926753560865042481170667672124752488918", "bids": [{"price": "0.01", "size": "97735.04"}, {"price": "0.02", "size": "1854.54"}, {"price": "0.03", "size": "250"}, {"price": "0.04", "size": "6.59"}, {"price": "0.05", "size": "15.15"}, {"price": "0.07", "size": "714.28"}, {"price": "0.08", "size": "33.03"}, {"price": "0.1", "size": "57.69"}, {"price": "0.11", "size": "326.46"}, {"price": "0.13", "size": "550"}, {"price": "0.15", "size": "213.33"}, {"price": "0.16", "size": "1005"}, {"price": "0.18", "size": "155.55"}, {"price": "0.19", "size": "2610"}, {"price": "0.2", "size": "29.67"}, {"price": "0.22", "size": "218.18"}, {"price": "0.24", "size": "5"}, {"price": "0.25", "size": "89.96"}, {"price": "0.26", "size": "242.3"}, {"price": "0.28", "size": "5"}, {"price": "0.29", "size": "3421.96"}, {"price": "0.31", "size": "11.87"}, {"price": "0.34", "size": "125"}, {"price": "0.49", "size": "15"}, {"price": "0.51", "size": "47.61"}, {"price": "0.56", "size": "70"}, {"price": "0.57", "size": "25"}, {"price": "0.58", "size": "5"}, {"price": "0.6", "size": "10"}, {"price": "0.61", "size": "1010.56"}, {"price": "0.63", "size": "10"}, {"price": "0.64", "size": "40"}, {"price": "0.65", "size": "3581.99"}, {"price": "0.66", "size": "4556"}, {"price": "0.67", "size": "3196.83"}, {"price": "0.68", "size": "18251.58"}, {"price": "0.69", "size": "8890.54"}], "asks": [{"price": "0.99", "size": "52185"}, {"price": "0.98", "size": "6.33"}, {"price": "0.97", "size": "405"}, {"price": "0.96", "size": "20.94"}, {"price": "0.95", "size": "3249"}, {"price": "0.94", "size": "8734"}, {"price": "0.91", "size": "200"}, {"price": "0.9", "size": "341.52"}, {"price": "0.89", "size": "10"}, {"price": "0.88", "size": "150"}, {"price": "0.85", "size": "215"}, {"price": "0.84", "size": "10"}, {"price": "0.83", "size": "100"}, {"price": "0.82", "size": "300"}, {"price": "0.8", "size": "401.19"}, {"price": "0.79", "size": "1449"}, {"price": "0.78", "size": "108.39"}, {"price": "0.76", "size": "250.05"}, {"price": "0.75", "size": "760"}, {"price": "0.74", "size": "80"}, {"price": "0.73", "size": "2550.32"}, {"price": "0.72", "size": "12102.55"}, {"price": "0.71", "size": "8149.86"}, {"price": "0.7", "size": "74.6"}], "hash": "db0cb8d7cbce0f956dd46d01737bcf47a9b95755", "timestamp": "1769384993668", "event_type": "book"}}
{"_local_timestamp": "2026-01-25T23:49:53.771391+00:00", "data": {"market": "0xb1d2cd56624ec8bb3d8115d50d503d0e8578bf32d754ad5fe3c0e08a73186c57", "asset_id": "105826416199005342591038391498217708749113687972802625260881736773834354050519", "price": "0.3", "size": "0.73", "fee_rate_bps": "0", "side": "SELL", "timestamp": "1769384993698", "event_type": "last_trade_price", "transaction_hash": "0x7f0562a32194eefbb367f9d89d703986682f3a6862d2195a9830e63c726f2137"}}
{"_local_timestamp": "2026-01-25T23:49:54.813839+00:00", "data": {"market": "0xb1d2cd56624ec8bb3d8115d50d503d0e8578bf32d754ad5fe3c0e08a73186c57", "price_changes": [{"asset_id": "105826416199005342591038391498217708749113687972802625260881736773834354050519", "price": "0.31", "size": "8884.79", "side": "SELL", "hash": "2d22c8c5666d604e7755fa8e9aa9c9b03288b549", "best_bid": "0.3", "best_ask": "0.31"}, {"asset_id": "51171279104285400909666677762285621845926753560865042481170667672124752488918", "price": "0.69", "size": "8884.79", "side": "BUY", "hash": "d107cf3fd8ba1e5e6e0764f4815344219e981799", "best_bid": "0.69", "best_ask": "0.7"}], "timestamp": "1769384994741", "event_type": "price_change"}}
{"_local_timestamp": "2026-01-25T23:49:55.791009+00:00", "data": {"market": "0xb1d2cd56624ec8bb3d8115d50d503d0e8578bf32d754ad5fe3c0e08a73186c57", "price_changes": [{"asset_id": "105826416199005342591038391498217708749113687972802625260881736773834354050519", "price": "0.29", "size": "7549.86", "side": "BUY", "hash": "bd36ad90ce07474cdc604e11bd5450de0020cb0c", "best_bid": "0.3", "best_ask": "0.31"}, {"asset_id": "51171279104285400909666677762285621845926753560865042481170667672124752488918", "price": "0.71", "size": "7549.86", "side": "SELL", "hash": "8ee756d06fedfb149c9ff35554dd8076f6f27c09", "best_bid": "0.69", "best_ask": "0.7"}], "timestamp": "1769384995720", "event_type": "price_change"}}
{"_local_timestamp": "2026-01-25T23:49:55.814781+00:00", "data": {"market": "0xb1d2cd56624ec8bb3d8115d50d503d0e8578bf32d754ad5fe3c0e08a73186c57", "price_changes": [{"asset_id": "105826416199005342591038391498217708749113687972802625260881736773834354050519", "price": "0.28", "size": "11802.55", "side": "BUY", "hash": "ada305bdb0d61c49b4d70a40f3b4c76e939fdc7b", "best_bid": "0.3", "best_ask": "0.31"}, {"asset_id": "51171279104285400909666677762285621845926753560865042481170667672124752488918", "price": "0.72", "size": "11802.55", "side": "SELL", "hash": "36a59043c351854f300dce3f0be5b0eee1f760bd", "best_bid": "0.69", "best_ask": "0.7"}], "timestamp": "1769384995746", "event_type": "price_change"}}
{"_local_timestamp": "2026-01-25T23:49:56.016129+00:00", "data": {"market": "0xb1d2cd56624ec8bb3d8115d50d503d0e8578bf32d754ad5fe3c0e08a73186c57", "price_changes": [{"asset_id": "51171279104285400909666677762285621845926753560865042481170667672124752488918", "price": "0.68", "size": "17651.58", "side": "BUY", "hash": "9222ccf806ff0532bd85cd08cdc6f68ca5bc8f2b", "best_bid": "0.69", "best_ask": "0.7"}, {"asset_id": "105826416199005342591038391498217708749113687972802625260881736773834354050519", "price": "0.32", "size": "17651.58", "side": "SELL", "hash": "84913623f74a40ea18e915e9fd96b5b5f9afc8bb", "best_bid": "0.3", "best_ask": "0.31"}], "timestamp": "1769384995943", "event_type": "price_change"}}
