{"_local_timestamp": "2026-01-25T23:40:32.609522+00:00", "data": [{"market": "0x52226ec4393285ffc942019f20e3210e9311fc64cf1c7a9d1e9fbf27237352a6", "asset_id": "45200102949427176349999568908324938980741775964477026787123052544602998293488", "timestamp": "1769384431890", "hash": "ef270f909c566bb41baba383c4f9d3493726fe0c", "bids": [{"price": "0.01", "size": "5509.77"}, {"price": "0.02", "size": "2300"}, {"price": "0.03", "size": "10.2"}, {"price": "0.08", "size": "1030"}, {"price": "0.1", "size": "1500"}, {"price": "0.11", "size": "5.42"}, {"price": "0.12", "size": "283.33"}, {"price": "0.14", "size": "550"}, {"price": "0.16", "size": "200"}, {"price": "0.17", "size": "940"}, {"price": "0.19", "size": "250"}, {"price": "0.2", "size": "2440"}, {"price": "0.23", "size": "113.04"}, {"price": "0.24", "size": "3470"}, {"price": "0.26", "size": "275"}, {"price": "0.27", "size": "88.88"}, {"price": "0.3", "size": "150"}, {"price": "0.31", "size": "64.51"}, {"price": "0.34", "size": "125"}, {"price": "0.38", "size": "5"}, {"price": "0.57", "size": "197.6"}, {"price": "0.58", "size": "51.41"}, {"price": "0.59", "size": "22.03"}, {"price": "0.67", "size": "100"}, {"price": "0.68", "size": "16.17"}, {"price": "0.75", "size": "200"}, {"price": "0.76", "size": "220.67"}], "asks": [{"price": "0.99", "size": "2500"}, {"price": "0.98", "size": "1007.53"}, {"price": "0.97", "size": "1000"}, {"price": "0.96", "size": "3787.92"}, {"price": "0.95", "size": "700"}, {"price": "0.94", "size": "250"}, {"price": "0.93", "size": "860"}, {"price": "0.92", "size": "500"}, {"price": "0.91", "size": "228.91"}, {"price": "0.89", "size": "1573"}, {"price": "0.88", "size": "100"}, {"price": "0.87", "size": "986.84"}, {"price": "0.86", "size": "417.18"}, {"price": "0.85", "size": "2695.33"}, {"price": "0.81", "size": "339"}, {"price": "0.8", "size": "212.45"}, {"price": "0.79", "size": "644"}, {"price": "0.78", "size": "1759.54"}], "event_type": "book", "last_trade_price": "0.780"}, {"market": "0x52226ec4393285ffc942019f20e3210e9311fc64cf1c7a9d1e9fbf27237352a6", "asset_id": "37047640727055104154491541966367763466139953161675548075316317067988588663853", "timestamp": "1769384431890", "hash": "4509f6a86d2a8ce015d6cf62eb1c00afc6167d63", "bids": [{"price": "0.01", "size": "2500"}, {"price": "0.02", "size": "1007.53"}, {"price": "0.03", "size": "1000"}, {"price": "0.04", "size": "3787.92"}, {"price": "0.05", "size": "700"}, {"price": "0.06", "size": "250"}, {"price": "0.07", "size": "860"}, {"price": "0.08", "size": "500"}, {"price": "0.09", "size": "228.91"}, {"price": "0.11", "size": "1573"}, {"price": "0.12", "size": "100"}, {"price": "0.13", "size": "986.84"}, {"price": "0.14", "size": "417.18"}, {"price": "0.15", "size": "2695.33"}, {"price": "0.19", "size": "339"}, {"price": "0.2", "size": "212.45"}, {"price": "0.21", "size": "644"}, {"price": "0.22", "size": "1759.54"}], "asks": [{"price": "0.99", "size": "5509.77"}, {"price": "0.98", "size": "2300"}, {"price": "0.97", "size": "10.2"}, {"price": "0.92", "size": "1030"}, {"price": "0.9", "size": "1500"}, {"price": "0.89", "size": "5.42"}, {"price": "0.88", "size": "283.33"}, {"price": "0.86", "size": "550"}, {"price": "0.84", "size": "200"}, {"price": "0.83", "size": "940"}, {"price": "0.81", "size": "250"}, {"price": "0.8", "size": "2440"}, {"price": "0.77", "size": "113.04"}, {"price": "0.76", "size": "3470"}, {"price": "0.74", "size": "275"}, {"price": "0.73", "size": "88.88"}, {"price": "0.7", "size": "150"}, {"price": "0.69", "size": "64.51"}, {"price": "0.66", "size": "125"}, {"price": "0.62", "size": "5"}, {"price": "0.43", "size": "197.6"}, {"price": "0.42", "size": "51.41"}, {"price": "0.41", "size": "22.03"}, {"price": "0.33", "size": "100"}, {"price": "0.32", "size": "16.17"}, {"price": "0.25", "size": "200"}, {"price": "0.24", "size": "220.67"}], "event_type": "book", "last_trade_price": "0.780"}]}
{"_local_timestamp": "2026-01-25T23:40:40.328586+00:00", "data": {"market": "0x52226ec4393285ffc942019f20e3210e9311fc64cf1c7a9d1e9fbf27237352a6", "price_changes": [{"asset_id": "45200102949427176349999568908324938980741775964477026787123052544602998293488", "price": "0.19", "size": "150", "side": "BUY", "hash": "7df09896db13691dd711a4589c537d60291053e0", "best_bid": "0.76", "best_ask": "0.78"}, {"asset_id": "37047640727055104154491541966367763466139953161675548075316317067988588663853", "price": "0.81", "size": "150", "side": "SELL", "hash": "ff5ab2d04bd91cdf454bd2e5bd38e1d10d806388", "best_bid": "0.22", "best_ask": "0.24"}], "timestamp": "1769384440246", "event_type": "price_change"}}
{"_local_timestamp": "2026-01-25T23:40:40.750518+00:00", "data": {"market": "0x52226ec4393285ffc942019f20e3210e9311fc64cf1c7a9d1e9fbf27237352a6", "price_changes": [{"asset_id": "45200102949427176349999568908324938980741775964477026787123052544602998293488", "price": "0.18", "size": "100", "side": "BUY", "hash": "99f8993deceec57c9858c0af7ea8a4a0d3446313", "best_bid": "0.76", "best_ask": "0.78"}, {"asset_id": "37047640727055104154491541966367763466139953161675548075316317067988588663853", "price": "0.82", "size": "100", "side": "SELL", "hash": "a9ed6d6526cce7be4f149ec14c56bc1bc5bef0d4", "best_bid": "0.22", "best_ask": "0.24"}], "timestamp": "1769384440573", "event_type": "price_change"}}
{"_local_timestamp": "2026-01-25T23:40:45.121685+00:00", "data": {"market": "0x52226ec4393285ffc942019f20e3210e9311fc64cf1c7a9d1e9fbf27237352a6", "price_changes": [{"asset_id": "37047640727055104154491541966367763466139953161675548075316317067988588663853", "price": "0.43", "size": "100", "side": "SELL", "hash": "c894d73dde029a27e08d1b4f25ac8dba8ed368cb", "best_bid": "0.22", "best_ask": "0.24"}, {"asset_id": "45200102949427176349999568908324938980741775964477026787123052544602998293488", "price": "0.57", "size": "100", "side": "BUY", "hash": "99b024160b46973eeac53ae378e224376523b935", "best_bid": "0.76", "best_ask": "0.78"}], "timestamp": "1769384445006", "event_type": "price_change"}}
{"_local_timestamp": "2026-01-25T23:41:50.962786+00:00", "data": {"market": "0x52226ec4393285ffc942019f20e3210e9311fc64cf1c7a9d1e9fbf27237352a6", "price_changes": [{"asset_id": "45200102949427176349999568908324938980741775964477026787123052544602998293488", "price": "0.19", "size": "0", "side": "BUY", "hash": "8429b9e385d7c0d9471357d8a4b5a9f691317bb2", "best_bid": "0.76", "best_ask": "0.78"}, {"asset_id": "37047640727055104154491541966367763466139953161675548075316317067988588663853", "price": "0.81", "size": "0", "side": "SELL", "hash": "0d48b542c3c3d34e2c56af7daef57823a0f217a5", "best_bid": "0.22", "best_ask": "0.24"}], "timestamp": "1769384510770", "event_type": "price_change"}}
{"_local_timestamp": "2026-01-25T23:41:52.882160+00:00", "data": {"market": "0x52226ec4393285ffc942019f20e3210e9311fc64cf1c7a9d1e9fbf27237352a6", "price_changes": [{"asset_id": "45200102949427176349999568908324938980741775964477026787123052544602998293488", "price": "0.2", "size": "2590", "side": "BUY", "hash": "edb223031c0ef5e9e95d6759d41927f060474b13", "best_bid": "0.76", "best_ask": "0.78"}, {"asset_id": "37047640727055104154491541966367763466139953161675548075316317067988588663853", "price": "0.8", "size": "2590", "side": "SELL", "hash": "7c06fc7759dbad95482a7a0d6861da8d110f2230", "best_bid": "0.22", "best_ask": "0.24"}], "timestamp": "1769384511831", "event_type": "price_change"}}
{"_local_timestamp": "2026-01-25T23:41:55.650185+00:00", "data": {"market": "0x52226ec4393285ffc942019f20e3210e9311fc64cf1c7a9d1e9fbf27237352a6", "price_changes": [{"asset_id": "37047640727055104154491541966367763466139953161675548075316317067988588663853", "price": "0.43", "size": "197.6", "side": "SELL", "hash": "d51b16161d97f48683391483e2c0a735934b52b7", "best_bid": "0.22", "best_ask": "0.24"}, {"asset_id": "45200102949427176349999568908324938980741775964477026787123052544602998293488", "price": "0.57", "size": "197.6", "side": "BUY", "hash": "c4b9afa462994d7aedd63264312bfab0e17031a0", "best_bid": "0.76", "best_ask": "0.78"}], "timestamp": "1769384515573", "event_type": "price_change"}}
{"_local_timestamp": "2026-01-25T23:42:15.088970+00:00", "data": {"market": "0x52226ec4393285ffc942019f20e3210e9311fc64cf1c7a9d1e9fbf27237352a6", "price_changes": [{"asset_id": "37047640727055104154491541966367763466139953161675548075316317067988588663853", "price": "0.43", "size": "100", "side": "SELL", "hash": "a4771b1e61246b2768659aebc1aeaba512facef4", "best_bid": "0.22", "best_ask": "0.24"}, {"asset_id": "45200102949427176349999568908324938980741775964477026787123052544602998293488", "price": "0.57", "size": "100", "side": "BUY", "hash": "04ea2b2362a3deb351dccf7bc10550cf1553fe4e", "best_bid": "0.76", "best_ask": "0.78"}], "timestamp": "1769384535000", "event_type": "price_change"}}
{"_local_timestamp": "2026-01-25T23:42:24.616993+00:00", "data": {"market": "0x52226ec4393285ffc942019f20e3210e9311fc64cf1c7a9d1e9fbf27237352a6", "price_changes": [{"asset_id": "45200102949427176349999568908324938980741775964477026787123052544602998293488", "price": "0.18", "size": "0", "side": "BUY", "hash": "ee4b486ae66a5ea4bf235115dea84afb0268d077", "best_bid": "0.76", "best_ask": "0.78"}, {"asset_id": "37047640727055104154491541966367763466139953161675548075316317067988588663853", "price": "0.82", "size": "0", "side": "SELL", "hash": "7e6cf03f8c0b5023c15fc824bccbd4d10de5c309", "best_bid": "0.22", "best_ask": "0.24"}], "timestamp": "1769384544469", "event_type": "price_change"}}
{"_local_timestamp": "2026-01-25T23:42:25.147447+00:00", "data": {"market": "0x52226ec4393285ffc942019f20e3210e9311fc64cf1c7a9d1e9fbf27237352a6", "price_changes": [{"asset_id": "45200102949427176349999568908324938980741775964477026787123052544602998293488", "price": "0.2", "size": "2690", "side": "BUY", "hash": "787ac286a6fbf2d8853ee2b1b6add88ac3f7aad5", "best_bid": "0.76", "best_ask": "0.78"}, {"asset_id": "37047640727055104154491541966367763466139953161675548075316317067988588663853", "price": "0.8", "size": "2690", "side": "SELL", "hash": "bd7c8cce2175f800979130fc0f8957303d891603", "best_bid": "0.22", "best_ask": "0.24"}], "timestamp": "1769384544928", "event_type": "price_change"}}
{"_local_timestamp": "2026-01-25T23:43:25.648260+00:00", "data": {"market": "0x52226ec4393285ffc942019f20e3210e9311fc64cf1c7a9d1e9fbf27237352a6", "price_changes": [{"asset_id": "37047640727055104154491541966367763466139953161675548075316317067988588663853", "price": "0.43", "size": "197.6", "side": "SELL", "hash": "e044f5a5648e0facdcbd5c4cd4d92010b7b7cfe6", "best_bid": "0.22", "best_ask": "0.24"}, {"asset_id": "45200102949427176349999568908324938980741775964477026787123052544602998293488", "price": "0.57", "size": "197.6", "side": "BUY", "hash": "20cb6ef5a002dff41212487f1abae2194a147416", "best_bid": "0.76", "best_ask": "0.78"}], "timestamp": "1769384605528", "event_type": "price_change"}}
