{"_local_timestamp": "2026-01-25T23:40:30.866106+00:00", "data": [{"market": "0x087469b4129c64c688397028059dfd366796adbd426e0079ee4cfdd2e4a07b61", "asset_id": "45822599979868501396582860994506290061594012396386219725082308923565779306211", "timestamp": "1769384367011", "hash": "5bc5154a8c6cc84928733b91ea1de56dfb2653a2", "bids": [{"price": "0.01", "size": "5114.71"}, {"price": "0.02", "size": "2200"}, {"price": "0.03", "size": "10.14"}, {"price": "0.05", "size": "40"}, {"price": "0.09", "size": "1100"}, {"price": "0.1", "size": "250"}, {"price": "0.11", "size": "5.43"}, {"price": "0.13", "size": "586.53"}, {"price": "0.17", "size": "3488.23"}, {"price": "0.18", "size": "888"}, {"price": "0.2", "size": "5"}, {"price": "0.21", "size": "183.33"}, {"price": "0.26", "size": "100"}, {"price": "0.27", "size": "200"}, {"price": "0.3", "size": "830"}, {"price": "0.31", "size": "300"}, {"price": "0.34", "size": "108.82"}, {"price": "0.41", "size": "500"}, {"price": "0.5", "size": "1060"}, {"price": "0.51", "size": "5"}, {"price": "0.54", "size": "7.2"}, {"price": "0.75", "size": "110"}, {"price": "0.8", "size": "46.21"}, {"price": "0.82", "size": "262"}, {"price": "0.83", "size": "540.57"}, {"price": "0.84", "size": "614"}, {"price": "0.85", "size": "101"}], "asks": [{"price": "0.99", "size": "2855"}, {"price": "0.98", "size": "1461.25"}, {"price": "0.97", "size": "250"}, {"price": "0.96", "size": "7.44"}, {"price": "0.95", "size": "1741"}, {"price": "0.94", "size": "460"}, {"price": "0.93", "size": "106.81"}, {"price": "0.92", "size": "121.18"}, {"price": "0.91", "size": "205"}, {"price": "0.9", "size": "203.97"}, {"price": "0.89", "size": "20"}, {"price": "0.88", "size": "752.28"}, {"price": "0.87", "size": "5"}, {"price": "0.86", "size": "8.83"}], "event_type": "book", "last_trade_price": ""}, {"market": "0x087469b4129c64c688397028059dfd366796adbd426e0079ee4cfdd2e4a07b61", "asset_id": "29464249359795764732112771440808805030560641430581197204785405866716242261762", "timestamp": "1769384367011", "hash": "294dcf1e3323ffb1e1021b0e9d081bfc29ed2784", "bids": [{"price": "0.01", "size": "2855"}, {"price": "0.02", "size": "1461.25"}, {"price": "0.03", "size": "250"}, {"price": "0.04", "size": "7.44"}, {"price": "0.05", "size": "1741"}, {"price": "0.06", "size": "460"}, {"price": "0.07", "size": "106.81"}, {"price": "0.08", "size": "121.18"}, {"price": "0.09", "size": "205"}, {"price": "0.1", "size": "203.97"}, {"price": "0.11", "size": "20"}, {"price": "0.12", "size": "752.28"}, {"price": "0.13", "size": "5"}, {"price": "0.14", "size": "8.83"}], "asks": [{"price": "0.99", "size": "5114.71"}, {"price": "0.98", "size": "2200"}, {"price": "0.97", "size": "10.14"}, {"price": "0.95", "size": "40"}, {"price": "0.91", "size": "1100"}, {"price": "0.9", "size": "250"}, {"price": "0.89", "size": "5.43"}, {"price": "0.87", "size": "586.53"}, {"price": "0.83", "size": "3488.23"}, {"price": "0.82", "size": "888"}, {"price": "0.8", "size": "5"}, {"price": "0.79", "size": "183.33"}, {"price": "0.74", "size": "100"}, {"price": "0.73", "size": "200"}, {"price": "0.7", "size": "830"}, {"price": "0.69", "size": "300"}, {"price": "0.66", "size": "108.82"}, {"price": "0.59", "size": "500"}, {"price": "0.5", "size": "1060"}, {"price": "0.49", "size": "5"}, {"price": "0.46", "size": "7.2"}, {"price": "0.25", "size": "110"}, {"price": "0.2", "size": "46.21"}, {"price": "0.18", "size": "262"}, {"price": "0.17", "size": "540.57"}, {"price": "0.16", "size": "614"}, {"price": "0.15", "size": "101"}], "event_type": "book", "last_trade_price": ""}]}
{"_local_timestamp": "2026-01-25T23:40:33.006333+00:00", "data": {"market": "0x087469b4129c64c688397028059dfd366796adbd426e0079ee4cfdd2e4a07b61", "price_changes": [{"asset_id": "45822599979868501396582860994506290061594012396386219725082308923565779306211", "price": "0.22", "size": "1908", "side": "BUY", "hash": "711a9d6a15a299d0a39ae5379cb46d9467eb0201", "best_bid": "0.85", "best_ask": "0.86"}, {"asset_id": "29464249359795764732112771440808805030560641430581197204785405866716242261762", "price": "0.78", "size": "1908", "side": "SELL", "hash": "b066c1da43b29dd69a5804e3d8adc0a5ce31ba92", "best_bid": "0.14", "best_ask": "0.15"}], "timestamp": "1769384432934", "event_type": "price_change"}}
{"_local_timestamp": "2026-01-25T23:40:58.207908+00:00", "data": {"market": "0x087469b4129c64c688397028059dfd366796adbd426e0079ee4cfdd2e4a07b61", "price_changes": [{"asset_id": "29464249359795764732112771440808805030560641430581197204785405866716242261762", "price": "0.16", "size": "664.81", "side": "SELL", "hash": "f9006f72164181d815a5194a6d638ee0e2fbc652", "best_bid": "0.14", "best_ask": "0.15"}, {"asset_id": "45822599979868501396582860994506290061594012396386219725082308923565779306211", "price": "0.84", "size": "664.81", "side": "BUY", "hash": "0c493b7a4a2c559b1908f988981e0ca4a28d106e", "best_bid": "0.85", "best_ask": "0.86"}], "timestamp": "1769384458141", "event_type": "price_change"}}
{"_local_timestamp": "2026-01-25T23:41:50.969690+00:00", "data": {"market": "0x087469b4129c64c688397028059dfd366796adbd426e0079ee4cfdd2e4a07b61", "price_changes": [{"asset_id": "45822599979868501396582860994506290061594012396386219725082308923565779306211", "price": "0.27", "size": "100", "side": "BUY", "hash": "27bdebf0e1e975527efb9cfb341df4ce811f6b44", "best_bid": "0.85", "best_ask": "0.86"}, {"asset_id": "29464249359795764732112771440808805030560641430581197204785405866716242261762", "price": "0.73", "size": "100", "side": "SELL", "hash": "16df8baaede42a81773a733cf00654400b2df8af", "best_bid": "0.14", "best_ask": "0.15"}], "timestamp": "1769384510774", "event_type": "price_change"}}
{"_local_timestamp": "2026-01-25T23:41:52.855020+00:00", "data": {"market": "0x087469b4129c64c688397028059dfd366796adbd426e0079ee4cfdd2e4a07b61", "price_changes": [{"asset_id": "45822599979868501396582860994506290061594012396386219725082308923565779306211", "price": "0.3", "size": "930", "side": "BUY", "hash": "297b7baee25531fb79079ab2e74e8fbfcd210736", "best_bid": "0.85", "best_ask": "0.86"}, {"asset_id": "29464249359795764732112771440808805030560641430581197204785405866716242261762", "price": "0.7", "size": "930", "side": "SELL", "hash": "eaec0419aff2ae7287ca2604f2fcda51e9f5ac9d", "best_bid": "0.14", "best_ask": "0.15"}], "timestamp": "1769384511815", "event_type": "price_change"}}
{"_local_timestamp": "2026-01-25T23:41:53.197802+00:00", "data": {"market": "0x087469b4129c64c688397028059dfd366796adbd426e0079ee4cfdd2e4a07b61", "price_changes": [{"asset_id": "29464249359795764732112771440808805030560641430581197204785405866716242261762", "price": "0.16", "size": "614", "side": "SELL", "hash": "9235fbd27292dd6e286f1a1314294aa5c728ff1d", "best_bid": "0.14", "best_ask": "0.15"}, {"asset_id": "45822599979868501396582860994506290061594012396386219725082308923565779306211", "price": "0.84", "size": "614", "side": "BUY", "hash": "67151da14c06ee5f5debb72937e51d6ed4f9eb33", "best_bid": "0.85", "best_ask": "0.86"}], "timestamp": "1769384512925", "event_type": "price_change"}}
{"_local_timestamp": "2026-01-25T23:41:55.784618+00:00", "data": {"market": "0x087469b4129c64c688397028059dfd366796adbd426e0079ee4cfdd2e4a07b61", "price_changes": [{"asset_id": "29464249359795764732112771440808805030560641430581197204785405866716242261762", "price": "0.16", "size": "632.25", "side": "SELL", "hash": "715826cbab59359b1ce87af13d62135ae1e0dc46", "best_bid": "0.14", "best_ask": "0.15"}, {"asset_id": "45822599979868501396582860994506290061594012396386219725082308923565779306211", "price": "0.84", "size": "632.25", "side": "BUY", "hash": "cca7ed58b8424b393d666ad3d6b3cff6bc06b596", "best_bid": "0.85", "best_ask": "0.86"}], "timestamp": "1769384515718", "event_type": "price_change"}}
{"_local_timestamp": "2026-01-25T23:41:58.280904+00:00", "data": {"market": "0x087469b4129c64c688397028059dfd366796adbd426e0079ee4cfdd2e4a07b61", "price_changes": [{"asset_id": "29464249359795764732112771440808805030560641430581197204785405866716242261762", "price": "0.17", "size": "573.12", "side": "SELL", "hash": "dad86ac0b96f9bdb7ea6de1dd43ad128ec72f3ab", "best_bid": "0.14", "best_ask": "0.15"}, {"asset_id": "45822599979868501396582860994506290061594012396386219725082308923565779306211", "price": "0.83", "size": "573.12", "side": "BUY", "hash": "ea00c05698e62d17be46a0ea3c395cccb558c0a1", "best_bid": "0.85", "best_ask": "0.86"}], "timestamp": "1769384518207", "event_type": "price_change"}}
{"_local_timestamp": "2026-01-25T23:42:24.706158+00:00", "data": {"market": "0x087469b4129c64c688397028059dfd366796adbd426e0079ee4cfdd2e4a07b61", "price_changes": [{"asset_id": "45822599979868501396582860994506290061594012396386219725082308923565779306211", "price": "0.27", "size": "50", "side": "BUY", "hash": "5dbb5e7df2be000cb184251067a8c4525ac73dd0", "best_bid": "0.85", "best_ask": "0.86"}, {"asset_id": "29464249359795764732112771440808805030560641430581197204785405866716242261762", "price": "0.73", "size": "50", "side": "SELL", "hash": "1b9b855d96fb76f9b52d25da4dee0772b82204d2", "best_bid": "0.14", "best_ask": "0.15"}], "timestamp": "1769384544473", "event_type": "price_change"}}
{"_local_timestamp": "2026-01-25T23:42:25.219131+00:00", "data": {"market": "0x087469b4129c64c688397028059dfd366796adbd426e0079ee4cfdd2e4a07b61", "price_changes": [{"asset_id": "45822599979868501396582860994506290061594012396386219725082308923565779306211", "price": "0.22", "size": "1958", "side": "BUY", "hash": "be059aa06c5f1b429937e986fd44fddcc27b5b8f", "best_bid": "0.85", "best_ask": "0.86"}, {"asset_id": "29464249359795764732112771440808805030560641430581197204785405866716242261762", "price": "0.78", "size": "1958", "side": "SELL", "hash": "b5ff8a37d7e4f76030cf77cedd393b1cfa67b8e4", "best_bid": "0.14", "best_ask": "0.15"}], "timestamp": "1769384544928", "event_type": "price_change"}}
{"_local_timestamp": "2026-01-25T23:42:45.468705+00:00", "data": {"market": "0x087469b4129c64c688397028059dfd366796adbd426e0079ee4cfdd2e4a07b61", "price_changes": [{"asset_id": "45822599979868501396582860994506290061594012396386219725082308923565779306211", "price": "0.27", "size": "0", "side": "BUY", "hash": "c1dc1da620990b389e33c33be556d10a20dc7780", "best_bid": "0.85", "best_ask": "0.86"}, {"asset_id": "29464249359795764732112771440808805030560641430581197204785405866716242261762", "price": "0.73", "size": "0", "side": "SELL", "hash": "83289fc3c8557a871944c1d2bf9e0e1aad405d59", "best_bid": "0.14", "best_ask": "0.15"}], "timestamp": "1769384565222", "event_type": "price_change"}}
{"_local_timestamp": "2026-01-25T23:42:45.469655+00:00", "data": {"market": "0x087469b4129c64c688397028059dfd366796adbd426e0079ee4cfdd2e4a07b61", "price_changes": [{"asset_id": "45822599979868501396582860994506290061594012396386219725082308923565779306211", "price": "0.21", "size": "133.33", "side": "BUY", "hash": "c1dc1da620990b389e33c33be556d10a20dc7780", "best_bid": "0.85", "best_ask": "0.86"}, {"asset_id": "29464249359795764732112771440808805030560641430581197204785405866716242261762", "price": "0.79", "size": "133.33", "side": "SELL", "hash": "83289fc3c8557a871944c1d2bf9e0e1aad405d59", "best_bid": "0.14", "best_ask": "0.15"}], "timestamp": "1769384565222", "event_type": "price_change"}}
{"_local_timestamp": "2026-01-25T23:42:45.775481+00:00", "data": {"market": "0x087469b4129c64c688397028059dfd366796adbd426e0079ee4cfdd2e4a07b61", "price_changes": [{"asset_id": "45822599979868501396582860994506290061594012396386219725082308923565779306211", "price": "0.22", "size": "2008", "side": "BUY", "hash": "f1c1019b65d210806e343b9e1f3dc03648eae70d", "best_bid": "0.85", "best_ask": "0.86"}, {"asset_id": "29464249359795764732112771440808805030560641430581197204785405866716242261762", "price": "0.78", "size": "2008", "side": "SELL", "hash": "e8290f685bf1702ff0b4b9e6acef97335c638049", "best_bid": "0.14", "best_ask": "0.15"}], "timestamp": "1769384565599", "event_type": "price_change"}}
{"_local_timestamp": "2026-01-25T23:42:45.811510+00:00", "data": {"market": "0x087469b4129c64c688397028059dfd366796adbd426e0079ee4cfdd2e4a07b61", "price_changes": [{"asset_id": "45822599979868501396582860994506290061594012396386219725082308923565779306211", "price": "0.3", "size": "980", "side": "BUY", "hash": "00fe3fe5f6d7389984e03998e2f911284ce8ac0e", "best_bid": "0.85", "best_ask": "0.86"}, {"asset_id": "29464249359795764732112771440808805030560641430581197204785405866716242261762", "price": "0.7", "size": "980", "side": "SELL", "hash": "88cfcc4c409fa3c32be3ecb0ccd059d2be8fae47", "best_bid": "0.14", "best_ask": "0.15"}], "timestamp": "1769384565624", "event_type": "price_change"}}
{"_local_timestamp": "2026-01-25T23:44:20.963934+00:00", "data": {"market": "0x087469b4129c64c688397028059dfd366796adbd426e0079ee4cfdd2e4a07b61", "price_changes": [{"asset_id": "45822599979868501396582860994506290061594012396386219725082308923565779306211", "price": "0.3", "size": "880", "side": "BUY", "hash": "4ab1944b7a7abd8a51c25077b185269a94af4424", "best_bid": "0.85", "best_ask": "0.86"}, {"asset_id": "29464249359795764732112771440808805030560641430581197204785405866716242261762", "price": "0.7", "size": "880", "side": "SELL", "hash": "3a43a1b1f2d201979a20a53f4671bab67c8530ae", "best_bid": "0.14", "best_ask": "0.15"}], "timestamp": "1769384660499", "event_type": "price_change"}}
{"_local_timestamp": "2026-01-25T23:44:21.355371+00:00", "data": {"market": "0x087469b4129c64c688397028059dfd366796adbd426e0079ee4cfdd2e4a07b61", "price_changes": [{"asset_id": "45822599979868501396582860994506290061594012396386219725082308923565779306211", "price": "0.22", "size": "2108", "side": "BUY", "hash": "7fa5087a5a20f6f986fb63f9613f2874cd6dfbe9", "best_bid": "0.85", "best_ask": "0.86"}, {"asset_id": "29464249359795764732112771440808805030560641430581197204785405866716242261762", "price": "0.78", "size": "2108", "side": "SELL", "hash": "66a95b168246a45bec9a5b7be1611738f21ba48e", "best_bid": "0.14", "best_ask": "0.15"}], "timestamp": "1769384660887", "event_type": "price_change"}}
{"_local_timestamp": "2026-01-25T23:44:32.357540+00:00", "data": {"market": "0x087469b4129c64c688397028059dfd366796adbd426e0079ee4cfdd2e4a07b61", "price_changes": [{"asset_id": "45822599979868501396582860994506290061594012396386219725082308923565779306211", "price": "0.22", "size": "200", "side": "BUY", "hash": "ce17a41a75f52eeb5c6dfc0e99be6440979d3d27", "best_bid": "0.85", "best_ask": "0.86"}, {"asset_id": "29464249359795764732112771440808805030560641430581197204785405866716242261762", "price": "0.78", "size": "200", "side": "SELL", "hash": "f7464d2764c68cbcb8f09a6fba91b7b27e74e4e1", "best_bid": "0.14", "best_ask": "0.15"}], "timestamp": "1769384672290", "event_type": "price_change"}}
{"_local_timestamp": "2026-01-25T23:44:57.032935+00:00", "data": {"market": "0x087469b4129c64c688397028059dfd366796adbd426e0079ee4cfdd2e4a07b61", "price_changes": [{"asset_id": "29464249359795764732112771440808805030560641430581197204785405866716242261762", "price": "0.12", "size": "652.28", "side": "BUY", "hash": "a43e44885516554fa608f1ca4313ee6da12fef92", "best_bid": "0.14", "best_ask": "0.15"}, {"asset_id": "45822599979868501396582860994506290061594012396386219725082308923565779306211", "price": "0.88", "size": "652.28", "side": "SELL", "hash": "a2f148b0ece2c4c75bbe336b4cdcf1f809a0effd", "best_bid": "0.85", "best_ask": "0.86"}], "timestamp": "1769384696917", "event_type": "price_change"}}
{"_local_timestamp": "2026-01-25T23:44:57.048733+00:00", "data": {"market": "0x087469b4129c64c688397028059dfd366796adbd426e0079ee4cfdd2e4a07b61", "price_changes": [{"asset_id": "45822599979868501396582860994506290061594012396386219725082308923565779306211", "price": "0.83", "size": "473.12", "side": "BUY", "hash": "9b31915b13f9748f4b27cde35a179aa6c95bbea1", "best_bid": "0.85", "best_ask": "0.86"}, {"asset_id": "29464249359795764732112771440808805030560641430581197204785405866716242261762", "price": "0.17", "size": "473.12", "side": "SELL", "hash": "3423d6f6a906ae08793cfe96c250072d64b59089", "best_bid": "0.14", "best_ask": "0.15"}], "timestamp": "1769384696918", "event_type": "price_change"}}
{"_local_timestamp": "2026-01-25T23:45:06.938708+00:00", "data": {"market": "0x087469b4129c64c688397028059dfd366796adbd426e0079ee4cfdd2e4a07b61", "price_changes": [{"asset_id": "29464249359795764732112771440808805030560641430581197204785405866716242261762", "price": "0.12", "size": "752.28", "side": "BUY", "hash": "4d9035ba51e3ff15d87db1a56231bc7fd916a380", "best_bid": "0.14", "best_ask": "0.15"}, {"asset_id": "45822599979868501396582860994506290061594012396386219725082308923565779306211", "price": "0.88", "size": "752.28", "side": "SELL", "hash": "935f7488e0bd57cfaad66d4e842dbd6d8e1f061e", "best_bid": "0.85", "best_ask": "0.86"}], "timestamp": "1769384706869", "event_type": "price_change"}}
{"_local_timestamp": "2026-01-25T23:45:10.115061+00:00", "data": {"market": "0x087469b4129c64c688397028059dfd366796adbd426e0079ee4cfdd2e4a07b61", "price_changes": [{"asset_id": "45822599979868501396582860994506290061594012396386219725082308923565779306211", "price": "0.19", "size": "2210", "side": "BUY", "hash": "4e8e399ad41817d5900d63dd77477a7f7127398e", "best_bid": "0.85", "best_ask": "0.86"}, {"asset_id": "29464249359795764732112771440808805030560641430581197204785405866716242261762", "price": "0.81", "size": "2210", "side": "SELL", "hash": "81fdebed881010be86794260f6e7593e5f4b98bf", "best_bid": "0.14", "best_ask": "0.15"}], "timestamp": "1769384710039", "event_type": "price_change"}}
{"_local_timestamp": "2026-01-25T23:45:10.804548+00:00", "data": {"market": "0x087469b4129c64c688397028059dfd366796adbd426e0079ee4cfdd2e4a07b61", "price_changes": [{"asset_id": "45822599979868501396582860994506290061594012396386219725082308923565779306211", "price": "0.83", "size": "573.12", "side": "BUY", "hash": "09c9634c6cf657a81df5364a7f073eaf673dd177", "best_bid": "0.85", "best_ask": "0.86"}, {"asset_id": "29464249359795764732112771440808805030560641430581197204785405866716242261762", "price": "0.17", "size": "573.12", "side": "SELL", "hash": "e90e19206d51db2dbb76c2f726b5721dd5e56002", "best_bid": "0.14", "best_ask": "0.15"}], "timestamp": "1769384710736", "event_type": "price_change"}}
{"_local_timestamp": "2026-01-25T23:45:55.248633+00:00", "data": {"market": "0x087469b4129c64c688397028059dfd366796adbd426e0079ee4cfdd2e4a07b61", "price_changes": [{"asset_id": "29464249359795764732112771440808805030560641430581197204785405866716242261762", "price": "0.17", "size": "540.57", "side": "SELL", "hash": "cf38c98fb0a9c43e076ba1d1cfd713c5254b0f7e", "best_bid": "0.14", "best_ask": "0.15"}, {"asset_id": "45822599979868501396582860994506290061594012396386219725082308923565779306211", "price": "0.83", "size": "540.57", "side": "BUY", "hash": "0f401fb89dc524d72b974289fef4cf9ab620588e", "best_bid": "0.85", "best_ask": "0.86"}], "timestamp": "1769384755183", "event_type": "price_change"}}
{"_local_timestamp": "2026-01-25T23:45:56.658594+00:00", "data": {"market": "0x087469b4129c64c688397028059dfd366796adbd426e0079ee4cfdd2e4a07b61", "price_changes": [{"asset_id": "45822599979868501396582860994506290061594012396386219725082308923565779306211", "price": "0.31", "size": "0", "side": "BUY", "hash": "cc3185cbb6006c490503adc38f0521133cf475df", "best_bid": "0.85", "best_ask": "0.86"}, {"asset_id": "29464249359795764732112771440808805030560641430581197204785405866716242261762", "price": "0.69", "size": "0", "side": "SELL", "hash": "34134347464b68a0cf170e2904e5a7e6434ae2a4", "best_bid": "0.14", "best_ask": "0.15"}], "timestamp": "1769384756081", "event_type": "price_change"}}
{"_local_timestamp": "2026-01-25T23:45:58.030196+00:00", "data": {"market": "0x087469b4129c64c688397028059dfd366796adbd426e0079ee4cfdd2e4a07b61", "price_changes": [{"asset_id": "29464249359795764732112771440808805030560641430581197204785405866716242261762", "price": "0.16", "size": "664.81", "side": "SELL", "hash": "9cc4ecefb47e7e888ad85a9abae506d28190fc83", "best_bid": "0.14", "best_ask": "0.15"}, {"asset_id": "45822599979868501396582860994506290061594012396386219725082308923565779306211", "price": "0.84", "size": "664.81", "side": "BUY", "hash": "dd2ad60692c38bc95756f1073153a7a52d29c7b7", "best_bid": "0.85", "best_ask": "0.86"}], "timestamp": "1769384757961", "event_type": "price_change"}}
{"_local_timestamp": "2026-01-25T23:46:02.823386+00:00", "data": {"market": "0x087469b4129c64c688397028059dfd366796adbd426e0079ee4cfdd2e4a07b61", "price_changes": [{"asset_id": "45822599979868501396582860994506290061594012396386219725082308923565779306211", "price": "0.19", "size": "2510", "side": "BUY", "hash": "43c5a4d15ddc5646b0daaf6837c7ef378fbb21de", "best_bid": "0.85", "best_ask": "0.86"}, {"asset_id": "29464249359795764732112771440808805030560641430581197204785405866716242261762", "price": "0.81", "size": "2510", "side": "SELL", "hash": "1b197fa70091144c42f3e718e2c4e9230d46e743", "best_bid": "0.14", "best_ask": "0.15"}], "timestamp": "1769384762724", "event_type": "price_change"}}
{"_local_timestamp": "2026-01-25T23:46:03.632822+00:00", "data": {"market": "0x087469b4129c64c688397028059dfd366796adbd426e0079ee4cfdd2e4a07b61", "price_changes": [{"asset_id": "29464249359795764732112771440808805030560641430581197204785405866716242261762", "price": "0.16", "size": "614", "side": "SELL", "hash": "9b557d1ab22d8bab547ab81adabb9cdf9e794296", "best_bid": "0.14", "best_ask": "0.15"}, {"asset_id": "45822599979868501396582860994506290061594012396386219725082308923565779306211", "price": "0.84", "size": "614", "side": "BUY", "hash": "3b6f246034ed979e3f9dc66153e927e531c4bb75", "best_bid": "0.85", "best_ask": "0.86"}], "timestamp": "1769384763567", "event_type": "price_change"}}
{"_local_timestamp": "2026-01-25T23:46:06.285012+00:00", "data": {"market": "0x087469b4129c64c688397028059dfd366796adbd426e0079ee4cfdd2e4a07b61", "price_changes": [{"asset_id": "29464249359795764732112771440808805030560641430581197204785405866716242261762", "price": "0.16", "size": "664.81", "side": "SELL", "hash": "f0cd3d009ccf4fc469934abdde31a5c81fb0c07f", "best_bid": "0.14", "best_ask": "0.15"}, {"asset_id": "45822599979868501396582860994506290061594012396386219725082308923565779306211", "price": "0.84", "size": "664.81", "side": "BUY", "hash": "42580126296c1ea6a2905ced9f3faa9145a03d52", "best_bid": "0.85", "best_ask": "0.86"}], "timestamp": "1769384766201", "event_type": "price_change"}}
{"_local_timestamp": "2026-01-25T23:46:10.626969+00:00", "data": {"market": "0x087469b4129c64c688397028059dfd366796adbd426e0079ee4cfdd2e4a07b61", "price_changes": [{"asset_id": "45822599979868501396582860994506290061594012396386219725082308923565779306211", "price": "0.19", "size": "300", "side": "BUY", "hash": "c67328554c2761887114a50b9c146f6a4e0f4fdb", "best_bid": "0.85", "best_ask": "0.86"}, {"asset_id": "29464249359795764732112771440808805030560641430581197204785405866716242261762", "price": "0.81", "size": "300", "side": "SELL", "hash": "38be228bdea0c4d08597bc7fba90f3dc4d4f625e", "best_bid": "0.14", "best_ask": "0.15"}], "timestamp": "1769384770459", "event_type": "price_change"}}
{"_local_timestamp": "2026-01-25T23:46:17.342182+00:00", "data": {"market": "0x087469b4129c64c688397028059dfd366796adbd426e0079ee4cfdd2e4a07b61", "price_changes": [{"asset_id": "45822599979868501396582860994506290061594012396386219725082308923565779306211", "price": "0.23", "size": "1826", "side": "BUY", "hash": "52f35eb9bc8778f6d0f51d2cc41f880b96776fa9", "best_bid": "0.85", "best_ask": "0.86"}, {"asset_id": "29464249359795764732112771440808805030560641430581197204785405866716242261762", "price": "0.77", "size": "1826", "side": "SELL", "hash": "9e51d9686a862eb9fcb4b72414ece98f9a93732a", "best_bid": "0.14", "best_ask": "0.15"}], "timestamp": "1769384777279", "event_type": "price_change"}}
{"_local_timestamp": "2026-01-25T23:46:46.139813+00:00", "data": {"market": "0x087469b4129c64c688397028059dfd366796adbd426e0079ee4cfdd2e4a07b61", "price_changes": [{"asset_id": "29464249359795764732112771440808805030560641430581197204785405866716242261762", "price": "0.16", "size": "614", "side": "SELL", "hash": "9083ad71be83c749d0e912ccf62c276d20e5714a", "best_bid": "0.14", "best_ask": "0.15"}, {"asset_id": "45822599979868501396582860994506290061594012396386219725082308923565779306211", "price": "0.84", "size": "614", "side": "BUY", "hash": "a9b72fbd5c899cdca2419d25c1d9e3dc2610852b", "best_bid": "0.85", "best_ask": "0.86"}], "timestamp": "1769384806019", "event_type": "price_change"}}
{"_local_timestamp": "2026-01-25T23:47:37.656043+00:00", "data": {"market": "0x087469b4129c64c688397028059dfd366796adbd426e0079ee4cfdd2e4a07b61", "price_changes": [{"asset_id": "45822599979868501396582860994506290061594012396386219725082308923565779306211", "price": "0.22", "size": "150", "side": "BUY", "hash": "be283b1434aa6d2ddc7121bc642d1056318e94c9", "best_bid": "0.85", "best_ask": "0.86"}, {"asset_id": "29464249359795764732112771440808805030560641430581197204785405866716242261762", "price": "0.78", "size": "150", "side": "SELL", "hash": "5de6de3684f83e798e47772ce6d00d5f89cd5b30", "best_bid": "0.14", "best_ask": "0.15"}], "timestamp": "1769384857530", "event_type": "price_change"}}
{"_local_timestamp": "2026-01-25T23:47:38.303923+00:00", "data": {"market": "0x087469b4129c64c688397028059dfd366796adbd426e0079ee4cfdd2e4a07b61", "price_changes": [{"asset_id": "45822599979868501396582860994506290061594012396386219725082308923565779306211", "price": "0.3", "size": "930", "side": "BUY", "hash": "e8f3bc2ba05b7bd72a6bef2661f723c28be023d4", "best_bid": "0.85", "best_ask": "0.86"}, {"asset_id": "29464249359795764732112771440808805030560641430581197204785405866716242261762", "price": "0.7", "size": "930", "side": "SELL", "hash": "fd0d600425d6ead0b3b68010b337ed1d89a3f3d1", "best_bid": "0.14", "best_ask": "0.15"}], "timestamp": "1769384858053", "event_type": "price_change"}}
{"_local_timestamp": "2026-01-25T23:49:25.396174+00:00", "data": {"market": "0x087469b4129c64c688397028059dfd366796adbd426e0079ee4cfdd2e4a07b61", "price_changes": [{"asset_id": "45822599979868501396582860994506290061594012396386219725082308923565779306211", "price": "0.3", "size": "880", "side": "BUY", "hash": "ee8b3b3720b10ab4a5b0066d9185036d12395181", "best_bid": "0.85", "best_ask": "0.86"}, {"asset_id": "29464249359795764732112771440808805030560641430581197204785405866716242261762", "price": "0.7", "size": "880", "side": "SELL", "hash": "b29b213dfc6be9992211a4652ede287638e6693c", "best_bid": "0.14", "best_ask": "0.15"}], "timestamp": "1769384965270", "event_type": "price_change"}}
{"_local_timestamp": "2026-01-25T23:49:26.038645+00:00", "data": {"market": "0x087469b4129c64c688397028059dfd366796adbd426e0079ee4cfdd2e4a07b61", "price_changes": [{"asset_id": "45822599979868501396582860994506290061594012396386219725082308923565779306211", "price": "0.23", "size": "1876", "side": "BUY", "hash": "16303080f13e5294dcfbbe37b25067ef0e98c130", "best_bid": "0.85", "best_ask": "0.86"}, {"asset_id": "29464249359795764732112771440808805030560641430581197204785405866716242261762", "price": "0.77", "size": "1876", "side": "SELL", "hash": "189521a1a7bdee4ca88b41b1d00afee068d4e0e4", "best_bid": "0.14", "best_ask": "0.15"}], "timestamp": "1769384965803", "event_type": "price_change"}}
{"_local_timestamp": "2026-01-25T23:49:30.451553+00:00", "data": {"market": "0x087469b4129c64c688397028059dfd366796adbd426e0079ee4cfdd2e4a07b61", "price_changes": [{"asset_id": "45822599979868501396582860994506290061594012396386219725082308923565779306211", "price": "0.22", "size": "50", "side": "BUY", "hash": "9838b8ad22146a9c1c52b55b83e5d376def360d3", "best_bid": "0.85", "best_ask": "0.86"}, {"asset_id": "29464249359795764732112771440808805030560641430581197204785405866716242261762", "price": "0.78", "size": "50", "side": "SELL", "hash": "86fbf56b02f1951ab72971fa22f7616656908eac", "best_bid": "0.14", "best_ask": "0.15"}], "timestamp": "1769384970072", "event_type": "price_change"}}
{"_local_timestamp": "2026-01-25T23:49:31.133961+00:00", "data": {"market": "0x087469b4129c64c688397028059dfd366796adbd426e0079ee4cfdd2e4a07b61", "price_changes": [{"asset_id": "45822599979868501396582860994506290061594012396386219725082308923565779306211", "price": "0.23", "size": "1976", "side": "BUY", "hash": "8cddcc38d6459775083e7a2ba1e6b07f8ac01298", "best_bid": "0.85", "best_ask": "0.86"}, {"asset_id": "29464249359795764732112771440808805030560641430581197204785405866716242261762", "price": "0.77", "size": "1976", "side": "SELL", "hash": "9a94aa580e22cb9f08902ba678a70088a7f7cd94", "best_bid": "0.14", "best_ask": "0.15"}], "timestamp": "1769384970694", "event_type": "price_change"}}
{"_local_timestamp": "2026-01-25T23:49:31.210029+00:00", "data": {"market": "0x087469b4129c64c688397028059dfd366796adbd426e0079ee4cfdd2e4a07b61", "price_changes": [{"asset_id": "29464249359795764732112771440808805030560641430581197204785405866716242261762", "price": "0.16", "size": "664.81", "side": "SELL", "hash": "eeb9bdbc6a57eb1833d12479134609bf938b06ce", "best_bid": "0.14", "best_ask": "0.15"}, {"asset_id": "45822599979868501396582860994506290061594012396386219725082308923565779306211", "price": "0.84", "size": "664.81", "side": "BUY", "hash": "7976494b70a4e9484712b2783e931efe44b7bb29", "best_bid": "0.85", "best_ask": "0.86"}], "timestamp": "1769384970844", "event_type": "price_change"}}
{"_local_timestamp": "2026-01-25T23:49:41.832342+00:00", "data": {"market": "0x087469b4129c64c688397028059dfd366796adbd426e0079ee4cfdd2e4a07b61", "price_changes": [{"asset_id": "45822599979868501396582860994506290061594012396386219725082308923565779306211", "price": "0.22", "size": "0", "side": "BUY", "hash": "0e2e23dda61cec0efdbd426c92a3b4ff1872f216", "best_bid": "0.85", "best_ask": "0.86"}, {"asset_id": "29464249359795764732112771440808805030560641430581197204785405866716242261762", "price": "0.78", "size": "0", "side": "SELL", "hash": "bd4ae31039a9fe64a1fed97bd488801014dcf69d", "best_bid": "0.14", "best_ask": "0.15"}], "timestamp": "1769384981679", "event_type": "price_change"}}
{"_local_timestamp": "2026-01-25T23:49:42.359802+00:00", "data": {"market": "0x087469b4129c64c688397028059dfd366796adbd426e0079ee4cfdd2e4a07b61", "price_changes": [{"asset_id": "45822599979868501396582860994506290061594012396386219725082308923565779306211", "price": "0.23", "size": "2026", "side": "BUY", "hash": "d2cdb2129ebc4664a06f69aa27f18d0349080eb1", "best_bid": "0.85", "best_ask": "0.86"}, {"asset_id": "29464249359795764732112771440808805030560641430581197204785405866716242261762", "price": "0.77", "size": "2026", "side": "SELL", "hash": "9f9941d30df7d85fde8c664373b8b24b9ee9c218", "best_bid": "0.14", "best_ask": "0.15"}], "timestamp": "1769384982210", "event_type": "price_change"}}
{"_local_timestamp": "2026-01-25T23:50:02.630616+00:00", "data": {"market": "0x087469b4129c64c688397028059dfd366796adbd426e0079ee4cfdd2e4a07b61", "price_changes": [{"asset_id": "45822599979868501396582860994506290061594012396386219725082308923565779306211", "price": "0.18", "size": "0", "side": "BUY", "hash": "94a5b98966cdefc238a2f04edecdacfb993389d3", "best_bid": "0.85", "best_ask": "0.86"}, {"asset_id": "29464249359795764732112771440808805030560641430581197204785405866716242261762", "price": "0.82", "size": "0", "side": "SELL", "hash": "b466bf1f0767938c3b4529c8909e3c261d4df685", "best_bid": "0.14", "best_ask": "0.15"}], "timestamp": "1769385002280", "event_type": "price_change"}}
