{"_local_timestamp": "2026-01-25T23:33:25.431180+00:00", "data": [{"market": "0x36b4c56e1fa680183b12c0b60512d2bfc484d7ff37e50df9cb32fc6fce04be52", "asset_id": "35289804810638331155641877368674139782904835594511430697828256191125930626019", "timestamp": "1769383963550", "hash": "deddf2deda8bcc2f97d34d9832c4613280cd7bd6", "bids": [{"price": "0.01", "size": "5889.15"}, {"price": "0.02", "size": "2700"}, {"price": "0.03", "size": "405.59"}, {"price": "0.05", "size": "30"}, {"price": "0.06", "size": "733"}, {"price": "0.07", "size": "10.49"}, {"price": "0.11", "size": "550"}, {"price": "0.2", "size": "500"}, {"price": "0.21", "size": "200"}, {"price": "0.28", "size": "100"}, {"price": "0.29", "size": "300"}, {"price": "0.37", "size": "191.66"}, {"price": "0.6", "size": "166.66"}, {"price": "0.66", "size": "19.69"}, {"price": "0.67", "size": "16.41"}, {"price": "0.76", "size": "100"}, {"price": "0.79", "size": "5.88"}, {"price": "0.82", "size": "71.29"}, {"price": "0.84", "size": "66.66"}, {"price": "0.85", "size": "123.59"}], "asks": [{"price": "0.99", "size": "252.25"}, {"price": "0.98", "size": "511.26"}, {"price": "0.97", "size": "400"}, {"price": "0.96", "size": "344.95"}, {"price": "0.95", "size": "250"}, {"price": "0.94", "size": "43.37"}, {"price": "0.93", "size": "206.8"}, {"price": "0.91", "size": "43.37"}, {"price": "0.89", "size": "107.46"}], "event_type": "book", "last_trade_price": "0.110"}, {"market": "0x36b4c56e1fa680183b12c0b60512d2bfc484d7ff37e50df9cb32fc6fce04be52", "asset_id": "102294769504191183066496570084215617256652352602446037357997287692626029461493", "timestamp": "1769383963550", "hash": "5746c81b275e21f21c0796ca885f6a11c48faa33", "bids": [{"price": "0.01", "size": "252.25"}, {"price": "0.02", "size": "511.26"}, {"price": "0.03", "size": "400"}, {"price": "0.04", "size": "344.95"}, {"price": "0.05", "size": "250"}, {"price": "0.06", "size": "43.37"}, {"price": "0.07", "size": "206.8"}, {"price": "0.09", "size": "43.37"}, {"price": "0.11", "size": "107.46"}], "asks": [{"price": "0.99", "size": "5889.15"}, {"price": "0.98", "size": "2700"}, {"price": "0.97", "size": "405.59"}, {"price": "0.95", "size": "30"}, {"price": "0.94", "size": "733"}, {"price": "0.93", "size": "10.49"}, {"price": "0.89", "size": "550"}, {"price": "0.8", "size": "500"}, {"price": "0.79", "size": "200"}, {"price": "0.72", "size": "100"}, {"price": "0.71", "size": "300"}, {"price": "0.63", "size": "191.66"}, {"price": "0.4", "size": "166.66"}, {"price": "0.34", "size": "19.69"}, {"price": "0.33", "size": "16.41"}, {"price": "0.24", "size": "100"}, {"price": "0.21", "size": "5.88"}, {"price": "0.18", "size": "71.29"}, {"price": "0.16", "size": "66.66"}, {"price": "0.15", "size": "123.59"}], "event_type": "book", "last_trade_price": "0.110"}]}
{"_local_timestamp": "2026-01-25T23:33:40.301153+00:00", "data": {"market": "0x36b4c56e1fa680183b12c0b60512d2bfc484d7ff37e50df9cb32fc6fce04be52", "price_changes": [{"asset_id": "35289804810638331155641877368674139782904835594511430697828256191125930626019", "price": "0.28", "size": "50", "side": "BUY", "hash": "4742d66afaf5cd863f89ebf6c2d3230bf849d8ac", "best_bid": "0.85", "best_ask": "0.89"}, {"asset_id": "102294769504191183066496570084215617256652352602446037357997287692626029461493", "price": "0.72", "size": "50", "side": "SELL", "hash": "bdbaf5c5a70672f296b7602bfb8577a962f2ae38", "best_bid": "0.11", "best_ask": "0.15"}], "timestamp": "1769384020095", "event_type": "price_change"}}
{"_local_timestamp": "2026-01-25T23:33:40.749271+00:00", "data": {"market": "0x36b4c56e1fa680183b12c0b60512d2bfc484d7ff37e50df9cb32fc6fce04be52", "price_changes": [{"asset_id": "35289804810638331155641877368674139782904835594511430697828256191125930626019", "price": "0.29", "size": "350", "side": "BUY", "hash": "d81bf9f0cd56fe54fd8cb54890fcba0852d56ace", "best_bid": "0.85", "best_ask": "0.89"}, {"asset_id": "102294769504191183066496570084215617256652352602446037357997287692626029461493", "price": "0.71", "size": "350", "side": "SELL", "hash": "b18e612e8de539ba04b87e3afd022a149cef19e8", "best_bid": "0.11", "best_ask": "0.15"}], "timestamp": "1769384020550", "event_type": "price_change"}}
{"_local_timestamp": "2026-01-25T23:34:30.265747+00:00", "data": {"market": "0x36b4c56e1fa680183b12c0b60512d2bfc484d7ff37e50df9cb32fc6fce04be52", "price_changes": [{"asset_id": "35289804810638331155641877368674139782904835594511430697828256191125930626019", "price": "0.84", "size": "0", "side": "BUY", "hash": "c1caa246448588ea508a436cee1b4e48c42873b4", "best_bid": "0.85", "best_ask": "0.89"}, {"asset_id": "102294769504191183066496570084215617256652352602446037357997287692626029461493", "price": "0.16", "size": "0", "side": "SELL", "hash": "38858afce6d8e3631ec534bf8e91ac8f9518a19d", "best_bid": "0.11", "best_ask": "0.15"}], "timestamp": "1769384069935", "event_type": "price_change"}}
{"_local_timestamp": "2026-01-25T23:34:30.268950+00:00", "data": {"market": "0x36b4c56e1fa680183b12c0b60512d2bfc484d7ff37e50df9cb32fc6fce04be52", "price_changes": [{"asset_id": "35289804810638331155641877368674139782904835594511430697828256191125930626019", "price": "0.6", "size": "100", "side": "BUY", "hash": "c1caa246448588ea508a436cee1b4e48c42873b4", "best_bid": "0.85", "best_ask": "0.89"}, {"asset_id": "102294769504191183066496570084215617256652352602446037357997287692626029461493", "price": "0.4", "size": "100", "side": "SELL", "hash": "38858afce6d8e3631ec534bf8e91ac8f9518a19d", "best_bid": "0.11", "best_ask": "0.15"}], "timestamp": "1769384069935", "event_type": "price_change"}}
{"_local_timestamp": "2026-01-25T23:34:30.269872+00:00", "data": {"market": "0x36b4c56e1fa680183b12c0b60512d2bfc484d7ff37e50df9cb32fc6fce04be52", "price_changes": [{"asset_id": "35289804810638331155641877368674139782904835594511430697828256191125930626019", "price": "0.37", "size": "125", "side": "BUY", "hash": "c1caa246448588ea508a436cee1b4e48c42873b4", "best_bid": "0.85", "best_ask": "0.89"}, {"asset_id": "102294769504191183066496570084215617256652352602446037357997287692626029461493", "price": "0.63", "size": "125", "side": "SELL", "hash": "38858afce6d8e3631ec534bf8e91ac8f9518a19d", "best_bid": "0.11", "best_ask": "0.15"}], "timestamp": "1769384069935", "event_type": "price_change"}}
{"_local_timestamp": "2026-01-25T23:34:30.874582+00:00", "data": {"market": "0x36b4c56e1fa680183b12c0b60512d2bfc484d7ff37e50df9cb32fc6fce04be52", "price_changes": [{"asset_id": "35289804810638331155641877368674139782904835594511430697828256191125930626019", "price": "0.62", "size": "100", "side": "BUY", "hash": "d2ae6221917465c24e9a1816cf521c3f5e8b5882", "best_bid": "0.85", "best_ask": "0.89"}, {"asset_id": "102294769504191183066496570084215617256652352602446037357997287692626029461493", "price": "0.38", "size": "100", "side": "SELL", "hash": "729c1a4fcac1668e8e98a94bf7be21a1da28735f", "best_bid": "0.11", "best_ask": "0.15"}], "timestamp": "1769384070612", "event_type": "price_change"}}
{"_local_timestamp": "2026-01-25T23:34:30.875859+00:00", "data": {"market": "0x36b4c56e1fa680183b12c0b60512d2bfc484d7ff37e50df9cb32fc6fce04be52", "price_changes": [{"asset_id": "35289804810638331155641877368674139782904835594511430697828256191125930626019", "price": "0.38", "size": "100", "side": "BUY", "hash": "e855a66baf5def482ebc5a4253c6f882b08d0eaa", "best_bid": "0.85", "best_ask": "0.89"}, {"asset_id": "102294769504191183066496570084215617256652352602446037357997287692626029461493", "price": "0.62", "size": "100", "side": "SELL", "hash": "dec017c74e3b582526b5317a11155f4ddb40bb58", "best_bid": "0.11", "best_ask": "0.15"}], "timestamp": "1769384070653", "event_type": "price_change"}}
{"_local_timestamp": "2026-01-25T23:35:18.237496+00:00", "data": {"market": "0x36b4c56e1fa680183b12c0b60512d2bfc484d7ff37e50df9cb32fc6fce04be52", "price_changes": [{"asset_id": "102294769504191183066496570084215617256652352602446037357997287692626029461493", "price": "0.15", "size": "0", "side": "SELL", "hash": "7aa93bfb77a0c67eeb5baaf69f2ce7f19993b73b", "best_bid": "0.11", "best_ask": "0.18"}, {"asset_id": "35289804810638331155641877368674139782904835594511430697828256191125930626019", "price": "0.85", "size": "0", "side": "BUY", "hash": "994d72123e76e43649b25333c3765be717f26c7a", "best_bid": "0.82", "best_ask": "0.89"}], "timestamp": "1769384118163", "event_type": "price_change"}}
{"_local_timestamp": "2026-01-25T23:35:18.708151+00:00", "data": {"market": "0x36b4c56e1fa680183b12c0b60512d2bfc484d7ff37e50df9cb32fc6fce04be52", "price_changes": [{"asset_id": "102294769504191183066496570084215617256652352602446037357997287692626029461493", "price": "0.17", "size": "123.59", "side": "SELL", "hash": "57246dccded3a718cc4011fd6f2c2bf269948985", "best_bid": "0.11", "best_ask": "0.17"}, {"asset_id": "35289804810638331155641877368674139782904835594511430697828256191125930626019", "price": "0.83", "size": "123.59", "side": "BUY", "hash": "608df15c1d190eaae866cb28010983a27848bd5e", "best_bid": "0.83", "best_ask": "0.89"}], "timestamp": "1769384118640", "event_type": "price_change"}}
{"_local_timestamp": "2026-01-25T23:35:56.443547+00:00", "data": {"market": "0x36b4c56e1fa680183b12c0b60512d2bfc484d7ff37e50df9cb32fc6fce04be52", "price_changes": [{"asset_id": "35289804810638331155641877368674139782904835594511430697828256191125930626019", "price": "0.28", "size": "0", "side": "BUY", "hash": "8dc974d7f174391887b678f7bb6c092d1a1effcb", "best_bid": "0.83", "best_ask": "0.89"}, {"asset_id": "102294769504191183066496570084215617256652352602446037357997287692626029461493", "price": "0.72", "size": "0", "side": "SELL", "hash": "87dcda04d2d28556d6c5e55ef88ad040a9b00699", "best_bid": "0.11", "best_ask": "0.17"}], "timestamp": "1769384156293", "event_type": "price_change"}}
{"_local_timestamp": "2026-01-25T23:35:56.816026+00:00", "data": {"market": "0x36b4c56e1fa680183b12c0b60512d2bfc484d7ff37e50df9cb32fc6fce04be52", "price_changes": [{"asset_id": "35289804810638331155641877368674139782904835594511430697828256191125930626019", "price": "0.29", "size": "400", "side": "BUY", "hash": "4b54d20a4c7ee1a93caf7712d8f134a4c50fb485", "best_bid": "0.83", "best_ask": "0.89"}, {"asset_id": "102294769504191183066496570084215617256652352602446037357997287692626029461493", "price": "0.71", "size": "400", "side": "SELL", "hash": "0f1e351cc189c718cf52390b03bb7404e934044d", "best_bid": "0.11", "best_ask": "0.17"}], "timestamp": "1769384156713", "event_type": "price_change"}}
