{"_local_timestamp": "2026-01-25T23:33:17.691738+00:00", "data": [{"market": "0x0dc45815251ab7d5c3cbde5d7eee5bc96eac3d924c0a4c4f10175049e068fe20", "asset_id": "703229116919803457142440034780425874346022451261358752931225117413237404457", "timestamp": "1769383992548", "hash": "33b1cce117454a3144de302ee64652ba93044a70", "bids": [{"price": "0.01", "size": "30000"}, {"price": "0.02", "size": "5394.02"}, {"price": "0.03", "size": "2030.31"}, {"price": "0.04", "size": "2155"}, {"price": "0.05", "size": "1396.17"}, {"price": "0.06", "size": "1211.86"}, {"price": "0.07", "size": "72"}], "asks": [{"price": "0.99", "size": "6333.71"}, {"price": "0.98", "size": "1656"}, {"price": "0.97", "size": "250"}, {"price": "0.96", "size": "70.82"}, {"price": "0.95", "size": "30"}, {"price": "0.94", "size": "33"}, {"price": "0.92", "size": "16"}, {"price": "0.91", "size": "600"}, {"price": "0.9", "size": "6.3"}, {"price": "0.86", "size": "242.85"}, {"price": "0.85", "size": "550"}, {"price": "0.81", "size": "168.42"}, {"price": "0.8", "size": "400"}, {"price": "0.78", "size": "726"}, {"price": "0.77", "size": "2247.73"}, {"price": "0.72", "size": "92.85"}, {"price": "0.7", "size": "350"}, {"price": "0.67", "size": "72.72"}, {"price": "0.66", "size": "50"}, {"price": "0.62", "size": "52.63"}, {"price": "0.58", "size": "3892"}, {"price": "0.57", "size": "1459"}, {"price": "0.22", "size": "300"}, {"price": "0.18", "size": "940.3"}, {"price": "0.17", "size": "110"}, {"price": "0.16", "size": "50"}, {"price": "0.15", "size": "229.16"}, {"price": "0.13", "size": "30"}, {"price": "0.12", "size": "33"}, {"price": "0.11", "size": "86"}, {"price": "0.1", "size": "2491"}, {"price": "0.09", "size": "541.13"}], "event_type": "book", "last_trade_price": "0.070"}, {"market": "0x0dc45815251ab7d5c3cbde5d7eee5bc96eac3d924c0a4c4f10175049e068fe20", "asset_id": "71144742975537017512904527392353107518472601816123355990566837993879064231255", "timestamp": "1769383992548", "hash": "3ccc88b25e3a3399421792e26c81cde957249e60", "bids": [{"price": "0.01", "size": "6333.71"}, {"price": "0.02", "size": "1656"}, {"price": "0.03", "size": "250"}, {"price": "0.04", "size": "70.82"}, {"price": "0.05", "size": "30"}, {"price": "0.06", "size": "33"}, {"price": "0.08", "size": "16"}, {"price": "0.09", "size": "600"}, {"price": "0.1", "size": "6.3"}, {"price": "0.14", "size": "242.85"}, {"price": "0.15", "size": "550"}, {"price": "0.19", "size": "168.42"}, {"price": "0.2", "size": "400"}, {"price": "0.22", "size": "726"}, {"price": "0.23", "size": "2247.73"}, {"price": "0.28", "size": "92.85"}, {"price": "0.3", "size": "350"}, {"price": "0.33", "size": "72.72"}, {"price": "0.34", "size": "50"}, {"price": "0.38", "size": "52.63"}, {"price": "0.42", "size": "3892"}, {"price": "0.43", "size": "1459"}, {"price": "0.78", "size": "300"}, {"price": "0.82", "size": "940.3"}, {"price": "0.83", "size": "110"}, {"price": "0.84", "size": "50"}, {"price": "0.85", "size": "229.16"}, {"price": "0.87", "size": "30"}, {"price": "0.88", "size": "33"}, {"price": "0.89", "size": "86"}, {"price": "0.9", "size": "2491"}, {"price": "0.91", "size": "541.13"}], "asks": [{"price": "0.99", "size": "30000"}, {"price": "0.98", "size": "5394.02"}, {"price": "0.97", "size": "2030.31"}, {"price": "0.96", "size": "2155"}, {"price": "0.95", "size": "1396.17"}, {"price": "0.94", "size": "1211.86"}, {"price": "0.93", "size": "72"}], "event_type": "book", "last_trade_price": "0.070"}]}
{"_local_timestamp": "2026-01-25T23:34:50.126052+00:00", "data": {"market": "0x0dc45815251ab7d5c3cbde5d7eee5bc96eac3d924c0a4c4f10175049e068fe20", "price_changes": [{"asset_id": "703229116919803457142440034780425874346022451261358752931225117413237404457", "price": "0.1", "size": "2441", "side": "SELL", "hash": "4d325ad4c36bfeb13651f3e63e4156033c9b752e", "best_bid": "0.07", "best_ask": "0.09"}, {"asset_id": "71144742975537017512904527392353107518472601816123355990566837993879064231255", "price": "0.9", "size": "2441", "side": "BUY", "hash": "35a0d252448425fee6c1e50e8ce87f2b3f6ab800", "best_bid": "0.91", "best_ask": "0.93"}], "timestamp": "1769384090000", "event_type": "price_change"}}
{"_local_timestamp": "2026-01-25T23:34:50.127190+00:00", "data": {"market": "0x0dc45815251ab7d5c3cbde5d7eee5bc96eac3d924c0a4c4f10175049e068fe20", "price_changes": [{"asset_id": "703229116919803457142440034780425874346022451261358752931225117413237404457", "price": "0.06", "size": "1161.86", "side": "BUY", "hash": "d91df874ec3cc52620da8e9a9b468cc1f00d78b6", "best_bid": "0.07", "best_ask": "0.09"}, {"asset_id": "71144742975537017512904527392353107518472601816123355990566837993879064231255", "price": "0.94", "size": "1161.86", "side": "SELL", "hash": "e973a9e0ffe071b4b9f0cb6c3f3ba8edf269bc0d", "best_bid": "0.91", "best_ask": "0.93"}], "timestamp": "1769384090001", "event_type": "price_change"}}
{"_local_timestamp": "2026-01-25T23:34:57.841463+00:00", "data": {"market": "0x0dc45815251ab7d5c3cbde5d7eee5bc96eac3d924c0a4c4f10175049e068fe20", "price_changes": [{"asset_id": "703229116919803457142440034780425874346022451261358752931225117413237404457", "price": "0.06", "size": "1211.86", "side": "BUY", "hash": "763ed9a1c5e30d2fff54215ee4e88590bd14c897", "best_bid": "0.07", "best_ask": "0.09"}, {"asset_id": "71144742975537017512904527392353107518472601816123355990566837993879064231255", "price": "0.94", "size": "1211.86", "side": "SELL", "hash": "652b3013322e87b7b92fd0321e7816ff01a2bd6a", "best_bid": "0.91", "best_ask": "0.93"}], "timestamp": "1769384097774", "event_type": "price_change"}}
{"_local_timestamp": "2026-01-25T23:34:57.841943+00:00", "data": {"market": "0x0dc45815251ab7d5c3cbde5d7eee5bc96eac3d924c0a4c4f10175049e068fe20", "price_changes": [{"asset_id": "703229116919803457142440034780425874346022451261358752931225117413237404457", "price": "0.1", "size": "2491", "side": "SELL", "hash": "7a8ecc908f9e18f80f41c7d3c170a3ccbc7a4065", "best_bid": "0.07", "best_ask": "0.09"}, {"asset_id": "71144742975537017512904527392353107518472601816123355990566837993879064231255", "price": "0.9", "size": "2491", "side": "BUY", "hash": "4b441e518bff009f2c352106b2a7779bc345b16d", "best_bid": "0.91", "best_ask": "0.93"}], "timestamp": "1769384097775", "event_type": "price_change"}}
{"_local_timestamp": "2026-01-25T23:34:58.937990+00:00", "data": {"market": "0x0dc45815251ab7d5c3cbde5d7eee5bc96eac3d924c0a4c4f10175049e068fe20", "price_changes": [{"asset_id": "71144742975537017512904527392353107518472601816123355990566837993879064231255", "price": "0.9", "size": "2541", "side": "BUY", "hash": "7ff2ee1795e35e4fc7131507e37bac167179264e", "best_bid": "0.91", "best_ask": "0.93"}, {"asset_id": "703229116919803457142440034780425874346022451261358752931225117413237404457", "price": "0.1", "size": "2541", "side": "SELL", "hash": "2abba152f1312d43c230408498d0bc5e5ec8e9fa", "best_bid": "0.07", "best_ask": "0.09"}], "timestamp": "1769384098871", "event_type": "price_change"}}
{"_local_timestamp": "2026-01-25T23:35:25.675292+00:00", "data": {"market": "0x0dc45815251ab7d5c3cbde5d7eee5bc96eac3d924c0a4c4f10175049e068fe20", "price_changes": [{"asset_id": "703229116919803457142440034780425874346022451261358752931225117413237404457", "price": "0.03", "size": "2016.66", "side": "BUY", "hash": "9a6855d1ecb2f2a346972a0b5515716a349076ef", "best_bid": "0.07", "best_ask": "0.09"}, {"asset_id": "71144742975537017512904527392353107518472601816123355990566837993879064231255", "price": "0.97", "size": "2016.66", "side": "SELL", "hash": "c5c0d78383deb86943a4e6b7dfeb38c21be7d1f7", "best_bid": "0.91", "best_ask": "0.93"}], "timestamp": "1769384125599", "event_type": "price_change"}}
