{"_local_timestamp": "2026-01-25T23:40:31.183039+00:00", "data": [{"market": "0x966c4246b6fd493d3c8d8a78cd01af7e9ab37bfcdcfc443e52fff05c849849d3", "asset_id": "30067386062907888066453898823774239601138550807546707350388500862876873138732", "timestamp": "1769384430971", "hash": "09cd574f8b26dd742cb9cc6e43bbef92aaccb9bb", "bids": [{"price": "0.001", "size": "1086.05"}, {"price": "0.002", "size": "175.95"}, {"price": "0.007", "size": "6.09"}, {"price": "0.008", "size": "22.42"}, {"price": "0.009", "size": "44.86"}, {"price": "0.01", "size": "64"}, {"price": "0.025", "size": "100"}, {"price": "0.026", "size": "60"}, {"price": "0.027", "size": "49.99"}], "asks": [{"price": "0.999", "size": "3120.09"}, {"price": "0.998", "size": "22.39"}, {"price": "0.99", "size": "23"}, {"price": "0.989", "size": "8.41"}, {"price": "0.97", "size": "124"}, {"price": "0.969", "size": "8.37"}, {"price": "0.95", "size": "30"}, {"price": "0.9", "size": "360"}, {"price": "0.899", "size": "5.91"}, {"price": "0.85", "size": "226.66"}, {"price": "0.8", "size": "160"}, {"price": "0.76", "size": "116.66"}, {"price": "0.733", "size": "5"}, {"price": "0.71", "size": "89.65"}, {"price": "0.66", "size": "70.58"}, {"price": "0.61", "size": "51.28"}, {"price": "0.599", "size": "400"}, {"price": "0.598", "size": "5"}, {"price": "0.15", "size": "20"}, {"price": "0.08", "size": "102.33"}, {"price": "0.079", "size": "392.1"}, {"price": "0.071", "size": "700"}, {"price": "0.07", "size": "700"}, {"price": "0.068", "size": "4828.66"}, {"price": "0.067", "size": "10.6"}], "event_type": "book", "last_trade_price": "0.932"}, {"market": "0x966c4246b6fd493d3c8d8a78cd01af7e9ab37bfcdcfc443e52fff05c849849d3", "asset_id": "53912148792122350875306836591858850656555508262107599828438357128873832212220", "timestamp": "1769384430971", "hash": "bcd716cfe866a1943411133808eb25973c23703b", "bids": [{"price": "0.001", "size": "3120.09"}, {"price": "0.002", "size": "22.39"}, {"price": "0.01", "size": "23"}, {"price": "0.011", "size": "8.41"}, {"price": "0.03", "size": "124"}, {"price": "0.031", "size": "8.37"}, {"price": "0.05", "size": "30"}, {"price": "0.1", "size": "360"}, {"price": "0.101", "size": "5.91"}, {"price": "0.15", "size": "226.66"}, {"price": "0.2", "size": "160"}, {"price": "0.24", "size": "116.66"}, {"price": "0.267", "size": "5"}, {"price": "0.29", "size": "89.65"}, {"price": "0.34", "size": "70.58"}, {"price": "0.39", "size": "51.28"}, {"price": "0.401", "size": "400"}, {"price": "0.402", "size": "5"}, {"price": "0.85", "size": "20"}, {"price": "0.92", "size": "102.33"}, {"price": "0.921", "size": "392.1"}, {"price": "0.929", "size": "700"}, {"price": "0.93", "size": "700"}, {"price": "0.932", "size": "4828.66"}, {"price": "0.933", "size": "10.6"}], "asks": [{"price": "0.999", "size": "1086.05"}, {"price": "0.998", "size": "175.95"}, {"price": "0.993", "size": "6.09"}, {"price": "0.992", "size": "22.42"}, {"price": "0.991", "size": "44.86"}, {"price": "0.99", "size": "64"}, {"price": "0.975", "size": "100"}, {"price": "0.974", "size": "60"}, {"price": "0.973", "size": "49.99"}], "event_type": "book", "last_trade_price": "0.932"}]}
{"_local_timestamp": "2026-01-25T23:40:32.100419+00:00", "data": {"market": "0x966c4246b6fd493d3c8d8a78cd01af7e9ab37bfcdcfc443e52fff05c849849d3", "price_changes": [{"asset_id": "30067386062907888066453898823774239601138550807546707350388500862876873138732", "price": "0.002", "size": "114.53", "side": "BUY", "hash": "a8c1ea0adb709030f5045e537e2a5ae1fccad9be", "best_bid": "0.027", "best_ask": "0.067"}, {"asset_id": "53912148792122350875306836591858850656555508262107599828438357128873832212220", "price": "0.998", "size": "114.53", "side": "SELL", "hash": "837b660331e44907f6b799e7382693dc9560bb09", "best_bid": "0.933", "best_ask": "0.973"}], "timestamp": "1769384432019", "event_type": "price_change"}}
{"_local_timestamp": "2026-01-25T23:40:32.100808+00:00", "data": {"market": "0x966c4246b6fd493d3c8d8a78cd01af7e9ab37bfcdcfc443e52fff05c849849d3", "price_changes": [{"asset_id": "30067386062907888066453898823774239601138550807546707350388500862876873138732", "price": "0.007", "size": "0", "side": "BUY", "hash": "a8c1ea0adb709030f5045e537e2a5ae1fccad9be", "best_bid": "0.027", "best_ask": "0.067"}, {"asset_id": "53912148792122350875306836591858850656555508262107599828438357128873832212220", "price": "0.993", "size": "0", "side": "SELL", "hash": "837b660331e44907f6b799e7382693dc9560bb09", "best_bid": "0.933", "best_ask": "0.973"}], "timestamp": "1769384432019", "event_type": "price_change"}}
{"_local_timestamp": "2026-01-25T23:40:32.101297+00:00", "data": {"market": "0x966c4246b6fd493d3c8d8a78cd01af7e9ab37bfcdcfc443e52fff05c849849d3", "price_changes": [{"asset_id": "30067386062907888066453898823774239601138550807546707350388500862876873138732", "price": "0.008", "size": "0", "side": "BUY", "hash": "a8c1ea0adb709030f5045e537e2a5ae1fccad9be", "best_bid": "0.027", "best_ask": "0.067"}, {"asset_id": "53912148792122350875306836591858850656555508262107599828438357128873832212220", "price": "0.992", "size": "0", "side": "SELL", "hash": "837b660331e44907f6b799e7382693dc9560bb09", "best_bid": "0.933", "best_ask": "0.973"}], "timestamp": "1769384432019", "event_type": "price_change"}}
{"_local_timestamp": "2026-01-25T23:40:32.101678+00:00", "data": {"market": "0x966c4246b6fd493d3c8d8a78cd01af7e9ab37bfcdcfc443e52fff05c849849d3", "price_changes": [{"asset_id": "30067386062907888066453898823774239601138550807546707350388500862876873138732", "price": "0.009", "size": "22.43", "side": "BUY", "hash": "a8c1ea0adb709030f5045e537e2a5ae1fccad9be", "best_bid": "0.027", "best_ask": "0.067"}, {"asset_id": "53912148792122350875306836591858850656555508262107599828438357128873832212220", "price": "0.991", "size": "22.43", "side": "SELL", "hash": "837b660331e44907f6b799e7382693dc9560bb09", "best_bid": "0.933", "best_ask": "0.973"}], "timestamp": "1769384432019", "event_type": "price_change"}}
{"_local_timestamp": "2026-01-25T23:40:32.126332+00:00", "data": {"market": "0x966c4246b6fd493d3c8d8a78cd01af7e9ab37bfcdcfc443e52fff05c849849d3", "price_changes": [{"asset_id": "30067386062907888066453898823774239601138550807546707350388500862876873138732", "price": "0.01", "size": "0", "side": "BUY", "hash": "0634cdbdf3ede11f7d466adc2b29a269a15d718a", "best_bid": "0.027", "best_ask": "0.067"}, {"asset_id": "53912148792122350875306836591858850656555508262107599828438357128873832212220", "price": "0.99", "size": "0", "side": "SELL", "hash": "313dd383140b5796bb1c2c41ea4e41e377722833", "best_bid": "0.933", "best_ask": "0.973"}], "timestamp": "1769384432061", "event_type": "price_change"}}
{"_local_timestamp": "2026-01-25T23:40:32.154697+00:00", "data": {"market": "0x966c4246b6fd493d3c8d8a78cd01af7e9ab37bfcdcfc443e52fff05c849849d3", "price_changes": [{"asset_id": "30067386062907888066453898823774239601138550807546707350388500862876873138732", "price": "0.01", "size": "15", "side": "BUY", "hash": "7105ccdcad26055e1327aa484ff8825ce8a26b92", "best_bid": "0.027", "best_ask": "0.067"}, {"asset_id": "53912148792122350875306836591858850656555508262107599828438357128873832212220", "price": "0.99", "size": "15", "side": "SELL", "hash": "89a3d6b7cb452522014c8322618fa4dc1f482312", "best_bid": "0.933", "best_ask": "0.973"}], "timestamp": "1769384432089", "event_type": "price_change"}}
{"_local_timestamp": "2026-01-25T23:40:32.279467+00:00", "data": {"market": "0x966c4246b6fd493d3c8d8a78cd01af7e9ab37bfcdcfc443e52fff05c849849d3", "price_changes": [{"asset_id": "30067386062907888066453898823774239601138550807546707350388500862876873138732", "price": "0.011", "size": "20.72", "side": "BUY", "hash": "5befdacc063d18068ce22af06b483a0403b7bef3", "best_bid": "0.027", "best_ask": "0.067"}, {"asset_id": "53912148792122350875306836591858850656555508262107599828438357128873832212220", "price": "0.989", "size": "20.72", "side": "SELL", "hash": "7239b3cfa4cb334e63bd242a9551c44656bce4c8", "best_bid": "0.933", "best_ask": "0.973"}], "timestamp": "1769384432207", "event_type": "price_change"}}
{"_local_timestamp": "2026-01-25T23:40:32.280383+00:00", "data": {"market": "0x966c4246b6fd493d3c8d8a78cd01af7e9ab37bfcdcfc443e52fff05c849849d3", "price_changes": [{"asset_id": "30067386062907888066453898823774239601138550807546707350388500862876873138732", "price": "0.003", "size": "15.14", "side": "BUY", "hash": "80fd0f7d69c7e635d3acb887e9de51560ac86111", "best_bid": "0.027", "best_ask": "0.067"}, {"asset_id": "53912148792122350875306836591858850656555508262107599828438357128873832212220", "price": "0.997", "size": "15.14", "side": "SELL", "hash": "02801ef137cf4ba67f35e380ac0d18e645f20514", "best_bid": "0.933", "best_ask": "0.973"}], "timestamp": "1769384432208", "event_type": "price_change"}}
{"_local_timestamp": "2026-01-25T23:40:32.280772+00:00", "data": {"market": "0x966c4246b6fd493d3c8d8a78cd01af7e9ab37bfcdcfc443e52fff05c849849d3", "price_changes": [{"asset_id": "30067386062907888066453898823774239601138550807546707350388500862876873138732", "price": "0.003", "size": "30.28", "side": "BUY", "hash": "9eac0b290258a4c509ed6231bfdfb6688552ef93", "best_bid": "0.027", "best_ask": "0.067"}, {"asset_id": "53912148792122350875306836591858850656555508262107599828438357128873832212220", "price": "0.997", "size": "30.28", "side": "SELL", "hash": "aec8574b392549744a7478900f6886caed635d13", "best_bid": "0.933", "best_ask": "0.973"}], "timestamp": "1769384432210", "event_type": "price_change"}}
{"_local_timestamp": "2026-01-25T23:40:32.281078+00:00", "data": {"market": "0x966c4246b6fd493d3c8d8a78cd01af7e9ab37bfcdcfc443e52fff05c849849d3", "price_changes": [{"asset_id": "30067386062907888066453898823774239601138550807546707350388500862876873138732", "price": "0.011", "size": "41.44", "side": "BUY", "hash": "1ca435bcf40d97c0fef8cd09a8dab936a9aefa3b", "best_bid": "0.027", "best_ask": "0.067"}, {"asset_id": "53912148792122350875306836591858850656555508262107599828438357128873832212220", "price": "0.989", "size": "41.44", "side": "SELL", "hash": "b8d5dbbec0880e722c7a7f6e70a89570a0543856", "best_bid": "0.933", "best_ask": "0.973"}], "timestamp": "1769384432211", "event_type": "price_change"}}
{"_local_timestamp": "2026-01-25T23:40:32.935987+00:00", "data": {"market": "0x966c4246b6fd493d3c8d8a78cd01af7e9ab37bfcdcfc443e52fff05c849849d3", "price_changes": [{"asset_id": "30067386062907888066453898823774239601138550807546707350388500862876873138732", "price": "0.003", "size": "15.14", "side": "BUY", "hash": "86e732baf884c2d0ce013ce981bd6c97434f86fd", "best_bid": "0.027", "best_ask": "0.067"}, {"asset_id": "53912148792122350875306836591858850656555508262107599828438357128873832212220", "price": "0.997", "size": "15.14", "side": "SELL", "hash": "077600a7b24b53ccb12e1c916521523c55fbff45", "best_bid": "0.933", "best_ask": "0.973"}], "timestamp": "1769384432865", "event_type": "price_change"}}
{"_local_timestamp": "2026-01-25T23:40:32.936501+00:00", "data": {"market": "0x966c4246b6fd493d3c8d8a78cd01af7e9ab37bfcdcfc443e52fff05c849849d3", "price_changes": [{"asset_id": "30067386062907888066453898823774239601138550807546707350388500862876873138732", "price": "0.009", "size": "0", "side": "BUY", "hash": "86e732baf884c2d0ce013ce981bd6c97434f86fd", "best_bid": "0.027", "best_ask": "0.067"}, {"asset_id": "53912148792122350875306836591858850656555508262107599828438357128873832212220", "price": "0.991", "size": "0", "side": "SELL", "hash": "077600a7b24b53ccb12e1c916521523c55fbff45", "best_bid": "0.933", "best_ask": "0.973"}], "timestamp": "1769384432865", "event_type": "price_change"}}
{"_local_timestamp": "2026-01-25T23:40:32.936834+00:00", "data": {"market": "0x966c4246b6fd493d3c8d8a78cd01af7e9ab37bfcdcfc443e52fff05c849849d3", "price_changes": [{"asset_id": "30067386062907888066453898823774239601138550807546707350388500862876873138732", "price": "0.011", "size": "20.72", "side": "BUY", "hash": "86e732baf884c2d0ce013ce981bd6c97434f86fd", "best_bid": "0.027", "best_ask": "0.067"}, {"asset_id": "53912148792122350875306836591858850656555508262107599828438357128873832212220", "price": "0.989", "size": "20.72", "side": "SELL", "hash": "077600a7b24b53ccb12e1c916521523c55fbff45", "best_bid": "0.933", "best_ask": "0.973"}], "timestamp": "1769384432865", "event_type": "price_change"}}
{"_local_timestamp": "2026-01-25T23:40:33.215433+00:00", "data": {"market": "0x966c4246b6fd493d3c8d8a78cd01af7e9ab37bfcdcfc443e52fff05c849849d3", "price_changes": [{"asset_id": "30067386062907888066453898823774239601138550807546707350388500862876873138732", "price": "0.01", "size": "0", "side": "BUY", "hash": "943d185781e529abed19ed146c20aaa0e683e9e0", "best_bid": "0.027", "best_ask": "0.067"}, {"asset_id": "53912148792122350875306836591858850656555508262107599828438357128873832212220", "price": "0.99", "size": "0", "side": "SELL", "hash": "93eb1f6795f7216edaef805d15494e6689927ae2", "best_bid": "0.933", "best_ask": "0.973"}], "timestamp": "1769384433144", "event_type": "price_change"}}
{"_local_timestamp": "2026-01-25T23:40:33.216372+00:00", "data": {"market": "0x966c4246b6fd493d3c8d8a78cd01af7e9ab37bfcdcfc443e52fff05c849849d3", "price_changes": [{"asset_id": "30067386062907888066453898823774239601138550807546707350388500862876873138732", "price": "0.002", "size": "233.36", "side": "BUY", "hash": "2a42dd555cd1e58a0d82122f5d88855668eaf8df", "best_bid": "0.027", "best_ask": "0.067"}, {"asset_id": "53912148792122350875306836591858850656555508262107599828438357128873832212220", "price": "0.998", "size": "233.36", "side": "SELL", "hash": "02bcddb4b7a7cd8455023c419224d8e66d40869b", "best_bid": "0.933", "best_ask": "0.973"}], "timestamp": "1769384433145", "event_type": "price_change"}}
{"_local_timestamp": "2026-01-25T23:40:33.217079+00:00", "data": {"market": "0x966c4246b6fd493d3c8d8a78cd01af7e9ab37bfcdcfc443e52fff05c849849d3", "price_changes": [{"asset_id": "30067386062907888066453898823774239601138550807546707350388500862876873138732", "price": "0.002", "size": "352.19", "side": "BUY", "hash": "cb7701e1bdddd534906170681bad2eb63a09f2f4", "best_bid": "0.027", "best_ask": "0.067"}, {"asset_id": "53912148792122350875306836591858850656555508262107599828438357128873832212220", "price": "0.998", "size": "352.19", "side": "SELL", "hash": "e0def03d87e8255a9a7fd45a9a329f68a31120b7", "best_bid": "0.933", "best_ask": "0.973"}], "timestamp": "1769384433146", "event_type": "price_change"}}
{"_local_timestamp": "2026-01-25T23:40:33.240652+00:00", "data": {"market": "0x966c4246b6fd493d3c8d8a78cd01af7e9ab37bfcdcfc443e52fff05c849849d3", "price_changes": [{"asset_id": "30067386062907888066453898823774239601138550807546707350388500862876873138732", "price": "0.012", "size": "32", "side": "BUY", "hash": "032115360967a82eb55003825a360f589e404d1a", "best_bid": "0.027", "best_ask": "0.067"}, {"asset_id": "53912148792122350875306836591858850656555508262107599828438357128873832212220", "price": "0.988", "size": "32", "side": "SELL", "hash": "2e5fa4f33f0c5bcf8b4c76e4602348d8fd7794d0", "best_bid": "0.933", "best_ask": "0.973"}], "timestamp": "1769384433174", "event_type": "price_change"}}
{"_local_timestamp": "2026-01-25T23:40:34.280637+00:00", "data": {"market": "0x966c4246b6fd493d3c8d8a78cd01af7e9ab37bfcdcfc443e52fff05c849849d3", "price_changes": [{"asset_id": "30067386062907888066453898823774239601138550807546707350388500862876873138732", "price": "0.002", "size": "233.36", "side": "BUY", "hash": "aa863f04a271bb2ea64185d531c1439d89894c03", "best_bid": "0.027", "best_ask": "0.067"}, {"asset_id": "53912148792122350875306836591858850656555508262107599828438357128873832212220", "price": "0.998", "size": "233.36", "side": "SELL", "hash": "0d77ac207646f9ddb180e5cbd04e0b1e305c1668", "best_bid": "0.933", "best_ask": "0.973"}], "timestamp": "1769384434210", "event_type": "price_change"}}
{"_local_timestamp": "2026-01-25T23:40:34.281199+00:00", "data": {"market": "0x966c4246b6fd493d3c8d8a78cd01af7e9ab37bfcdcfc443e52fff05c849849d3", "price_changes": [{"asset_id": "30067386062907888066453898823774239601138550807546707350388500862876873138732", "price": "0.003", "size": "0", "side": "BUY", "hash": "aa863f04a271bb2ea64185d531c1439d89894c03", "best_bid": "0.027", "best_ask": "0.067"}, {"asset_id": "53912148792122350875306836591858850656555508262107599828438357128873832212220", "price": "0.997", "size": "0", "side": "SELL", "hash": "0d77ac207646f9ddb180e5cbd04e0b1e305c1668", "best_bid": "0.933", "best_ask": "0.973"}], "timestamp": "1769384434210", "event_type": "price_change"}}
{"_local_timestamp": "2026-01-25T23:40:34.281591+00:00", "data": {"market": "0x966c4246b6fd493d3c8d8a78cd01af7e9ab37bfcdcfc443e52fff05c849849d3", "price_changes": [{"asset_id": "30067386062907888066453898823774239601138550807546707350388500862876873138732", "price": "0.011", "size": "0", "side": "BUY", "hash": "aa863f04a271bb2ea64185d531c1439d89894c03", "best_bid": "0.027", "best_ask": "0.067"}, {"asset_id": "53912148792122350875306836591858850656555508262107599828438357128873832212220", "price": "0.989", "size": "0", "side": "SELL", "hash": "0d77ac207646f9ddb180e5cbd04e0b1e305c1668", "best_bid": "0.933", "best_ask": "0.973"}], "timestamp": "1769384434210", "event_type": "price_change"}}
{"_local_timestamp": "2026-01-25T23:40:34.304767+00:00", "data": {"market": "0x966c4246b6fd493d3c8d8a78cd01af7e9ab37bfcdcfc443e52fff05c849849d3", "price_changes": [{"asset_id": "30067386062907888066453898823774239601138550807546707350388500862876873138732", "price": "0.012", "size": "0", "side": "BUY", "hash": "b45e119df5c5dedb571d38cd098f4e9db885f7da", "best_bid": "0.027", "best_ask": "0.067"}, {"asset_id": "53912148792122350875306836591858850656555508262107599828438357128873832212220", "price": "0.988", "size": "0", "side": "SELL", "hash": "f961f3c612a71c089009eba584a4b2ef395624ff", "best_bid": "0.933", "best_ask": "0.973"}], "timestamp": "1769384434238", "event_type": "price_change"}}
{"_local_timestamp": "2026-01-25T23:40:34.336761+00:00", "data": {"market": "0x966c4246b6fd493d3c8d8a78cd01af7e9ab37bfcdcfc443e52fff05c849849d3", "price_changes": [{"asset_id": "30067386062907888066453898823774239601138550807546707350388500862876873138732", "price": "0.003", "size": "140", "side": "BUY", "hash": "7d84a4776821031c0cf7acea6c409a4330a26e4d", "best_bid": "0.027", "best_ask": "0.067"}, {"asset_id": "53912148792122350875306836591858850656555508262107599828438357128873832212220", "price": "0.997", "size": "140", "side": "SELL", "hash": "2c46b87c5eb941b2dc6d932a9bca37003baac7ec", "best_bid": "0.933", "best_ask": "0.973"}], "timestamp": "1769384434267", "event_type": "price_change"}}
{"_local_timestamp": "2026-01-25T23:40:34.693201+00:00", "data": {"market": "0x966c4246b6fd493d3c8d8a78cd01af7e9ab37bfcdcfc443e52fff05c849849d3", "price_changes": [{"asset_id": "30067386062907888066453898823774239601138550807546707350388500862876873138732", "price": "0.002", "size": "249.14", "side": "BUY", "hash": "7bccd996e5e12e1f4aa5a8f4320404f076aacf16", "best_bid": "0.027", "best_ask": "0.067"}, {"asset_id": "53912148792122350875306836591858850656555508262107599828438357128873832212220", "price": "0.998", "size": "249.14", "side": "SELL", "hash": "58cb54edafd9c92569aabfbac17ec449268b0942", "best_bid": "0.933", "best_ask": "0.973"}], "timestamp": "1769384434625", "event_type": "price_change"}}
{"_local_timestamp": "2026-01-25T23:40:34.693615+00:00", "data": {"market": "0x966c4246b6fd493d3c8d8a78cd01af7e9ab37bfcdcfc443e52fff05c849849d3", "price_changes": [{"asset_id": "30067386062907888066453898823774239601138550807546707350388500862876873138732", "price": "0.004", "size": "55.98", "side": "BUY", "hash": "bbda4df2453fd04d428b2abc0c8c0c8f3725325a", "best_bid": "0.027", "best_ask": "0.067"}, {"asset_id": "53912148792122350875306836591858850656555508262107599828438357128873832212220", "price": "0.996", "size": "55.98", "side": "SELL", "hash": "4e44eaa0178aff4515e9f6954eabac73aeac25df", "best_bid": "0.933", "best_ask": "0.973"}], "timestamp": "1769384434626", "event_type": "price_change"}}
{"_local_timestamp": "2026-01-25T23:40:34.693944+00:00", "data": {"market": "0x966c4246b6fd493d3c8d8a78cd01af7e9ab37bfcdcfc443e52fff05c849849d3", "price_changes": [{"asset_id": "30067386062907888066453898823774239601138550807546707350388500862876873138732", "price": "0.002", "size": "264.92", "side": "BUY", "hash": "bafc46884c8dba9df8a503253fb09c9c177a222b", "best_bid": "0.027", "best_ask": "0.067"}, {"asset_id": "53912148792122350875306836591858850656555508262107599828438357128873832212220", "price": "0.998", "size": "264.92", "side": "SELL", "hash": "c2d9d0584b659f3a935d4c99e46b1429341c2f10", "best_bid": "0.933", "best_ask": "0.973"}], "timestamp": "1769384434627", "event_type": "price_change"}}
{"_local_timestamp": "2026-01-25T23:40:34.694333+00:00", "data": {"market": "0x966c4246b6fd493d3c8d8a78cd01af7e9ab37bfcdcfc443e52fff05c849849d3", "price_changes": [{"asset_id": "30067386062907888066453898823774239601138550807546707350388500862876873138732", "price": "0.004", "size": "111.96", "side": "BUY", "hash": "594f0f527015a5644523c03371a5e68189c9d3e2", "best_bid": "0.027", "best_ask": "0.067"}, {"asset_id": "53912148792122350875306836591858850656555508262107599828438357128873832212220", "price": "0.996", "size": "111.96", "side": "SELL", "hash": "ea608bfae9049b5c371042caf227c38f7f512568", "best_bid": "0.933", "best_ask": "0.973"}], "timestamp": "1769384434628", "event_type": "price_change"}}
{"_local_timestamp": "2026-01-25T23:40:35.724621+00:00", "data": {"market": "0x966c4246b6fd493d3c8d8a78cd01af7e9ab37bfcdcfc443e52fff05c849849d3", "price_changes": [{"asset_id": "30067386062907888066453898823774239601138550807546707350388500862876873138732", "price": "0.003", "size": "0", "side": "BUY", "hash": "8af1a15d61b338149365839b952807b72f3e5229", "best_bid": "0.027", "best_ask": "0.067"}, {"asset_id": "53912148792122350875306836591858850656555508262107599828438357128873832212220", "price": "0.997", "size": "0", "side": "SELL", "hash": "d20f559472ecb333b6804e5a691f0d6278144279", "best_bid": "0.933", "best_ask": "0.973"}], "timestamp": "1769384435644", "event_type": "price_change"}}
{"_local_timestamp": "2026-01-25T23:40:35.737369+00:00", "data": {"market": "0x966c4246b6fd493d3c8d8a78cd01af7e9ab37bfcdcfc443e52fff05c849849d3", "price_changes": [{"asset_id": "30067386062907888066453898823774239601138550807546707350388500862876873138732", "price": "0.005", "size": "137", "side": "BUY", "hash": "d73e1f6879f9ae1ae26dc141aa3b44ed20c2084f", "best_bid": "0.027", "best_ask": "0.067"}, {"asset_id": "53912148792122350875306836591858850656555508262107599828438357128873832212220", "price": "0.995", "size": "137", "side": "SELL", "hash": "df4cbf7f29ea4fb706477619f4fbf10d66351160", "best_bid": "0.933", "best_ask": "0.973"}], "timestamp": "1769384435670", "event_type": "price_change"}}
{"_local_timestamp": "2026-01-25T23:40:36.515533+00:00", "data": {"market": "0x966c4246b6fd493d3c8d8a78cd01af7e9ab37bfcdcfc443e52fff05c849849d3", "price_changes": [{"asset_id": "30067386062907888066453898823774239601138550807546707350388500862876873138732", "price": "0.002", "size": "146.09", "side": "BUY", "hash": "365788433dbd089680d231024b7ae717c24c5f22", "best_bid": "0.027", "best_ask": "0.067"}, {"asset_id": "53912148792122350875306836591858850656555508262107599828438357128873832212220", "price": "0.998", "size": "146.09", "side": "SELL", "hash": "768a1c4b3df9dc467e63dafafabb9fda990431ca", "best_bid": "0.933", "best_ask": "0.973"}], "timestamp": "1769384436446", "event_type": "price_change"}}
{"_local_timestamp": "2026-01-25T23:40:36.516731+00:00", "data": {"market": "0x966c4246b6fd493d3c8d8a78cd01af7e9ab37bfcdcfc443e52fff05c849849d3", "price_changes": [{"asset_id": "30067386062907888066453898823774239601138550807546707350388500862876873138732", "price": "0.004", "size": "55.98", "side": "BUY", "hash": "365788433dbd089680d231024b7ae717c24c5f22", "best_bid": "0.027", "best_ask": "0.067"}, {"asset_id": "53912148792122350875306836591858850656555508262107599828438357128873832212220", "price": "0.996", "size": "55.98", "side": "SELL", "hash": "768a1c4b3df9dc467e63dafafabb9fda990431ca", "best_bid": "0.933", "best_ask": "0.973"}], "timestamp": "1769384436446", "event_type": "price_change"}}
{"_local_timestamp": "2026-01-25T23:40:36.912599+00:00", "data": {"market": "0x966c4246b6fd493d3c8d8a78cd01af7e9ab37bfcdcfc443e52fff05c849849d3", "price_changes": [{"asset_id": "30067386062907888066453898823774239601138550807546707350388500862876873138732", "price": "0.006", "size": "38.47", "side": "BUY", "hash": "7e87668920c82a4ee4f31d0541f6e4d236520b3d", "best_bid": "0.027", "best_ask": "0.067"}, {"asset_id": "53912148792122350875306836591858850656555508262107599828438357128873832212220", "price": "0.994", "size": "38.47", "side": "SELL", "hash": "e29dc997942d2f8d63bc7d12d40c4f38acd6fedf", "best_bid": "0.933", "best_ask": "0.973"}], "timestamp": "1769384436844", "event_type": "price_change"}}
{"_local_timestamp": "2026-01-25T23:40:36.918091+00:00", "data": {"market": "0x966c4246b6fd493d3c8d8a78cd01af7e9ab37bfcdcfc443e52fff05c849849d3", "price_changes": [{"asset_id": "30067386062907888066453898823774239601138550807546707350388500862876873138732", "price": "0.006", "size": "76.94", "side": "BUY", "hash": "b887d84a708408dc52976b056abd352bf16d5ebc", "best_bid": "0.027", "best_ask": "0.067"}, {"asset_id": "53912148792122350875306836591858850656555508262107599828438357128873832212220", "price": "0.994", "size": "76.94", "side": "SELL", "hash": "503d2f1f1eddbc70e0c5f7a4d08d84796a2af94d", "best_bid": "0.933", "best_ask": "0.973"}], "timestamp": "1769384436845", "event_type": "price_change"}}
{"_local_timestamp": "2026-01-25T23:40:36.939743+00:00", "data": {"market": "0x966c4246b6fd493d3c8d8a78cd01af7e9ab37bfcdcfc443e52fff05c849849d3", "price_changes": [{"asset_id": "30067386062907888066453898823774239601138550807546707350388500862876873138732", "price": "0.005", "size": "0", "side": "BUY", "hash": "a4089d3c230213718bd4d9fbdade7db480479c86", "best_bid": "0.027", "best_ask": "0.067"}, {"asset_id": "53912148792122350875306836591858850656555508262107599828438357128873832212220", "price": "0.995", "size": "0", "side": "SELL", "hash": "77b1db81d446bc3a42399123ba2fe0cc4d78a90d", "best_bid": "0.933", "best_ask": "0.973"}], "timestamp": "1769384436868", "event_type": "price_change"}}
{"_local_timestamp": "2026-01-25T23:40:36.967113+00:00", "data": {"market": "0x966c4246b6fd493d3c8d8a78cd01af7e9ab37bfcdcfc443e52fff05c849849d3", "price_changes": [{"asset_id": "30067386062907888066453898823774239601138550807546707350388500862876873138732", "price": "0.007", "size": "128", "side": "BUY", "hash": "76bb7873adb0a210036618cde69b5ad6a453c7e1", "best_bid": "0.027", "best_ask": "0.067"}, {"asset_id": "53912148792122350875306836591858850656555508262107599828438357128873832212220", "price": "0.993", "size": "128", "side": "SELL", "hash": "b50c4db9072f30cac7915f552c0d8983bb8514df", "best_bid": "0.933", "best_ask": "0.973"}], "timestamp": "1769384436901", "event_type": "price_change"}}
{"_local_timestamp": "2026-01-25T23:40:38.115900+00:00", "data": {"market": "0x966c4246b6fd493d3c8d8a78cd01af7e9ab37bfcdcfc443e52fff05c849849d3", "price_changes": [{"asset_id": "53912148792122350875306836591858850656555508262107599828438357128873832212220", "price": "0.267", "size": "0", "side": "BUY", "hash": "5d8b64f58bd0baa2f5c3dff8ca9ea4b31d08ba38", "best_bid": "0.933", "best_ask": "0.973"}, {"asset_id": "30067386062907888066453898823774239601138550807546707350388500862876873138732", "price": "0.733", "size": "0", "side": "SELL", "hash": "c926284f6edd73600d31f67a4115c9e4198521d5", "best_bid": "0.027", "best_ask": "0.067"}], "timestamp": "1769384438037", "event_type": "price_change"}}
{"_local_timestamp": "2026-01-25T23:40:38.500126+00:00", "data": {"market": "0x966c4246b6fd493d3c8d8a78cd01af7e9ab37bfcdcfc443e52fff05c849849d3", "price_changes": [{"asset_id": "53912148792122350875306836591858850656555508262107599828438357128873832212220", "price": "0.267", "size": "5", "side": "BUY", "hash": "b2d5e9a8e420f6ad5e3bab896122cd56fcccfba0", "best_bid": "0.933", "best_ask": "0.973"}, {"asset_id": "30067386062907888066453898823774239601138550807546707350388500862876873138732", "price": "0.733", "size": "5", "side": "SELL", "hash": "3b7e2e9ceac89f8fb831799ef416db830d2b8abc", "best_bid": "0.027", "best_ask": "0.067"}], "timestamp": "1769384438436", "event_type": "price_change"}}
{"_local_timestamp": "2026-01-25T23:40:38.971222+00:00", "data": {"market": "0x966c4246b6fd493d3c8d8a78cd01af7e9ab37bfcdcfc443e52fff05c849849d3", "price_changes": [{"asset_id": "30067386062907888066453898823774239601138550807546707350388500862876873138732", "price": "0.002", "size": "114.53", "side": "BUY", "hash": "e06f8da37475ea829b6ff2598109e58c12f30f41", "best_bid": "0.027", "best_ask": "0.067"}, {"asset_id": "53912148792122350875306836591858850656555508262107599828438357128873832212220", "price": "0.998", "size": "114.53", "side": "SELL", "hash": "273ae431578983f24c94a893096429699fd49ad8", "best_bid": "0.933", "best_ask": "0.973"}], "timestamp": "1769384438894", "event_type": "price_change"}}
{"_local_timestamp": "2026-01-25T23:40:38.971789+00:00", "data": {"market": "0x966c4246b6fd493d3c8d8a78cd01af7e9ab37bfcdcfc443e52fff05c849849d3", "price_changes": [{"asset_id": "30067386062907888066453898823774239601138550807546707350388500862876873138732", "price": "0.004", "size": "0", "side": "BUY", "hash": "e06f8da37475ea829b6ff2598109e58c12f30f41", "best_bid": "0.027", "best_ask": "0.067"}, {"asset_id": "53912148792122350875306836591858850656555508262107599828438357128873832212220", "price": "0.996", "size": "0", "side": "SELL", "hash": "273ae431578983f24c94a893096429699fd49ad8", "best_bid": "0.933", "best_ask": "0.973"}], "timestamp": "1769384438894", "event_type": "price_change"}}
{"_local_timestamp": "2026-01-25T23:40:38.972157+00:00", "data": {"market": "0x966c4246b6fd493d3c8d8a78cd01af7e9ab37bfcdcfc443e52fff05c849849d3", "price_changes": [{"asset_id": "30067386062907888066453898823774239601138550807546707350388500862876873138732", "price": "0.006", "size": "38.47", "side": "BUY", "hash": "e06f8da37475ea829b6ff2598109e58c12f30f41", "best_bid": "0.027", "best_ask": "0.067"}, {"asset_id": "53912148792122350875306836591858850656555508262107599828438357128873832212220", "price": "0.994", "size": "38.47", "side": "SELL", "hash": "273ae431578983f24c94a893096429699fd49ad8", "best_bid": "0.933", "best_ask": "0.973"}], "timestamp": "1769384438894", "event_type": "price_change"}}
{"_local_timestamp": "2026-01-25T23:40:39.385394+00:00", "data": {"market": "0x966c4246b6fd493d3c8d8a78cd01af7e9ab37bfcdcfc443e52fff05c849849d3", "price_changes": [{"asset_id": "30067386062907888066453898823774239601138550807546707350388500862876873138732", "price": "0.008", "size": "32.36", "side": "BUY", "hash": "a0d92dedf12e33bcf28d5d73550d6e90f72f272b", "best_bid": "0.027", "best_ask": "0.067"}, {"asset_id": "53912148792122350875306836591858850656555508262107599828438357128873832212220", "price": "0.992", "size": "32.36", "side": "SELL", "hash": "bc8593bdfa85e4ff457402ec727dafbf01a3c432", "best_bid": "0.933", "best_ask": "0.973"}], "timestamp": "1769384439315", "event_type": "price_change"}}
{"_local_timestamp": "2026-01-25T23:40:39.385929+00:00", "data": {"market": "0x966c4246b6fd493d3c8d8a78cd01af7e9ab37bfcdcfc443e52fff05c849849d3", "price_changes": [{"asset_id": "30067386062907888066453898823774239601138550807546707350388500862876873138732", "price": "0.008", "size": "64.72", "side": "BUY", "hash": "296cbf495be64db3a4f95a5442a33b277724c8fa", "best_bid": "0.027", "best_ask": "0.067"}, {"asset_id": "53912148792122350875306836591858850656555508262107599828438357128873832212220", "price": "0.992", "size": "64.72", "side": "SELL", "hash": "f4fa986612d020f5fdfbc082cbeac681b77fdb7c", "best_bid": "0.933", "best_ask": "0.973"}], "timestamp": "1769384439320", "event_type": "price_change"}}
{"_local_timestamp": "2026-01-25T23:40:39.407020+00:00", "data": {"market": "0x966c4246b6fd493d3c8d8a78cd01af7e9ab37bfcdcfc443e52fff05c849849d3", "price_changes": [{"asset_id": "30067386062907888066453898823774239601138550807546707350388500862876873138732", "price": "0.007", "size": "0", "side": "BUY", "hash": "74f9e089d767815a03dc4b533dab994c1337a34b", "best_bid": "0.027", "best_ask": "0.067"}, {"asset_id": "53912148792122350875306836591858850656555508262107599828438357128873832212220", "price": "0.993", "size": "0", "side": "SELL", "hash": "f25f16964466c141e23515a73779618efc89fb77", "best_bid": "0.933", "best_ask": "0.973"}], "timestamp": "1769384439338", "event_type": "price_change"}}
{"_local_timestamp": "2026-01-25T23:40:39.430901+00:00", "data": {"market": "0x966c4246b6fd493d3c8d8a78cd01af7e9ab37bfcdcfc443e52fff05c849849d3", "price_changes": [{"asset_id": "30067386062907888066453898823774239601138550807546707350388500862876873138732", "price": "0.009", "size": "127", "side": "BUY", "hash": "03f454be4dcc9c9b509c94b32c2d374f651a2565", "best_bid": "0.027", "best_ask": "0.067"}, {"asset_id": "53912148792122350875306836591858850656555508262107599828438357128873832212220", "price": "0.991", "size": "127", "side": "SELL", "hash": "f7e3e9f8a10f01563a452c866e6651e6143c3300", "best_bid": "0.933", "best_ask": "0.973"}], "timestamp": "1769384439368", "event_type": "price_change"}}
{"_local_timestamp": "2026-01-25T23:40:40.851437+00:00", "data": {"market": "0x966c4246b6fd493d3c8d8a78cd01af7e9ab37bfcdcfc443e52fff05c849849d3", "price_changes": [{"asset_id": "30067386062907888066453898823774239601138550807546707350388500862876873138732", "price": "0.006", "size": "0", "side": "BUY", "hash": "2cf65e9c63d3557df81e354a88661cc349a93c51", "best_bid": "0.027", "best_ask": "0.067"}, {"asset_id": "53912148792122350875306836591858850656555508262107599828438357128873832212220", "price": "0.994", "size": "0", "side": "SELL", "hash": "b71ddf987e44ea7e3d6aafe882f00f000bea108c", "best_bid": "0.933", "best_ask": "0.973"}], "timestamp": "1769384440670", "event_type": "price_change"}}
{"_local_timestamp": "2026-01-25T23:40:40.852217+00:00", "data": {"market": "0x966c4246b6fd493d3c8d8a78cd01af7e9ab37bfcdcfc443e52fff05c849849d3", "price_changes": [{"asset_id": "30067386062907888066453898823774239601138550807546707350388500862876873138732", "price": "0.008", "size": "32.36", "side": "BUY", "hash": "2cf65e9c63d3557df81e354a88661cc349a93c51", "best_bid": "0.027", "best_ask": "0.067"}, {"asset_id": "53912148792122350875306836591858850656555508262107599828438357128873832212220", "price": "0.992", "size": "32.36", "side": "SELL", "hash": "b71ddf987e44ea7e3d6aafe882f00f000bea108c", "best_bid": "0.933", "best_ask": "0.973"}], "timestamp": "1769384440670", "event_type": "price_change"}}
{"_local_timestamp": "2026-01-25T23:40:41.211278+00:00", "data": {"market": "0x966c4246b6fd493d3c8d8a78cd01af7e9ab37bfcdcfc443e52fff05c849849d3", "price_changes": [{"asset_id": "30067386062907888066453898823774239601138550807546707350388500862876873138732", "price": "0.007", "size": "5", "side": "BUY", "hash": "0d011ee639496a1f7c0024491ac0d1fa0d3ae02c", "best_bid": "0.027", "best_ask": "0.067"}, {"asset_id": "53912148792122350875306836591858850656555508262107599828438357128873832212220", "price": "0.993", "size": "5", "side": "SELL", "hash": "c2688f8398d885c7de47af0acce904ac9eba8d40", "best_bid": "0.933", "best_ask": "0.973"}], "timestamp": "1769384441121", "event_type": "price_change"}}
{"_local_timestamp": "2026-01-25T23:40:41.213047+00:00", "data": {"market": "0x966c4246b6fd493d3c8d8a78cd01af7e9ab37bfcdcfc443e52fff05c849849d3", "price_changes": [{"asset_id": "30067386062907888066453898823774239601138550807546707350388500862876873138732", "price": "0.01", "size": "20.98", "side": "BUY", "hash": "70aef1da2894175f3f6cdc3a922d8985c6c028a3", "best_bid": "0.027", "best_ask": "0.067"}, {"asset_id": "53912148792122350875306836591858850656555508262107599828438357128873832212220", "price": "0.99", "size": "20.98", "side": "SELL", "hash": "0919db5b3fd0e0479a693a442257b0903eb65b20", "best_bid": "0.933", "best_ask": "0.973"}], "timestamp": "1769384441122", "event_type": "price_change"}}
{"_local_timestamp": "2026-01-25T23:40:41.213517+00:00", "data": {"market": "0x966c4246b6fd493d3c8d8a78cd01af7e9ab37bfcdcfc443e52fff05c849849d3", "price_changes": [{"asset_id": "30067386062907888066453898823774239601138550807546707350388500862876873138732", "price": "0.01", "size": "41.96", "side": "BUY", "hash": "e46de430f564581451c5fe337ec35b5c9700df3f", "best_bid": "0.027", "best_ask": "0.067"}, {"asset_id": "53912148792122350875306836591858850656555508262107599828438357128873832212220", "price": "0.99", "size": "41.96", "side": "SELL", "hash": "70dacac267fed07ecc519336c77a0cd7f96c2187", "best_bid": "0.933", "best_ask": "0.973"}], "timestamp": "1769384441123", "event_type": "price_change"}}
{"_local_timestamp": "2026-01-25T23:40:41.215251+00:00", "data": {"market": "0x966c4246b6fd493d3c8d8a78cd01af7e9ab37bfcdcfc443e52fff05c849849d3", "price_changes": [{"asset_id": "30067386062907888066453898823774239601138550807546707350388500862876873138732", "price": "0.007", "size": "10", "side": "BUY", "hash": "7e3019fb8fc6c2da5af14e9527e8528e57d1a3d6", "best_bid": "0.027", "best_ask": "0.067"}, {"asset_id": "53912148792122350875306836591858850656555508262107599828438357128873832212220", "price": "0.993", "size": "10", "side": "SELL", "hash": "488f4eb7fbf21537d00e5c7184bfcbab39423da2", "best_bid": "0.933", "best_ask": "0.973"}], "timestamp": "1769384441124", "event_type": "price_change"}}
{"_local_timestamp": "2026-01-25T23:40:41.228486+00:00", "data": {"market": "0x966c4246b6fd493d3c8d8a78cd01af7e9ab37bfcdcfc443e52fff05c849849d3", "price_changes": [{"asset_id": "30067386062907888066453898823774239601138550807546707350388500862876873138732", "price": "0.009", "size": "0", "side": "BUY", "hash": "95f57d6f4ce2bb39c9fead196e0d50bfde801cb8", "best_bid": "0.027", "best_ask": "0.067"}, {"asset_id": "53912148792122350875306836591858850656555508262107599828438357128873832212220", "price": "0.991", "size": "0", "side": "SELL", "hash": "a1a82370a470eae7e5df1e2519318b9e1a26bae0", "best_bid": "0.933", "best_ask": "0.973"}], "timestamp": "1769384441161", "event_type": "price_change"}}
{"_local_timestamp": "2026-01-25T23:40:41.260819+00:00", "data": {"market": "0x966c4246b6fd493d3c8d8a78cd01af7e9ab37bfcdcfc443e52fff05c849849d3", "price_changes": [{"asset_id": "30067386062907888066453898823774239601138550807546707350388500862876873138732", "price": "0.011", "size": "49", "side": "BUY", "hash": "7f4b362a16a0177e43a844d23cdf0093a8b80e2e", "best_bid": "0.027", "best_ask": "0.067"}, {"asset_id": "53912148792122350875306836591858850656555508262107599828438357128873832212220", "price": "0.989", "size": "49", "side": "SELL", "hash": "58fe1f174eb1fe3e9c90dae2ecc5e94228e8911b", "best_bid": "0.933", "best_ask": "0.973"}], "timestamp": "1769384441196", "event_type": "price_change"}}
{"_local_timestamp": "2026-01-25T23:40:42.456635+00:00", "data": {"market": "0x966c4246b6fd493d3c8d8a78cd01af7e9ab37bfcdcfc443e52fff05c849849d3", "price_changes": [{"asset_id": "30067386062907888066453898823774239601138550807546707350388500862876873138732", "price": "0.007", "size": "5", "side": "BUY", "hash": "21a9e8e9aff735110050b0ff61187294aa5ccc60", "best_bid": "0.027", "best_ask": "0.067"}, {"asset_id": "53912148792122350875306836591858850656555508262107599828438357128873832212220", "price": "0.993", "size": "5", "side": "SELL", "hash": "6d2b1e2db8a9b5112952301cd11166b8c2721f50", "best_bid": "0.933", "best_ask": "0.973"}], "timestamp": "1769384442383", "event_type": "price_change"}}
{"_local_timestamp": "2026-01-25T23:40:42.457376+00:00", "data": {"market": "0x966c4246b6fd493d3c8d8a78cd01af7e9ab37bfcdcfc443e52fff05c849849d3", "price_changes": [{"asset_id": "30067386062907888066453898823774239601138550807546707350388500862876873138732", "price": "0.008", "size": "0", "side": "BUY", "hash": "21a9e8e9aff735110050b0ff61187294aa5ccc60", "best_bid": "0.027", "best_ask": "0.067"}, {"asset_id": "53912148792122350875306836591858850656555508262107599828438357128873832212220", "price": "0.992", "size": "0", "side": "SELL", "hash": "6d2b1e2db8a9b5112952301cd11166b8c2721f50", "best_bid": "0.933", "best_ask": "0.973"}], "timestamp": "1769384442383", "event_type": "price_change"}}
{"_local_timestamp": "2026-01-25T23:40:42.457809+00:00", "data": {"market": "0x966c4246b6fd493d3c8d8a78cd01af7e9ab37bfcdcfc443e52fff05c849849d3", "price_changes": [{"asset_id": "30067386062907888066453898823774239601138550807546707350388500862876873138732", "price": "0.01", "size": "20.98", "side": "BUY", "hash": "21a9e8e9aff735110050b0ff61187294aa5ccc60", "best_bid": "0.027", "best_ask": "0.067"}, {"asset_id": "53912148792122350875306836591858850656555508262107599828438357128873832212220", "price": "0.99", "size": "20.98", "side": "SELL", "hash": "6d2b1e2db8a9b5112952301cd11166b8c2721f50", "best_bid": "0.933", "best_ask": "0.973"}], "timestamp": "1769384442383", "event_type": "price_change"}}
{"_local_timestamp": "2026-01-25T23:40:42.481545+00:00", "data": {"market": "0x966c4246b6fd493d3c8d8a78cd01af7e9ab37bfcdcfc443e52fff05c849849d3", "price_changes": [{"asset_id": "30067386062907888066453898823774239601138550807546707350388500862876873138732", "price": "0.011", "size": "0", "side": "BUY", "hash": "e04edd4766e2d91bc9d0569d0016fc203165d9bc", "best_bid": "0.027", "best_ask": "0.067"}, {"asset_id": "53912148792122350875306836591858850656555508262107599828438357128873832212220", "price": "0.989", "size": "0", "side": "SELL", "hash": "e68fbe3e662abd53aff6361ece23d112f172e1d2", "best_bid": "0.933", "best_ask": "0.973"}], "timestamp": "1769384442411", "event_type": "price_change"}}
{"_local_timestamp": "2026-01-25T23:40:42.822536+00:00", "data": {"market": "0x966c4246b6fd493d3c8d8a78cd01af7e9ab37bfcdcfc443e52fff05c849849d3", "price_changes": [{"asset_id": "30067386062907888066453898823774239601138550807546707350388500862876873138732", "price": "0.012", "size": "15.78", "side": "BUY", "hash": "3193b9d090f4abb517edb71222620974562e8eaf", "best_bid": "0.027", "best_ask": "0.067"}, {"asset_id": "53912148792122350875306836591858850656555508262107599828438357128873832212220", "price": "0.988", "size": "15.78", "side": "SELL", "hash": "7b56137679ccc0b725ee6523349a3ed27f8ce8b5", "best_bid": "0.933", "best_ask": "0.973"}], "timestamp": "1769384442749", "event_type": "price_change"}}
{"_local_timestamp": "2026-01-25T23:40:42.823208+00:00", "data": {"market": "0x966c4246b6fd493d3c8d8a78cd01af7e9ab37bfcdcfc443e52fff05c849849d3", "price_changes": [{"asset_id": "30067386062907888066453898823774239601138550807546707350388500862876873138732", "price": "0.002", "size": "145.78", "side": "BUY", "hash": "f4bec8f5938f881f3c8c53ad57e56ab54b54f0ce", "best_bid": "0.027", "best_ask": "0.067"}, {"asset_id": "53912148792122350875306836591858850656555508262107599828438357128873832212220", "price": "0.998", "size": "145.78", "side": "SELL", "hash": "403acbb787fc307dffadbebbccbabc6bb4376d68", "best_bid": "0.933", "best_ask": "0.973"}], "timestamp": "1769384442750", "event_type": "price_change"}}
{"_local_timestamp": "2026-01-25T23:40:42.825207+00:00", "data": {"market": "0x966c4246b6fd493d3c8d8a78cd01af7e9ab37bfcdcfc443e52fff05c849849d3", "price_changes": [{"asset_id": "30067386062907888066453898823774239601138550807546707350388500862876873138732", "price": "0.002", "size": "177.03", "side": "BUY", "hash": "bce13feb880f8f51012b574d3d3c68086f76f360", "best_bid": "0.027", "best_ask": "0.067"}, {"asset_id": "53912148792122350875306836591858850656555508262107599828438357128873832212220", "price": "0.998", "size": "177.03", "side": "SELL", "hash": "0ec3b5ac1573cda5a8710925999fe5ce535274c6", "best_bid": "0.933", "best_ask": "0.973"}], "timestamp": "1769384442751", "event_type": "price_change"}}
{"_local_timestamp": "2026-01-25T23:40:42.830072+00:00", "data": {"market": "0x966c4246b6fd493d3c8d8a78cd01af7e9ab37bfcdcfc443e52fff05c849849d3", "price_changes": [{"asset_id": "30067386062907888066453898823774239601138550807546707350388500862876873138732", "price": "0.012", "size": "31.56", "side": "BUY", "hash": "714fe24995305e2208235f6775c613738ce9b723", "best_bid": "0.027", "best_ask": "0.067"}, {"asset_id": "53912148792122350875306836591858850656555508262107599828438357128873832212220", "price": "0.988", "size": "31.56", "side": "SELL", "hash": "80afcf125c3b0ffbae9bf94ddfdb75ada57003c4", "best_bid": "0.933", "best_ask": "0.973"}], "timestamp": "1769384442752", "event_type": "price_change"}}
{"_local_timestamp": "2026-01-25T23:40:42.858828+00:00", "data": {"market": "0x966c4246b6fd493d3c8d8a78cd01af7e9ab37bfcdcfc443e52fff05c849849d3", "price_changes": [{"asset_id": "30067386062907888066453898823774239601138550807546707350388500862876873138732", "price": "0.013", "size": "18", "side": "BUY", "hash": "e6d2125eed793db4e9b7a052618ec207a3961cdb", "best_bid": "0.027", "best_ask": "0.067"}, {"asset_id": "53912148792122350875306836591858850656555508262107599828438357128873832212220", "price": "0.987", "size": "18", "side": "SELL", "hash": "74f4ad1c47e4496e29945711d4eecd87c107e09a", "best_bid": "0.933", "best_ask": "0.973"}], "timestamp": "1769384442783", "event_type": "price_change"}}
{"_local_timestamp": "2026-01-25T23:40:43.470561+00:00", "data": {"market": "0x966c4246b6fd493d3c8d8a78cd01af7e9ab37bfcdcfc443e52fff05c849849d3", "price_changes": [{"asset_id": "30067386062907888066453898823774239601138550807546707350388500862876873138732", "price": "0.007", "size": "0", "side": "BUY", "hash": "0071d5dc10d4c291f525796aceafb4642de3d9b1", "best_bid": "0.027", "best_ask": "0.067"}, {"asset_id": "53912148792122350875306836591858850656555508262107599828438357128873832212220", "price": "0.993", "size": "0", "side": "SELL", "hash": "bf18104fe256f56aed56529a147d814fc8896b11", "best_bid": "0.933", "best_ask": "0.973"}], "timestamp": "1769384443400", "event_type": "price_change"}}
{"_local_timestamp": "2026-01-25T23:40:43.471147+00:00", "data": {"market": "0x966c4246b6fd493d3c8d8a78cd01af7e9ab37bfcdcfc443e52fff05c849849d3", "price_changes": [{"asset_id": "30067386062907888066453898823774239601138550807546707350388500862876873138732", "price": "0.01", "size": "0", "side": "BUY", "hash": "0071d5dc10d4c291f525796aceafb4642de3d9b1", "best_bid": "0.027", "best_ask": "0.067"}, {"asset_id": "53912148792122350875306836591858850656555508262107599828438357128873832212220", "price": "0.99", "size": "0", "side": "SELL", "hash": "bf18104fe256f56aed56529a147d814fc8896b11", "best_bid": "0.933", "best_ask": "0.973"}], "timestamp": "1769384443400", "event_type": "price_change"}}
{"_local_timestamp": "2026-01-25T23:40:43.471633+00:00", "data": {"market": "0x966c4246b6fd493d3c8d8a78cd01af7e9ab37bfcdcfc443e52fff05c849849d3", "price_changes": [{"asset_id": "30067386062907888066453898823774239601138550807546707350388500862876873138732", "price": "0.012", "size": "15.78", "side": "BUY", "hash": "0071d5dc10d4c291f525796aceafb4642de3d9b1", "best_bid": "0.027", "best_ask": "0.067"}, {"asset_id": "53912148792122350875306836591858850656555508262107599828438357128873832212220", "price": "0.988", "size": "15.78", "side": "SELL", "hash": "bf18104fe256f56aed56529a147d814fc8896b11", "best_bid": "0.933", "best_ask": "0.973"}], "timestamp": "1769384443400", "event_type": "price_change"}}
{"_local_timestamp": "2026-01-25T23:40:43.771306+00:00", "data": {"market": "0x966c4246b6fd493d3c8d8a78cd01af7e9ab37bfcdcfc443e52fff05c849849d3", "price_changes": [{"asset_id": "30067386062907888066453898823774239601138550807546707350388500862876873138732", "price": "0.014", "size": "6.13", "side": "BUY", "hash": "88060d7adca69ce97e1553ff75230e8223abc82e", "best_bid": "0.027", "best_ask": "0.067"}, {"asset_id": "53912148792122350875306836591858850656555508262107599828438357128873832212220", "price": "0.986", "size": "6.13", "side": "SELL", "hash": "2cef021621ffc2d5d750b96c104c6fbaa6e54859", "best_bid": "0.933", "best_ask": "0.973"}], "timestamp": "1769384443700", "event_type": "price_change"}}
{"_local_timestamp": "2026-01-25T23:40:43.772030+00:00", "data": {"market": "0x966c4246b6fd493d3c8d8a78cd01af7e9ab37bfcdcfc443e52fff05c849849d3", "price_changes": [{"asset_id": "30067386062907888066453898823774239601138550807546707350388500862876873138732", "price": "0.013", "size": "23.34", "side": "BUY", "hash": "0c3fe07f160c46409b64b1c8e581b08d124557ab", "best_bid": "0.027", "best_ask": "0.067"}, {"asset_id": "53912148792122350875306836591858850656555508262107599828438357128873832212220", "price": "0.987", "size": "23.34", "side": "SELL", "hash": "1cd9dcf39f646af5f434cfd9c23d5f0ba54a8086", "best_bid": "0.933", "best_ask": "0.973"}], "timestamp": "1769384443701", "event_type": "price_change"}}
{"_local_timestamp": "2026-01-25T23:40:43.778225+00:00", "data": {"market": "0x966c4246b6fd493d3c8d8a78cd01af7e9ab37bfcdcfc443e52fff05c849849d3", "price_changes": [{"asset_id": "30067386062907888066453898823774239601138550807546707350388500862876873138732", "price": "0.002", "size": "207.94", "side": "BUY", "hash": "f5eceecd6290c424738b3ee68336f386b20f72c9", "best_bid": "0.027", "best_ask": "0.067"}, {"asset_id": "53912148792122350875306836591858850656555508262107599828438357128873832212220", "price": "0.998", "size": "207.94", "side": "SELL", "hash": "080cd980871c03839b58bcd17d73c71791b2e45e", "best_bid": "0.933", "best_ask": "0.973"}], "timestamp": "1769384443702", "event_type": "price_change"}}
{"_local_timestamp": "2026-01-25T23:40:43.779695+00:00", "data": {"market": "0x966c4246b6fd493d3c8d8a78cd01af7e9ab37bfcdcfc443e52fff05c849849d3", "price_changes": [{"asset_id": "30067386062907888066453898823774239601138550807546707350388500862876873138732", "price": "0.014", "size": "12.26", "side": "BUY", "hash": "8fabaa87940415791b5df46afdfbbe26eb90c781", "best_bid": "0.027", "best_ask": "0.067"}, {"asset_id": "53912148792122350875306836591858850656555508262107599828438357128873832212220", "price": "0.986", "size": "12.26", "side": "SELL", "hash": "b971d5bba2243afa06a62adafe13aae3511cd93c", "best_bid": "0.933", "best_ask": "0.973"}], "timestamp": "1769384443703", "event_type": "price_change"}}
{"_local_timestamp": "2026-01-25T23:40:43.780972+00:00", "data": {"market": "0x966c4246b6fd493d3c8d8a78cd01af7e9ab37bfcdcfc443e52fff05c849849d3", "price_changes": [{"asset_id": "30067386062907888066453898823774239601138550807546707350388500862876873138732", "price": "0.013", "size": "28.68", "side": "BUY", "hash": "7bafd0c753f5c2233e4705a5f593230ec51e8534", "best_bid": "0.027", "best_ask": "0.067"}, {"asset_id": "53912148792122350875306836591858850656555508262107599828438357128873832212220", "price": "0.987", "size": "28.68", "side": "SELL", "hash": "1d75e8161da1cfa3deb5ac821e0ad2d316d19434", "best_bid": "0.933", "best_ask": "0.973"}], "timestamp": "1769384443704", "event_type": "price_change"}}
{"_local_timestamp": "2026-01-25T23:40:43.781469+00:00", "data": {"market": "0x966c4246b6fd493d3c8d8a78cd01af7e9ab37bfcdcfc443e52fff05c849849d3", "price_changes": [{"asset_id": "30067386062907888066453898823774239601138550807546707350388500862876873138732", "price": "0.002", "size": "238.85", "side": "BUY", "hash": "9c79e563f1bf945fed49e6a5150d9ff00360f3e2", "best_bid": "0.027", "best_ask": "0.067"}, {"asset_id": "53912148792122350875306836591858850656555508262107599828438357128873832212220", "price": "0.998", "size": "238.85", "side": "SELL", "hash": "38f902ec99b792af184eba43b1d3e7da9a8ffc88", "best_bid": "0.933", "best_ask": "0.973"}], "timestamp": "1769384443705", "event_type": "price_change"}}
{"_local_timestamp": "2026-01-25T23:40:44.221901+00:00", "data": {"market": "0x966c4246b6fd493d3c8d8a78cd01af7e9ab37bfcdcfc443e52fff05c849849d3", "price_changes": [{"asset_id": "30067386062907888066453898823774239601138550807546707350388500862876873138732", "price": "0.013", "size": "10.68", "side": "BUY", "hash": "f9c023bbadbbe4c8f24ecbf5ecc0252e9068a72c", "best_bid": "0.027", "best_ask": "0.067"}, {"asset_id": "53912148792122350875306836591858850656555508262107599828438357128873832212220", "price": "0.987", "size": "10.68", "side": "SELL", "hash": "2835080f41aef225e08574440d1a4baefb75e686", "best_bid": "0.933", "best_ask": "0.973"}], "timestamp": "1769384444144", "event_type": "price_change"}}
{"_local_timestamp": "2026-01-25T23:40:44.247737+00:00", "data": {"market": "0x966c4246b6fd493d3c8d8a78cd01af7e9ab37bfcdcfc443e52fff05c849849d3", "price_changes": [{"asset_id": "30067386062907888066453898823774239601138550807546707350388500862876873138732", "price": "0.015", "size": "15", "side": "BUY", "hash": "c9b25b32659f1ad649390decc7fc2a1facb6137b", "best_bid": "0.027", "best_ask": "0.067"}, {"asset_id": "53912148792122350875306836591858850656555508262107599828438357128873832212220", "price": "0.985", "size": "15", "side": "SELL", "hash": "b19118e1cb4c3ce8d8da8e12468730f750b3384e", "best_bid": "0.933", "best_ask": "0.973"}], "timestamp": "1769384444175", "event_type": "price_change"}}
{"_local_timestamp": "2026-01-25T23:40:45.291937+00:00", "data": {"market": "0x966c4246b6fd493d3c8d8a78cd01af7e9ab37bfcdcfc443e52fff05c849849d3", "price_changes": [{"asset_id": "30067386062907888066453898823774239601138550807546707350388500862876873138732", "price": "0.012", "size": "0", "side": "BUY", "hash": "0af06c73f9bb7de77ba75e9d779d882000c93215", "best_bid": "0.027", "best_ask": "0.067"}, {"asset_id": "53912148792122350875306836591858850656555508262107599828438357128873832212220", "price": "0.988", "size": "0", "side": "SELL", "hash": "c9f637a6a9eca34d8cb1cc00a51b536d967a440e", "best_bid": "0.933", "best_ask": "0.973"}], "timestamp": "1769384445214", "event_type": "price_change"}}
{"_local_timestamp": "2026-01-25T23:40:45.292666+00:00", "data": {"market": "0x966c4246b6fd493d3c8d8a78cd01af7e9ab37bfcdcfc443e52fff05c849849d3", "price_changes": [{"asset_id": "30067386062907888066453898823774239601138550807546707350388500862876873138732", "price": "0.013", "size": "5.34", "side": "BUY", "hash": "0af06c73f9bb7de77ba75e9d779d882000c93215", "best_bid": "0.027", "best_ask": "0.067"}, {"asset_id": "53912148792122350875306836591858850656555508262107599828438357128873832212220", "price": "0.987", "size": "5.34", "side": "SELL", "hash": "c9f637a6a9eca34d8cb1cc00a51b536d967a440e", "best_bid": "0.933", "best_ask": "0.973"}], "timestamp": "1769384445214", "event_type": "price_change"}}
{"_local_timestamp": "2026-01-25T23:40:45.293177+00:00", "data": {"market": "0x966c4246b6fd493d3c8d8a78cd01af7e9ab37bfcdcfc443e52fff05c849849d3", "price_changes": [{"asset_id": "30067386062907888066453898823774239601138550807546707350388500862876873138732", "price": "0.014", "size": "6.13", "side": "BUY", "hash": "0af06c73f9bb7de77ba75e9d779d882000c93215", "best_bid": "0.027", "best_ask": "0.067"}, {"asset_id": "53912148792122350875306836591858850656555508262107599828438357128873832212220", "price": "0.986", "size": "6.13", "side": "SELL", "hash": "c9f637a6a9eca34d8cb1cc00a51b536d967a440e", "best_bid": "0.933", "best_ask": "0.973"}], "timestamp": "1769384445214", "event_type": "price_change"}}
{"_local_timestamp": "2026-01-25T23:40:45.307750+00:00", "data": {"market": "0x966c4246b6fd493d3c8d8a78cd01af7e9ab37bfcdcfc443e52fff05c849849d3", "price_changes": [{"asset_id": "30067386062907888066453898823774239601138550807546707350388500862876873138732", "price": "0.015", "size": "0", "side": "BUY", "hash": "5720a1788fc2486f9808d31de307eee8fa123f6e", "best_bid": "0.027", "best_ask": "0.067"}, {"asset_id": "53912148792122350875306836591858850656555508262107599828438357128873832212220", "price": "0.985", "size": "0", "side": "SELL", "hash": "b84bb4f3ac0d07372016bdf7e471d9fb20a16ded", "best_bid": "0.933", "best_ask": "0.973"}], "timestamp": "1769384445239", "event_type": "price_change"}}
{"_local_timestamp": "2026-01-25T23:40:45.651813+00:00", "data": {"market": "0x966c4246b6fd493d3c8d8a78cd01af7e9ab37bfcdcfc443e52fff05c849849d3", "price_changes": [{"asset_id": "30067386062907888066453898823774239601138550807546707350388500862876873138732", "price": "0.016", "size": "6.33", "side": "BUY", "hash": "6d761c9f12e8c8ec8ce905ceca6bcefb38f2d44f", "best_bid": "0.027", "best_ask": "0.067"}, {"asset_id": "53912148792122350875306836591858850656555508262107599828438357128873832212220", "price": "0.984", "size": "6.33", "side": "SELL", "hash": "4eb7cbd2ea7c81caaabc698d117f5c527c51fa58", "best_bid": "0.933", "best_ask": "0.973"}], "timestamp": "1769384445584", "event_type": "price_change"}}
{"_local_timestamp": "2026-01-25T23:40:45.655172+00:00", "data": {"market": "0x966c4246b6fd493d3c8d8a78cd01af7e9ab37bfcdcfc443e52fff05c849849d3", "price_changes": [{"asset_id": "30067386062907888066453898823774239601138550807546707350388500862876873138732", "price": "0.016", "size": "12.66", "side": "BUY", "hash": "f2dd3b8ff811b340a666048df5ed74ee435082e0", "best_bid": "0.027", "best_ask": "0.067"}, {"asset_id": "53912148792122350875306836591858850656555508262107599828438357128873832212220", "price": "0.984", "size": "12.66", "side": "SELL", "hash": "6a62e716ec17a19695e22de50f31d47e96381910", "best_bid": "0.933", "best_ask": "0.973"}], "timestamp": "1769384445585", "event_type": "price_change"}}
{"_local_timestamp": "2026-01-25T23:40:45.655901+00:00", "data": {"market": "0x966c4246b6fd493d3c8d8a78cd01af7e9ab37bfcdcfc443e52fff05c849849d3", "price_changes": [{"asset_id": "30067386062907888066453898823774239601138550807546707350388500862876873138732", "price": "0.002", "size": "274.33", "side": "BUY", "hash": "e5fdecc25379a8f234977da72b9f85cb5ee65b69", "best_bid": "0.027", "best_ask": "0.067"}, {"asset_id": "53912148792122350875306836591858850656555508262107599828438357128873832212220", "price": "0.998", "size": "274.33", "side": "SELL", "hash": "57be22eae7dd071e550f84645412ec3b9c56a4e4", "best_bid": "0.933", "best_ask": "0.973"}], "timestamp": "1769384445586", "event_type": "price_change"}}
{"_local_timestamp": "2026-01-25T23:40:45.656490+00:00", "data": {"market": "0x966c4246b6fd493d3c8d8a78cd01af7e9ab37bfcdcfc443e52fff05c849849d3", "price_changes": [{"asset_id": "30067386062907888066453898823774239601138550807546707350388500862876873138732", "price": "0.002", "size": "309.81", "side": "BUY", "hash": "2c3fe2e188c89edaefe40e316a209a33445b0071", "best_bid": "0.027", "best_ask": "0.067"}, {"asset_id": "53912148792122350875306836591858850656555508262107599828438357128873832212220", "price": "0.998", "size": "309.81", "side": "SELL", "hash": "21bf1b5b5b896cd5d9de8aa5c834f4ad762109a3", "best_bid": "0.933", "best_ask": "0.973"}], "timestamp": "1769384445587", "event_type": "price_change"}}
{"_local_timestamp": "2026-01-25T23:40:46.167974+00:00", "data": {"market": "0x966c4246b6fd493d3c8d8a78cd01af7e9ab37bfcdcfc443e52fff05c849849d3", "price_changes": [{"asset_id": "30067386062907888066453898823774239601138550807546707350388500862876873138732", "price": "0.013", "size": "0", "side": "BUY", "hash": "90a3800161793cd8f047945e13d62cd8773f9a71", "best_bid": "0.027", "best_ask": "0.067"}, {"asset_id": "53912148792122350875306836591858850656555508262107599828438357128873832212220", "price": "0.987", "size": "0", "side": "SELL", "hash": "c4dcc13f343aa327f319dc5b75480fd96f339627", "best_bid": "0.933", "best_ask": "0.973"}], "timestamp": "1769384446101", "event_type": "price_change"}}
{"_local_timestamp": "2026-01-25T23:40:46.172380+00:00", "data": {"market": "0x966c4246b6fd493d3c8d8a78cd01af7e9ab37bfcdcfc443e52fff05c849849d3", "price_changes": [{"asset_id": "30067386062907888066453898823774239601138550807546707350388500862876873138732", "price": "0.014", "size": "0", "side": "BUY", "hash": "90a3800161793cd8f047945e13d62cd8773f9a71", "best_bid": "0.027", "best_ask": "0.067"}, {"asset_id": "53912148792122350875306836591858850656555508262107599828438357128873832212220", "price": "0.986", "size": "0", "side": "SELL", "hash": "c4dcc13f343aa327f319dc5b75480fd96f339627", "best_bid": "0.933", "best_ask": "0.973"}], "timestamp": "1769384446101", "event_type": "price_change"}}
{"_local_timestamp": "2026-01-25T23:40:46.173660+00:00", "data": {"market": "0x966c4246b6fd493d3c8d8a78cd01af7e9ab37bfcdcfc443e52fff05c849849d3", "price_changes": [{"asset_id": "30067386062907888066453898823774239601138550807546707350388500862876873138732", "price": "0.016", "size": "6.33", "side": "BUY", "hash": "90a3800161793cd8f047945e13d62cd8773f9a71", "best_bid": "0.027", "best_ask": "0.067"}, {"asset_id": "53912148792122350875306836591858850656555508262107599828438357128873832212220", "price": "0.984", "size": "6.33", "side": "SELL", "hash": "c4dcc13f343aa327f319dc5b75480fd96f339627", "best_bid": "0.933", "best_ask": "0.973"}], "timestamp": "1769384446101", "event_type": "price_change"}}
{"_local_timestamp": "2026-01-25T23:40:46.582100+00:00", "data": {"market": "0x966c4246b6fd493d3c8d8a78cd01af7e9ab37bfcdcfc443e52fff05c849849d3", "price_changes": [{"asset_id": "30067386062907888066453898823774239601138550807546707350388500862876873138732", "price": "0.002", "size": "374.01", "side": "BUY", "hash": "535b6aba6007e8630e5487318f4ba8cfe12ee572", "best_bid": "0.027", "best_ask": "0.067"}, {"asset_id": "53912148792122350875306836591858850656555508262107599828438357128873832212220", "price": "0.998", "size": "374.01", "side": "SELL", "hash": "af9f0751def8a724dc7d4e79b856646207a7562a", "best_bid": "0.933", "best_ask": "0.973"}], "timestamp": "1769384446505", "event_type": "price_change"}}
{"_local_timestamp": "2026-01-25T23:40:46.583708+00:00", "data": {"market": "0x966c4246b6fd493d3c8d8a78cd01af7e9ab37bfcdcfc443e52fff05c849849d3", "price_changes": [{"asset_id": "30067386062907888066453898823774239601138550807546707350388500862876873138732", "price": "0.002", "size": "438.21", "side": "BUY", "hash": "e7fb3e01af28b8431cf51754ee275546a7d26c31", "best_bid": "0.027", "best_ask": "0.067"}, {"asset_id": "53912148792122350875306836591858850656555508262107599828438357128873832212220", "price": "0.998", "size": "438.21", "side": "SELL", "hash": "2e951718ccab89efbcacb4205080e7e5240355b7", "best_bid": "0.933", "best_ask": "0.973"}], "timestamp": "1769384446506", "event_type": "price_change"}}
{"_local_timestamp": "2026-01-25T23:40:47.894456+00:00", "data": {"market": "0x966c4246b6fd493d3c8d8a78cd01af7e9ab37bfcdcfc443e52fff05c849849d3", "price_changes": [{"asset_id": "30067386062907888066453898823774239601138550807546707350388500862876873138732", "price": "0.016", "size": "0", "side": "BUY", "hash": "51d27ba660f1cbcb24e825e95592d6b65db3f42e", "best_bid": "0.027", "best_ask": "0.067"}, {"asset_id": "53912148792122350875306836591858850656555508262107599828438357128873832212220", "price": "0.984", "size": "0", "side": "SELL", "hash": "ba8487c86d7dda43fb8da4d5c6b52eb8aa0d8cbf", "best_bid": "0.933", "best_ask": "0.973"}], "timestamp": "1769384447827", "event_type": "price_change"}}
{"_local_timestamp": "2026-01-25T23:40:47.919421+00:00", "data": {"market": "0x966c4246b6fd493d3c8d8a78cd01af7e9ab37bfcdcfc443e52fff05c849849d3", "price_changes": [{"asset_id": "30067386062907888066453898823774239601138550807546707350388500862876873138732", "price": "0.003", "size": "145", "side": "BUY", "hash": "7c56bac27f6ae4df8caa84965c030c4311496655", "best_bid": "0.027", "best_ask": "0.067"}, {"asset_id": "53912148792122350875306836591858850656555508262107599828438357128873832212220", "price": "0.997", "size": "145", "side": "SELL", "hash": "ad7c98b8b4b0c131e2d242e4e6e289b6c3ee3eff", "best_bid": "0.933", "best_ask": "0.973"}], "timestamp": "1769384447853", "event_type": "price_change"}}
{"_local_timestamp": "2026-01-25T23:40:48.367394+00:00", "data": {"market": "0x966c4246b6fd493d3c8d8a78cd01af7e9ab37bfcdcfc443e52fff05c849849d3", "price_changes": [{"asset_id": "30067386062907888066453898823774239601138550807546707350388500862876873138732", "price": "0.002", "size": "463.53", "side": "BUY", "hash": "1918ff25f5af9e33209757a5b24ef8fcf084af56", "best_bid": "0.027", "best_ask": "0.067"}, {"asset_id": "53912148792122350875306836591858850656555508262107599828438357128873832212220", "price": "0.998", "size": "463.53", "side": "SELL", "hash": "567ee800e60dc8916571d28680ee0e56c4e76520", "best_bid": "0.933", "best_ask": "0.973"}], "timestamp": "1769384448299", "event_type": "price_change"}}
{"_local_timestamp": "2026-01-25T23:40:48.368261+00:00", "data": {"market": "0x966c4246b6fd493d3c8d8a78cd01af7e9ab37bfcdcfc443e52fff05c849849d3", "price_changes": [{"asset_id": "30067386062907888066453898823774239601138550807546707350388500862876873138732", "price": "0.002", "size": "488.85", "side": "BUY", "hash": "322f2bb92e5e9ab2e4f365fcb7d67f8fcaef2020", "best_bid": "0.027", "best_ask": "0.067"}, {"asset_id": "53912148792122350875306836591858850656555508262107599828438357128873832212220", "price": "0.998", "size": "488.85", "side": "SELL", "hash": "a3661af020ba2f191a0e54700163ddc6916940df", "best_bid": "0.933", "best_ask": "0.973"}], "timestamp": "1769384448301", "event_type": "price_change"}}
{"_local_timestamp": "2026-01-25T23:40:49.207569+00:00", "data": {"market": "0x966c4246b6fd493d3c8d8a78cd01af7e9ab37bfcdcfc443e52fff05c849849d3", "price_changes": [{"asset_id": "53912148792122350875306836591858850656555508262107599828438357128873832212220", "price": "0.267", "size": "0", "side": "BUY", "hash": "913b31fa6e0d4e3be2de4d93c77734319989b1e2", "best_bid": "0.933", "best_ask": "0.973"}, {"asset_id": "30067386062907888066453898823774239601138550807546707350388500862876873138732", "price": "0.733", "size": "0", "side": "SELL", "hash": "63efc76815008ecfa5535cf0d928529e5a3bcc5b", "best_bid": "0.027", "best_ask": "0.067"}], "timestamp": "1769384449141", "event_type": "price_change"}}
{"_local_timestamp": "2026-01-25T23:40:49.525777+00:00", "data": {"market": "0x966c4246b6fd493d3c8d8a78cd01af7e9ab37bfcdcfc443e52fff05c849849d3", "price_changes": [{"asset_id": "53912148792122350875306836591858850656555508262107599828438357128873832212220", "price": "0.267", "size": "5", "side": "BUY", "hash": "db290a374693c8434996144684d867becc92c065", "best_bid": "0.933", "best_ask": "0.973"}, {"asset_id": "30067386062907888066453898823774239601138550807546707350388500862876873138732", "price": "0.733", "size": "5", "side": "SELL", "hash": "2557487767a80786ea8d3e41d77ecf040f8dd4b1", "best_bid": "0.027", "best_ask": "0.067"}], "timestamp": "1769384449459", "event_type": "price_change"}}
{"_local_timestamp": "2026-01-25T23:40:50.519715+00:00", "data": {"market": "0x966c4246b6fd493d3c8d8a78cd01af7e9ab37bfcdcfc443e52fff05c849849d3", "price_changes": [{"asset_id": "30067386062907888066453898823774239601138550807546707350388500862876873138732", "price": "0.002", "size": "258.24", "side": "BUY", "hash": "dd2f3740610667946d1dd610140b72f46b8e48d1", "best_bid": "0.027", "best_ask": "0.067"}, {"asset_id": "53912148792122350875306836591858850656555508262107599828438357128873832212220", "price": "0.998", "size": "258.24", "side": "SELL", "hash": "b0fd1f9aa0a1e3e7eb45a37f53c9bab5d3402400", "best_bid": "0.933", "best_ask": "0.973"}], "timestamp": "1769384450436", "event_type": "price_change"}}
{"_local_timestamp": "2026-01-25T23:40:50.779923+00:00", "data": {"market": "0x966c4246b6fd493d3c8d8a78cd01af7e9ab37bfcdcfc443e52fff05c849849d3", "price_changes": [{"asset_id": "30067386062907888066453898823774239601138550807546707350388500862876873138732", "price": "0.004", "size": "27.98", "side": "BUY", "hash": "eeef130ecdf906a3a0471090a24c99c304fb206b", "best_bid": "0.027", "best_ask": "0.067"}, {"asset_id": "53912148792122350875306836591858850656555508262107599828438357128873832212220", "price": "0.996", "size": "27.98", "side": "SELL", "hash": "2334946eaf78ee9b630b9f8aaed4b429d10ddf6e", "best_bid": "0.933", "best_ask": "0.973"}], "timestamp": "1769384450712", "event_type": "price_change"}}
{"_local_timestamp": "2026-01-25T23:40:50.787341+00:00", "data": {"market": "0x966c4246b6fd493d3c8d8a78cd01af7e9ab37bfcdcfc443e52fff05c849849d3", "price_changes": [{"asset_id": "30067386062907888066453898823774239601138550807546707350388500862876873138732", "price": "0.003", "size": "184.56", "side": "BUY", "hash": "f1f773c69254323424e83b87c94221266e30c081", "best_bid": "0.027", "best_ask": "0.067"}, {"asset_id": "53912148792122350875306836591858850656555508262107599828438357128873832212220", "price": "0.997", "size": "184.56", "side": "SELL", "hash": "7701f363cc178d9b26f595a8b1e569b6a2d9c0f6", "best_bid": "0.933", "best_ask": "0.973"}], "timestamp": "1769384450716", "event_type": "price_change"}}
{"_local_timestamp": "2026-01-25T23:40:50.788063+00:00", "data": {"market": "0x966c4246b6fd493d3c8d8a78cd01af7e9ab37bfcdcfc443e52fff05c849849d3", "price_changes": [{"asset_id": "30067386062907888066453898823774239601138550807546707350388500862876873138732", "price": "0.004", "size": "55.96", "side": "BUY", "hash": "49387c8b70cfd5c3582a65702606bdeed323c6d0", "best_bid": "0.027", "best_ask": "0.067"}, {"asset_id": "53912148792122350875306836591858850656555508262107599828438357128873832212220", "price": "0.996", "size": "55.96", "side": "SELL", "hash": "000e5742e3745b8d8b5453c66745ab96cfd548f8", "best_bid": "0.933", "best_ask": "0.973"}], "timestamp": "1769384450719", "event_type": "price_change"}}
{"_local_timestamp": "2026-01-25T23:40:50.793132+00:00", "data": {"market": "0x966c4246b6fd493d3c8d8a78cd01af7e9ab37bfcdcfc443e52fff05c849849d3", "price_changes": [{"asset_id": "30067386062907888066453898823774239601138550807546707350388500862876873138732", "price": "0.003", "size": "224.12", "side": "BUY", "hash": "269a0d2ca43a307a9cf4bd87a064371922347169", "best_bid": "0.027", "best_ask": "0.067"}, {"asset_id": "53912148792122350875306836591858850656555508262107599828438357128873832212220", "price": "0.997", "size": "224.12", "side": "SELL", "hash": "7a356eb5ad8990d9b832f63a92c0ce48d76e7871", "best_bid": "0.933", "best_ask": "0.973"}], "timestamp": "1769384450723", "event_type": "price_change"}}
{"_local_timestamp": "2026-01-25T23:40:50.813398+00:00", "data": {"market": "0x966c4246b6fd493d3c8d8a78cd01af7e9ab37bfcdcfc443e52fff05c849849d3", "price_changes": [{"asset_id": "30067386062907888066453898823774239601138550807546707350388500862876873138732", "price": "0.003", "size": "79.12", "side": "BUY", "hash": "3914a4f5fbb3f101681a5bd4ab472e2af0ace543", "best_bid": "0.027", "best_ask": "0.067"}, {"asset_id": "53912148792122350875306836591858850656555508262107599828438357128873832212220", "price": "0.997", "size": "79.12", "side": "SELL", "hash": "5404f16949f0860c83d1809392dd674acb71f17b", "best_bid": "0.933", "best_ask": "0.973"}], "timestamp": "1769384450741", "event_type": "price_change"}}
{"_local_timestamp": "2026-01-25T23:40:50.841173+00:00", "data": {"market": "0x966c4246b6fd493d3c8d8a78cd01af7e9ab37bfcdcfc443e52fff05c849849d3", "price_changes": [{"asset_id": "30067386062907888066453898823774239601138550807546707350388500862876873138732", "price": "0.005", "size": "130", "side": "BUY", "hash": "5c5f39935e994859f40142820c4f6bc8a6277dcd", "best_bid": "0.027", "best_ask": "0.067"}, {"asset_id": "53912148792122350875306836591858850656555508262107599828438357128873832212220", "price": "0.995", "size": "130", "side": "SELL", "hash": "753005afcbf9cb5bd8d7f53e846cef8f0ce7c447", "best_bid": "0.933", "best_ask": "0.973"}], "timestamp": "1769384450771", "event_type": "price_change"}}
{"_local_timestamp": "2026-01-25T23:40:52.505673+00:00", "data": {"market": "0x966c4246b6fd493d3c8d8a78cd01af7e9ab37bfcdcfc443e52fff05c849849d3", "price_changes": [{"asset_id": "30067386062907888066453898823774239601138550807546707350388500862876873138732", "price": "0.002", "size": "165.17", "side": "BUY", "hash": "68cdcc75af9bc8fb3b86926335f7662ae10a8b0b", "best_bid": "0.027", "best_ask": "0.067"}, {"asset_id": "53912148792122350875306836591858850656555508262107599828438357128873832212220", "price": "0.998", "size": "165.17", "side": "SELL", "hash": "31b9791c5ee6992a1bbaff51f77d476bc867cebf", "best_bid": "0.933", "best_ask": "0.973"}], "timestamp": "1769384452438", "event_type": "price_change"}}
{"_local_timestamp": "2026-01-25T23:40:52.506522+00:00", "data": {"market": "0x966c4246b6fd493d3c8d8a78cd01af7e9ab37bfcdcfc443e52fff05c849849d3", "price_changes": [{"asset_id": "30067386062907888066453898823774239601138550807546707350388500862876873138732", "price": "0.003", "size": "39.56", "side": "BUY", "hash": "68cdcc75af9bc8fb3b86926335f7662ae10a8b0b", "best_bid": "0.027", "best_ask": "0.067"}, {"asset_id": "53912148792122350875306836591858850656555508262107599828438357128873832212220", "price": "0.997", "size": "39.56", "side": "SELL", "hash": "31b9791c5ee6992a1bbaff51f77d476bc867cebf", "best_bid": "0.933", "best_ask": "0.973"}], "timestamp": "1769384452438", "event_type": "price_change"}}
{"_local_timestamp": "2026-01-25T23:40:52.508175+00:00", "data": {"market": "0x966c4246b6fd493d3c8d8a78cd01af7e9ab37bfcdcfc443e52fff05c849849d3", "price_changes": [{"asset_id": "30067386062907888066453898823774239601138550807546707350388500862876873138732", "price": "0.004", "size": "27.98", "side": "BUY", "hash": "68cdcc75af9bc8fb3b86926335f7662ae10a8b0b", "best_bid": "0.027", "best_ask": "0.067"}, {"asset_id": "53912148792122350875306836591858850656555508262107599828438357128873832212220", "price": "0.996", "size": "27.98", "side": "SELL", "hash": "31b9791c5ee6992a1bbaff51f77d476bc867cebf", "best_bid": "0.933", "best_ask": "0.973"}], "timestamp": "1769384452438", "event_type": "price_change"}}
{"_local_timestamp": "2026-01-25T23:40:52.795354+00:00", "data": {"market": "0x966c4246b6fd493d3c8d8a78cd01af7e9ab37bfcdcfc443e52fff05c849849d3", "price_changes": [{"asset_id": "30067386062907888066453898823774239601138550807546707350388500862876873138732", "price": "0.006", "size": "34.73", "side": "BUY", "hash": "ba8d4303c147626d9074a305d5fc3adf98d413c2", "best_bid": "0.027", "best_ask": "0.067"}, {"asset_id": "53912148792122350875306836591858850656555508262107599828438357128873832212220", "price": "0.994", "size": "34.73", "side": "SELL", "hash": "8deb975ca659f646b385f315e79b9a8823edff1b", "best_bid": "0.933", "best_ask": "0.973"}], "timestamp": "1769384452725", "event_type": "price_change"}}
{"_local_timestamp": "2026-01-25T23:40:52.797074+00:00", "data": {"market": "0x966c4246b6fd493d3c8d8a78cd01af7e9ab37bfcdcfc443e52fff05c849849d3", "price_changes": [{"asset_id": "30067386062907888066453898823774239601138550807546707350388500862876873138732", "price": "0.006", "size": "69.46", "side": "BUY", "hash": "65778377c752e9db092d69ca4d958bcc98fc719b", "best_bid": "0.027", "best_ask": "0.067"}, {"asset_id": "53912148792122350875306836591858850656555508262107599828438357128873832212220", "price": "0.994", "size": "69.46", "side": "SELL", "hash": "cdd7338aea53a742924c86a2c589129edda1916f", "best_bid": "0.933", "best_ask": "0.973"}], "timestamp": "1769384452726", "event_type": "price_change"}}
{"_local_timestamp": "2026-01-25T23:40:52.823647+00:00", "data": {"market": "0x966c4246b6fd493d3c8d8a78cd01af7e9ab37bfcdcfc443e52fff05c849849d3", "price_changes": [{"asset_id": "30067386062907888066453898823774239601138550807546707350388500862876873138732", "price": "0.005", "size": "0", "side": "BUY", "hash": "afa2ebf6c7705da6545cd4a1d0a8ebe267f9d9da", "best_bid": "0.027", "best_ask": "0.067"}, {"asset_id": "53912148792122350875306836591858850656555508262107599828438357128873832212220", "price": "0.995", "size": "0", "side": "SELL", "hash": "581591706d038e278dc22ea11eb77c9b6a180fb6", "best_bid": "0.933", "best_ask": "0.973"}], "timestamp": "1769384452752", "event_type": "price_change"}}
{"_local_timestamp": "2026-01-25T23:40:52.849593+00:00", "data": {"market": "0x966c4246b6fd493d3c8d8a78cd01af7e9ab37bfcdcfc443e52fff05c849849d3", "price_changes": [{"asset_id": "30067386062907888066453898823774239601138550807546707350388500862876873138732", "price": "0.007", "size": "122", "side": "BUY", "hash": "4afa8d45c8e2010fe445577a510e0101e7048698", "best_bid": "0.027", "best_ask": "0.067"}, {"asset_id": "53912148792122350875306836591858850656555508262107599828438357128873832212220", "price": "0.993", "size": "122", "side": "SELL", "hash": "d69a588c67199eda4e321275948457a16841f67b", "best_bid": "0.933", "best_ask": "0.973"}], "timestamp": "1769384452779", "event_type": "price_change"}}
{"_local_timestamp": "2026-01-25T23:40:53.805776+00:00", "data": {"market": "0x966c4246b6fd493d3c8d8a78cd01af7e9ab37bfcdcfc443e52fff05c849849d3", "price_changes": [{"asset_id": "30067386062907888066453898823774239601138550807546707350388500862876873138732", "price": "0.002", "size": "114.53", "side": "BUY", "hash": "e0ea23ad2f81248c3b3b747658647c0a2cf9df3e", "best_bid": "0.027", "best_ask": "0.067"}, {"asset_id": "53912148792122350875306836591858850656555508262107599828438357128873832212220", "price": "0.998", "size": "114.53", "side": "SELL", "hash": "de7f92df69c22f564b43eaf5847d9388d0b3ce1a", "best_bid": "0.933", "best_ask": "0.973"}], "timestamp": "1769384453735", "event_type": "price_change"}}
{"_local_timestamp": "2026-01-25T23:40:53.806497+00:00", "data": {"market": "0x966c4246b6fd493d3c8d8a78cd01af7e9ab37bfcdcfc443e52fff05c849849d3", "price_changes": [{"asset_id": "30067386062907888066453898823774239601138550807546707350388500862876873138732", "price": "0.003", "size": "0", "side": "BUY", "hash": "e0ea23ad2f81248c3b3b747658647c0a2cf9df3e", "best_bid": "0.027", "best_ask": "0.067"}, {"asset_id": "53912148792122350875306836591858850656555508262107599828438357128873832212220", "price": "0.997", "size": "0", "side": "SELL", "hash": "de7f92df69c22f564b43eaf5847d9388d0b3ce1a", "best_bid": "0.933", "best_ask": "0.973"}], "timestamp": "1769384453735", "event_type": "price_change"}}
{"_local_timestamp": "2026-01-25T23:40:53.807103+00:00", "data": {"market": "0x966c4246b6fd493d3c8d8a78cd01af7e9ab37bfcdcfc443e52fff05c849849d3", "price_changes": [{"asset_id": "30067386062907888066453898823774239601138550807546707350388500862876873138732", "price": "0.004", "size": "0", "side": "BUY", "hash": "e0ea23ad2f81248c3b3b747658647c0a2cf9df3e", "best_bid": "0.027", "best_ask": "0.067"}, {"asset_id": "53912148792122350875306836591858850656555508262107599828438357128873832212220", "price": "0.996", "size": "0", "side": "SELL", "hash": "de7f92df69c22f564b43eaf5847d9388d0b3ce1a", "best_bid": "0.933", "best_ask": "0.973"}], "timestamp": "1769384453735", "event_type": "price_change"}}
{"_local_timestamp": "2026-01-25T23:40:53.807693+00:00", "data": {"market": "0x966c4246b6fd493d3c8d8a78cd01af7e9ab37bfcdcfc443e52fff05c849849d3", "price_changes": [{"asset_id": "30067386062907888066453898823774239601138550807546707350388500862876873138732", "price": "0.006", "size": "34.73", "side": "BUY", "hash": "e0ea23ad2f81248c3b3b747658647c0a2cf9df3e", "best_bid": "0.027", "best_ask": "0.067"}, {"asset_id": "53912148792122350875306836591858850656555508262107599828438357128873832212220", "price": "0.994", "size": "34.73", "side": "SELL", "hash": "de7f92df69c22f564b43eaf5847d9388d0b3ce1a", "best_bid": "0.933", "best_ask": "0.973"}], "timestamp": "1769384453735", "event_type": "price_change"}}
{"_local_timestamp": "2026-01-25T23:40:54.254955+00:00", "data": {"market": "0x966c4246b6fd493d3c8d8a78cd01af7e9ab37bfcdcfc443e52fff05c849849d3", "price_changes": [{"asset_id": "30067386062907888066453898823774239601138550807546707350388500862876873138732", "price": "0.008", "size": "33.76", "side": "BUY", "hash": "b0c108f93560989a3298fd852f8d4b75301c952a", "best_bid": "0.027", "best_ask": "0.067"}, {"asset_id": "53912148792122350875306836591858850656555508262107599828438357128873832212220", "price": "0.992", "size": "33.76", "side": "SELL", "hash": "52e631d7529a88d906b7c567a43cf8ce41d76213", "best_bid": "0.933", "best_ask": "0.973"}], "timestamp": "1769384454173", "event_type": "price_change"}}
{"_local_timestamp": "2026-01-25T23:40:54.255664+00:00", "data": {"market": "0x966c4246b6fd493d3c8d8a78cd01af7e9ab37bfcdcfc443e52fff05c849849d3", "price_changes": [{"asset_id": "30067386062907888066453898823774239601138550807546707350388500862876873138732", "price": "0.008", "size": "67.52", "side": "BUY", "hash": "1a4e1dd9fd9a4c76dfd792fa1b6f875e104f2c22", "best_bid": "0.027", "best_ask": "0.067"}, {"asset_id": "53912148792122350875306836591858850656555508262107599828438357128873832212220", "price": "0.992", "size": "67.52", "side": "SELL", "hash": "1ec8fb76652cadd56d03be9fa25223605a6f3372", "best_bid": "0.933", "best_ask": "0.973"}], "timestamp": "1769384454174", "event_type": "price_change"}}
{"_local_timestamp": "2026-01-25T23:40:54.262762+00:00", "data": {"market": "0x966c4246b6fd493d3c8d8a78cd01af7e9ab37bfcdcfc443e52fff05c849849d3", "price_changes": [{"asset_id": "30067386062907888066453898823774239601138550807546707350388500862876873138732", "price": "0.007", "size": "0", "side": "BUY", "hash": "8c112ecdd7eb8c17a42a3371b71a4a70a8efafdc", "best_bid": "0.027", "best_ask": "0.067"}, {"asset_id": "53912148792122350875306836591858850656555508262107599828438357128873832212220", "price": "0.993", "size": "0", "side": "SELL", "hash": "71b970fad0fd436687e723c9d2a4da6827c32d00", "best_bid": "0.933", "best_ask": "0.973"}], "timestamp": "1769384454197", "event_type": "price_change"}}
{"_local_timestamp": "2026-01-25T23:40:54.289867+00:00", "data": {"market": "0x966c4246b6fd493d3c8d8a78cd01af7e9ab37bfcdcfc443e52fff05c849849d3", "price_changes": [{"asset_id": "30067386062907888066453898823774239601138550807546707350388500862876873138732", "price": "0.009", "size": "127", "side": "BUY", "hash": "b08dc175277503172f9fb8ef46375200064902e1", "best_bid": "0.027", "best_ask": "0.067"}, {"asset_id": "53912148792122350875306836591858850656555508262107599828438357128873832212220", "price": "0.991", "size": "127", "side": "SELL", "hash": "e39c5e7ed08f6da7efef1bde165a5a6db5901592", "best_bid": "0.933", "best_ask": "0.973"}], "timestamp": "1769384454222", "event_type": "price_change"}}
{"_local_timestamp": "2026-01-25T23:40:55.793654+00:00", "data": {"market": "0x966c4246b6fd493d3c8d8a78cd01af7e9ab37bfcdcfc443e52fff05c849849d3", "price_changes": [{"asset_id": "30067386062907888066453898823774239601138550807546707350388500862876873138732", "price": "0.006", "size": "0", "side": "BUY", "hash": "4987297c9176e735c871008e4dfc3810369469ec", "best_bid": "0.027", "best_ask": "0.067"}, {"asset_id": "53912148792122350875306836591858850656555508262107599828438357128873832212220", "price": "0.994", "size": "0", "side": "SELL", "hash": "7778882220e4731c70766a1d7a54cef229336b7e", "best_bid": "0.933", "best_ask": "0.973"}], "timestamp": "1769384455721", "event_type": "price_change"}}
{"_local_timestamp": "2026-01-25T23:40:55.795335+00:00", "data": {"market": "0x966c4246b6fd493d3c8d8a78cd01af7e9ab37bfcdcfc443e52fff05c849849d3", "price_changes": [{"asset_id": "30067386062907888066453898823774239601138550807546707350388500862876873138732", "price": "0.008", "size": "33.76", "side": "BUY", "hash": "4987297c9176e735c871008e4dfc3810369469ec", "best_bid": "0.027", "best_ask": "0.067"}, {"asset_id": "53912148792122350875306836591858850656555508262107599828438357128873832212220", "price": "0.992", "size": "33.76", "side": "SELL", "hash": "7778882220e4731c70766a1d7a54cef229336b7e", "best_bid": "0.933", "best_ask": "0.973"}], "timestamp": "1769384455721", "event_type": "price_change"}}
{"_local_timestamp": "2026-01-25T23:40:56.170463+00:00", "data": {"market": "0x966c4246b6fd493d3c8d8a78cd01af7e9ab37bfcdcfc443e52fff05c849849d3", "price_changes": [{"asset_id": "30067386062907888066453898823774239601138550807546707350388500862876873138732", "price": "0.002", "size": "125.33", "side": "BUY", "hash": "7793de6a5b2d85397f52e8b95d20c6323e9afd81", "best_bid": "0.027", "best_ask": "0.067"}, {"asset_id": "53912148792122350875306836591858850656555508262107599828438357128873832212220", "price": "0.998", "size": "125.33", "side": "SELL", "hash": "60059e8e2e1f5e0bb5116b141855523371a4b937", "best_bid": "0.933", "best_ask": "0.973"}], "timestamp": "1769384456096", "event_type": "price_change"}}
{"_local_timestamp": "2026-01-25T23:40:56.175174+00:00", "data": {"market": "0x966c4246b6fd493d3c8d8a78cd01af7e9ab37bfcdcfc443e52fff05c849849d3", "price_changes": [{"asset_id": "30067386062907888066453898823774239601138550807546707350388500862876873138732", "price": "0.01", "size": "21.76", "side": "BUY", "hash": "612ede1ad2be58c4f54a607cda057d2a7495758c", "best_bid": "0.027", "best_ask": "0.067"}, {"asset_id": "53912148792122350875306836591858850656555508262107599828438357128873832212220", "price": "0.99", "size": "21.76", "side": "SELL", "hash": "3cc026b672b3d9d6579a6b83643895b82fe869f7", "best_bid": "0.933", "best_ask": "0.973"}], "timestamp": "1769384456097", "event_type": "price_change"}}
{"_local_timestamp": "2026-01-25T23:40:56.175816+00:00", "data": {"market": "0x966c4246b6fd493d3c8d8a78cd01af7e9ab37bfcdcfc443e52fff05c849849d3", "price_changes": [{"asset_id": "30067386062907888066453898823774239601138550807546707350388500862876873138732", "price": "0.01", "size": "43.52", "side": "BUY", "hash": "1d7fde4c56f4ee701b79a5757cea6ed63f5998f9", "best_bid": "0.027", "best_ask": "0.067"}, {"asset_id": "53912148792122350875306836591858850656555508262107599828438357128873832212220", "price": "0.99", "size": "43.52", "side": "SELL", "hash": "785af90f8eb48922149b814eaf981068ee701559", "best_bid": "0.933", "best_ask": "0.973"}], "timestamp": "1769384456098", "event_type": "price_change"}}
{"_local_timestamp": "2026-01-25T23:40:56.179096+00:00", "data": {"market": "0x966c4246b6fd493d3c8d8a78cd01af7e9ab37bfcdcfc443e52fff05c849849d3", "price_changes": [{"asset_id": "30067386062907888066453898823774239601138550807546707350388500862876873138732", "price": "0.002", "size": "136.13", "side": "BUY", "hash": "e5f7fe056338fb2aa3ec4e3fae6e07a68aadb21a", "best_bid": "0.027", "best_ask": "0.067"}, {"asset_id": "53912148792122350875306836591858850656555508262107599828438357128873832212220", "price": "0.998", "size": "136.13", "side": "SELL", "hash": "62b23b2150ae2134f90fbd7afa388da441fd302e", "best_bid": "0.933", "best_ask": "0.973"}], "timestamp": "1769384456099", "event_type": "price_change"}}
{"_local_timestamp": "2026-01-25T23:40:56.194155+00:00", "data": {"market": "0x966c4246b6fd493d3c8d8a78cd01af7e9ab37bfcdcfc443e52fff05c849849d3", "price_changes": [{"asset_id": "30067386062907888066453898823774239601138550807546707350388500862876873138732", "price": "0.009", "size": "0", "side": "BUY", "hash": "5c2addab8b9e2d8b9bbfa041edf12e3b8cce41a6", "best_bid": "0.027", "best_ask": "0.067"}, {"asset_id": "53912148792122350875306836591858850656555508262107599828438357128873832212220", "price": "0.991", "size": "0", "side": "SELL", "hash": "5a7b92d363a189ceb0eb3b7df8700540c1918344", "best_bid": "0.933", "best_ask": "0.973"}], "timestamp": "1769384456129", "event_type": "price_change"}}
{"_local_timestamp": "2026-01-25T23:40:56.221502+00:00", "data": {"market": "0x966c4246b6fd493d3c8d8a78cd01af7e9ab37bfcdcfc443e52fff05c849849d3", "price_changes": [{"asset_id": "30067386062907888066453898823774239601138550807546707350388500862876873138732", "price": "0.011", "size": "66", "side": "BUY", "hash": "bd853e79b39b73ca9274bcf22d41b7ff02cf08d3", "best_bid": "0.027", "best_ask": "0.067"}, {"asset_id": "53912148792122350875306836591858850656555508262107599828438357128873832212220", "price": "0.989", "size": "66", "side": "SELL", "hash": "167d43276ad315b319a1e2f21181c5df7cb46c5c", "best_bid": "0.933", "best_ask": "0.973"}], "timestamp": "1769384456158", "event_type": "price_change"}}
{"_local_timestamp": "2026-01-25T23:40:57.138887+00:00", "data": {"market": "0x966c4246b6fd493d3c8d8a78cd01af7e9ab37bfcdcfc443e52fff05c849849d3", "price_changes": [{"asset_id": "53912148792122350875306836591858850656555508262107599828438357128873832212220", "price": "0.402", "size": "0", "side": "BUY", "hash": "5ec3a415200e1b7f77e2adc0c0a01992c8643956", "best_bid": "0.933", "best_ask": "0.973"}, {"asset_id": "30067386062907888066453898823774239601138550807546707350388500862876873138732", "price": "0.598", "size": "0", "side": "SELL", "hash": "9e2f90af8567b0e4338afd998b2a13401e030639", "best_bid": "0.027", "best_ask": "0.067"}], "timestamp": "1769384457019", "event_type": "price_change"}}
{"_local_timestamp": "2026-01-25T23:40:57.157455+00:00", "data": {"market": "0x966c4246b6fd493d3c8d8a78cd01af7e9ab37bfcdcfc443e52fff05c849849d3", "price_changes": [{"asset_id": "53912148792122350875306836591858850656555508262107599828438357128873832212220", "price": "0.402", "size": "5", "side": "BUY", "hash": "68d1d7cc1835109f37a4f4d2c63bd1abacd904c8", "best_bid": "0.933", "best_ask": "0.973"}, {"asset_id": "30067386062907888066453898823774239601138550807546707350388500862876873138732", "price": "0.598", "size": "5", "side": "SELL", "hash": "1d53b4b8b3c649b64633b88ebb47bfc323f40ff9", "best_bid": "0.027", "best_ask": "0.067"}], "timestamp": "1769384457067", "event_type": "price_change"}}
{"_local_timestamp": "2026-01-25T23:40:58.864776+00:00", "data": {"market": "0x966c4246b6fd493d3c8d8a78cd01af7e9ab37bfcdcfc443e52fff05c849849d3", "price_changes": [{"asset_id": "53912148792122350875306836591858850656555508262107599828438357128873832212220", "price": "0.267", "size": "0", "side": "BUY", "hash": "78f6f8aec322ce42802206f91ce90c01a8c19c89", "best_bid": "0.933", "best_ask": "0.973"}, {"asset_id": "30067386062907888066453898823774239601138550807546707350388500862876873138732", "price": "0.733", "size": "0", "side": "SELL", "hash": "2b859be3475b29768604f310211b0b4912e61910", "best_bid": "0.027", "best_ask": "0.067"}], "timestamp": "1769384457443", "event_type": "price_change"}}
{"_local_timestamp": "2026-01-25T23:40:58.865800+00:00", "data": {"market": "0x966c4246b6fd493d3c8d8a78cd01af7e9ab37bfcdcfc443e52fff05c849849d3", "price_changes": [{"asset_id": "53912148792122350875306836591858850656555508262107599828438357128873832212220", "price": "0.267", "size": "5", "side": "BUY", "hash": "dce0ecad76d46a9ef7239bf1fdca9e9904656a2b", "best_bid": "0.933", "best_ask": "0.973"}, {"asset_id": "30067386062907888066453898823774239601138550807546707350388500862876873138732", "price": "0.733", "size": "5", "side": "SELL", "hash": "c33417ccdfd50b8fe1890cb929dd8f62be071755", "best_bid": "0.027", "best_ask": "0.067"}], "timestamp": "1769384457778", "event_type": "price_change"}}
{"_local_timestamp": "2026-01-25T23:40:58.866615+00:00", "data": {"market": "0x966c4246b6fd493d3c8d8a78cd01af7e9ab37bfcdcfc443e52fff05c849849d3", "price_changes": [{"asset_id": "30067386062907888066453898823774239601138550807546707350388500862876873138732", "price": "0.008", "size": "0", "side": "BUY", "hash": "608ef26e56e508c58ce86d95337fd3ffae310cf6", "best_bid": "0.027", "best_ask": "0.067"}, {"asset_id": "53912148792122350875306836591858850656555508262107599828438357128873832212220", "price": "0.992", "size": "0", "side": "SELL", "hash": "58b993e76a3ecf110f3c6db14782a40f5e345f53", "best_bid": "0.933", "best_ask": "0.973"}], "timestamp": "1769384458285", "event_type": "price_change"}}
{"_local_timestamp": "2026-01-25T23:40:58.867351+00:00", "data": {"market": "0x966c4246b6fd493d3c8d8a78cd01af7e9ab37bfcdcfc443e52fff05c849849d3", "price_changes": [{"asset_id": "30067386062907888066453898823774239601138550807546707350388500862876873138732", "price": "0.01", "size": "21.76", "side": "BUY", "hash": "608ef26e56e508c58ce86d95337fd3ffae310cf6", "best_bid": "0.027", "best_ask": "0.067"}, {"asset_id": "53912148792122350875306836591858850656555508262107599828438357128873832212220", "price": "0.99", "size": "21.76", "side": "SELL", "hash": "58b993e76a3ecf110f3c6db14782a40f5e345f53", "best_bid": "0.933", "best_ask": "0.973"}], "timestamp": "1769384458285", "event_type": "price_change"}}
{"_local_timestamp": "2026-01-25T23:40:58.868109+00:00", "data": {"market": "0x966c4246b6fd493d3c8d8a78cd01af7e9ab37bfcdcfc443e52fff05c849849d3", "price_changes": [{"asset_id": "30067386062907888066453898823774239601138550807546707350388500862876873138732", "price": "0.011", "size": "0", "side": "BUY", "hash": "4908d543363730f53cf09e0c394f911868f34eb6", "best_bid": "0.027", "best_ask": "0.067"}, {"asset_id": "53912148792122350875306836591858850656555508262107599828438357128873832212220", "price": "0.989", "size": "0", "side": "SELL", "hash": "d242d6141eb2eede4de96c2240db4f2dde65eef1", "best_bid": "0.933", "best_ask": "0.973"}], "timestamp": "1769384458310", "event_type": "price_change"}}
{"_local_timestamp": "2026-01-25T23:40:58.868836+00:00", "data": {"market": "0x966c4246b6fd493d3c8d8a78cd01af7e9ab37bfcdcfc443e52fff05c849849d3", "price_changes": [{"asset_id": "30067386062907888066453898823774239601138550807546707350388500862876873138732", "price": "0.011", "size": "10", "side": "BUY", "hash": "1e2e41a00bdfe523cf15c0be9629439a7b8bafce", "best_bid": "0.027", "best_ask": "0.067"}, {"asset_id": "53912148792122350875306836591858850656555508262107599828438357128873832212220", "price": "0.989", "size": "10", "side": "SELL", "hash": "95cffe3de5ee5673e62e6b985b188bc662a41791", "best_bid": "0.933", "best_ask": "0.973"}], "timestamp": "1769384458337", "event_type": "price_change"}}
{"_local_timestamp": "2026-01-25T23:40:58.869591+00:00", "data": {"market": "0x966c4246b6fd493d3c8d8a78cd01af7e9ab37bfcdcfc443e52fff05c849849d3", "price_changes": [{"asset_id": "30067386062907888066453898823774239601138550807546707350388500862876873138732", "price": "0.002", "size": "238.18", "side": "BUY", "hash": "61465dd4a99d08f4f559afcf8577953bd3d7fadf", "best_bid": "0.027", "best_ask": "0.067"}, {"asset_id": "53912148792122350875306836591858850656555508262107599828438357128873832212220", "price": "0.998", "size": "238.18", "side": "SELL", "hash": "cf991e07f70f571057e365ebe67177a46807520d", "best_bid": "0.933", "best_ask": "0.973"}], "timestamp": "1769384458614", "event_type": "price_change"}}
{"_local_timestamp": "2026-01-25T23:40:58.870306+00:00", "data": {"market": "0x966c4246b6fd493d3c8d8a78cd01af7e9ab37bfcdcfc443e52fff05c849849d3", "price_changes": [{"asset_id": "30067386062907888066453898823774239601138550807546707350388500862876873138732", "price": "0.002", "size": "340.23", "side": "BUY", "hash": "fe7d3693e7e86c6763caf022759374ffee703a4a", "best_bid": "0.027", "best_ask": "0.067"}, {"asset_id": "53912148792122350875306836591858850656555508262107599828438357128873832212220", "price": "0.998", "size": "340.23", "side": "SELL", "hash": "c4fc1c86b3d006636bbfe535bb5cf354fb5209af", "best_bid": "0.933", "best_ask": "0.973"}], "timestamp": "1769384458615", "event_type": "price_change"}}
{"_local_timestamp": "2026-01-25T23:40:58.870993+00:00", "data": {"market": "0x966c4246b6fd493d3c8d8a78cd01af7e9ab37bfcdcfc443e52fff05c849849d3", "price_changes": [{"asset_id": "30067386062907888066453898823774239601138550807546707350388500862876873138732", "price": "0.012", "size": "6.63", "side": "BUY", "hash": "3d6df2c25c1b2b8a9ce0c20d738ba22ff1d61bbb", "best_bid": "0.027", "best_ask": "0.067"}, {"asset_id": "53912148792122350875306836591858850656555508262107599828438357128873832212220", "price": "0.988", "size": "6.63", "side": "SELL", "hash": "69a30f2a0ff31d3d0116b88b15c082b6fddcc809", "best_bid": "0.933", "best_ask": "0.973"}], "timestamp": "1769384458616", "event_type": "price_change"}}
{"_local_timestamp": "2026-01-25T23:40:59.643873+00:00", "data": {"market": "0x966c4246b6fd493d3c8d8a78cd01af7e9ab37bfcdcfc443e52fff05c849849d3", "price_changes": [{"asset_id": "30067386062907888066453898823774239601138550807546707350388500862876873138732", "price": "0.01", "size": "0", "side": "BUY", "hash": "c1164a0e2998907b7a42e4c0bf42e47c9048d08a", "best_bid": "0.027", "best_ask": "0.067"}, {"asset_id": "53912148792122350875306836591858850656555508262107599828438357128873832212220", "price": "0.99", "size": "0", "side": "SELL", "hash": "ee9e619c0a2e0cccb67067fe6f04434f769ad2d8", "best_bid": "0.933", "best_ask": "0.973"}], "timestamp": "1769384459568", "event_type": "price_change"}}
{"_local_timestamp": "2026-01-25T23:40:59.660508+00:00", "data": {"market": "0x966c4246b6fd493d3c8d8a78cd01af7e9ab37bfcdcfc443e52fff05c849849d3", "price_changes": [{"asset_id": "30067386062907888066453898823774239601138550807546707350388500862876873138732", "price": "0.011", "size": "0", "side": "BUY", "hash": "edb00da2dba7e2ed6570f133e88b2db6e9964be2", "best_bid": "0.027", "best_ask": "0.067"}, {"asset_id": "53912148792122350875306836591858850656555508262107599828438357128873832212220", "price": "0.989", "size": "0", "side": "SELL", "hash": "5830c93dd9bcb54f9665bfa124846f6749ebbe7c", "best_bid": "0.933", "best_ask": "0.973"}], "timestamp": "1769384459593", "event_type": "price_change"}}
{"_local_timestamp": "2026-01-25T23:40:59.691347+00:00", "data": {"market": "0x966c4246b6fd493d3c8d8a78cd01af7e9ab37bfcdcfc443e52fff05c849849d3", "price_changes": [{"asset_id": "30067386062907888066453898823774239601138550807546707350388500862876873138732", "price": "0.013", "size": "10", "side": "BUY", "hash": "c7017b470efebac401cfe1c9b52b83a796fd1d03", "best_bid": "0.027", "best_ask": "0.067"}, {"asset_id": "53912148792122350875306836591858850656555508262107599828438357128873832212220", "price": "0.987", "size": "10", "side": "SELL", "hash": "8c95239630af35c795debcd2066a99d18bcf878a", "best_bid": "0.933", "best_ask": "0.973"}], "timestamp": "1769384459625", "event_type": "price_change"}}
{"_local_timestamp": "2026-01-25T23:40:59.870508+00:00", "data": {"market": "0x966c4246b6fd493d3c8d8a78cd01af7e9ab37bfcdcfc443e52fff05c849849d3", "price_changes": [{"asset_id": "30067386062907888066453898823774239601138550807546707350388500862876873138732", "price": "0.011", "size": "9.89", "side": "BUY", "hash": "c4dba4dcb863fc9b7a7e054ab2c49e01249d427b", "best_bid": "0.027", "best_ask": "0.067"}, {"asset_id": "53912148792122350875306836591858850656555508262107599828438357128873832212220", "price": "0.989", "size": "9.89", "side": "SELL", "hash": "049433d9853e3834d63756c7842005ffc1b0e591", "best_bid": "0.933", "best_ask": "0.973"}], "timestamp": "1769384459803", "event_type": "price_change"}}
{"_local_timestamp": "2026-01-25T23:40:59.871878+00:00", "data": {"market": "0x966c4246b6fd493d3c8d8a78cd01af7e9ab37bfcdcfc443e52fff05c849849d3", "price_changes": [{"asset_id": "30067386062907888066453898823774239601138550807546707350388500862876873138732", "price": "0.011", "size": "19.78", "side": "BUY", "hash": "d437f70cb61e34b5d684efc620113ce205bbf907", "best_bid": "0.027", "best_ask": "0.067"}, {"asset_id": "53912148792122350875306836591858850656555508262107599828438357128873832212220", "price": "0.989", "size": "19.78", "side": "SELL", "hash": "308d2adb70f8d3c90f67b9ff5bb60713d0db1543", "best_bid": "0.933", "best_ask": "0.973"}], "timestamp": "1769384459804", "event_type": "price_change"}}
{"_local_timestamp": "2026-01-25T23:41:01.216692+00:00", "data": {"market": "0x966c4246b6fd493d3c8d8a78cd01af7e9ab37bfcdcfc443e52fff05c849849d3", "price_changes": [{"asset_id": "30067386062907888066453898823774239601138550807546707350388500862876873138732", "price": "0.013", "size": "0", "side": "BUY", "hash": "056e9e71f2696c23c305efb304ebe60e3c477caa", "best_bid": "0.027", "best_ask": "0.067"}, {"asset_id": "53912148792122350875306836591858850656555508262107599828438357128873832212220", "price": "0.987", "size": "0", "side": "SELL", "hash": "87f745e27c9d27b729eed5f627718ace4b2e0a63", "best_bid": "0.933", "best_ask": "0.973"}], "timestamp": "1769384461148", "event_type": "price_change"}}
