{"_local_timestamp": "2026-01-25T23:33:19.176797+00:00", "data": [{"market": "0x089a0dcb8e611a4c913f3f07221d02ab481e9eb61009cfdce1750491f20fb4a7", "asset_id": "38570233628240002177065732003318357549261926154118422278886936618855213329706", "timestamp": "1769383793079", "hash": "9d4cb51eb69da6725e63c9980b32235b390d7f64", "bids": [{"price": "0.001", "size": "3940.15"}, {"price": "0.002", "size": "1250"}, {"price": "0.003", "size": "1406.67"}, {"price": "0.006", "size": "200"}, {"price": "0.007", "size": "9.56"}, {"price": "0.01", "size": "107800"}, {"price": "0.02", "size": "3000"}, {"price": "0.021", "size": "14.49"}, {"price": "0.05", "size": "30"}, {"price": "0.051", "size": "39"}, {"price": "0.052", "size": "19"}, {"price": "0.06", "size": "1100"}, {"price": "0.1", "size": "360"}, {"price": "0.101", "size": "5.92"}, {"price": "0.14", "size": "892.85"}, {"price": "0.19", "size": "568.42"}, {"price": "0.24", "size": "416.66"}, {"price": "0.29", "size": "189.65"}, {"price": "0.33", "size": "72.72"}, {"price": "0.38", "size": "52.63"}, {"price": "0.4", "size": "2625"}, {"price": "0.401", "size": "5"}, {"price": "0.55", "size": "500"}, {"price": "0.81", "size": "750"}, {"price": "0.82", "size": "12"}, {"price": "0.825", "size": "200"}, {"price": "0.85", "size": "19.93"}, {"price": "0.883", "size": "1089"}, {"price": "0.899", "size": "20"}, {"price": "0.9", "size": "200"}, {"price": "0.901", "size": "300"}, {"price": "0.908", "size": "300"}, {"price": "0.909", "size": "223.47"}, {"price": "0.93", "size": "15.42"}, {"price": "0.934", "size": "48"}, {"price": "0.935", "size": "16"}, {"price": "0.936", "size": "153.6"}, {"price": "0.937", "size": "98.64"}], "asks": [{"price": "0.999", "size": "6749"}, {"price": "0.998", "size": "31.41"}, {"price": "0.997", "size": "11.63"}, {"price": "0.996", "size": "1111"}, {"price": "0.995", "size": "256.42"}, {"price": "0.994", "size": "23.82"}, {"price": "0.99", "size": "310"}, {"price": "0.989", "size": "5.95"}, {"price": "0.987", "size": "100"}, {"price": "0.986", "size": "10.64"}, {"price": "0.98", "size": "623.95"}, {"price": "0.979", "size": "7.07"}, {"price": "0.978", "size": "79.84"}, {"price": "0.975", "size": "400"}, {"price": "0.974", "size": "859.12"}, {"price": "0.971", "size": "268.14"}, {"price": "0.969", "size": "99.68"}, {"price": "0.968", "size": "6.04"}, {"price": "0.965", "size": "1217"}, {"price": "0.964", "size": "298.8"}, {"price": "0.963", "size": "223.3"}], "event_type": "book", "last_trade_price": "0.048"}, {"market": "0x089a0dcb8e611a4c913f3f07221d02ab481e9eb61009cfdce1750491f20fb4a7", "asset_id": "82868286797794188239022438027473327497775755621351194640712467753370979176610", "timestamp": "1769383793079", "hash": "6420bfd678f221341bf30e9a395872569d227df6", "bids": [{"price": "0.001", "size": "6749"}, {"price": "0.002", "size": "31.41"}, {"price": "0.003", "size": "11.63"}, {"price": "0.004", "size": "1111"}, {"price": "0.005", "size": "256.42"}, {"price": "0.006", "size": "23.82"}, {"price": "0.01", "size": "310"}, {"price": "0.011", "size": "5.95"}, {"price": "0.013", "size": "100"}, {"price": "0.014", "size": "10.64"}, {"price": "0.02", "size": "623.95"}, {"price": "0.021", "size": "7.07"}, {"price": "0.022", "size": "79.84"}, {"price": "0.025", "size": "400"}, {"price": "0.026", "size": "859.12"}, {"price": "0.029", "size": "268.14"}, {"price": "0.031", "size": "99.68"}, {"price": "0.032", "size": "6.04"}, {"price": "0.035", "size": "1217"}, {"price": "0.036", "size": "298.8"}, {"price": "0.037", "size": "223.3"}], "asks": [{"price": "0.999", "size": "3940.15"}, {"price": "0.998", "size": "1250"}, {"price": "0.997", "size": "1406.67"}, {"price": "0.994", "size": "200"}, {"price": "0.993", "size": "9.56"}, {"price": "0.99", "size": "107800"}, {"price": "0.98", "size": "3000"}, {"price": "0.979", "size": "14.49"}, {"price": "0.95", "size": "30"}, {"price": "0.949", "size": "39"}, {"price": "0.948", "size": "19"}, {"price": "0.94", "size": "1100"}, {"price": "0.9", "size": "360"}, {"price": "0.899", "size": "5.92"}, {"price": "0.86", "size": "892.85"}, {"price": "0.81", "size": "568.42"}, {"price": "0.76", "size": "416.66"}, {"price": "0.71", "size": "189.65"}, {"price": "0.67", "size": "72.72"}, {"price": "0.62", "size": "52.63"}, {"price": "0.6", "size": "2625"}, {"price": "0.599", "size": "5"}, {"price": "0.45", "size": "500"}, {"price": "0.19", "size": "750"}, {"price": "0.18", "size": "12"}, {"price": "0.175", "size": "200"}, {"price": "0.15", "size": "19.93"}, {"price": "0.117", "size": "1089"}, {"price": "0.101", "size": "20"}, {"price": "0.1", "size": "200"}, {"price": "0.099", "size": "300"}, {"price": "0.092", "size": "300"}, {"price": "0.091", "size": "223.47"}, {"price": "0.07", "size": "15.42"}, {"price": "0.066", "size": "48"}, {"price": "0.065", "size": "16"}, {"price": "0.064", "size": "153.6"}, {"price": "0.063", "size": "98.64"}], "event_type": "book", "last_trade_price": "0.048"}]}
{"_local_timestamp": "2026-01-25T23:33:19.558261+00:00", "data": {"market": "0x089a0dcb8e611a4c913f3f07221d02ab481e9eb61009cfdce1750491f20fb4a7", "price_changes": [{"asset_id": "82868286797794188239022438027473327497775755621351194640712467753370979176610", "price": "0.003", "size": "0", "side": "BUY", "hash": "5a1f698ec83c630430feef6332cdd3cb957623ca", "best_bid": "0.037", "best_ask": "0.063"}, {"asset_id": "38570233628240002177065732003318357549261926154118422278886936618855213329706", "price": "0.997", "size": "0", "side": "SELL", "hash": "e76577fab8c896dcc3ea4db78e04b7fac83f0940", "best_bid": "0.937", "best_ask": "0.963"}], "timestamp": "1769383999487", "event_type": "price_change"}}
{"_local_timestamp": "2026-01-25T23:33:19.896633+00:00", "data": {"market": "0x089a0dcb8e611a4c913f3f07221d02ab481e9eb61009cfdce1750491f20fb4a7", "price_changes": [{"asset_id": "82868286797794188239022438027473327497775755621351194640712467753370979176610", "price": "0.002", "size": "48.86", "side": "BUY", "hash": "179b7234258a31364a45ea2cfc271d8d9bbafecc", "best_bid": "0.037", "best_ask": "0.063"}, {"asset_id": "38570233628240002177065732003318357549261926154118422278886936618855213329706", "price": "0.998", "size": "48.86", "side": "SELL", "hash": "cf5486c100c47f99fd3db523aa5a8ed1468b3d87", "best_bid": "0.937", "best_ask": "0.963"}], "timestamp": "1769383999811", "event_type": "price_change"}}
{"_local_timestamp": "2026-01-25T23:34:23.744579+00:00", "data": {"market": "0x089a0dcb8e611a4c913f3f07221d02ab481e9eb61009cfdce1750491f20fb4a7", "price_changes": [{"asset_id": "82868286797794188239022438027473327497775755621351194640712467753370979176610", "price": "0.002", "size": "31.41", "side": "BUY", "hash": "487f633e09990bef9ea8a9f6e3cbba18d209cc60", "best_bid": "0.037", "best_ask": "0.063"}, {"asset_id": "38570233628240002177065732003318357549261926154118422278886936618855213329706", "price": "0.998", "size": "31.41", "side": "SELL", "hash": "bd5a48132c78d8b07a91f27ae96e5600ad2942d5", "best_bid": "0.937", "best_ask": "0.963"}], "timestamp": "1769384063674", "event_type": "price_change"}}
{"_local_timestamp": "2026-01-25T23:34:26.123234+00:00", "data": {"market": "0x089a0dcb8e611a4c913f3f07221d02ab481e9eb61009cfdce1750491f20fb4a7", "price_changes": [{"asset_id": "82868286797794188239022438027473327497775755621351194640712467753370979176610", "price": "0.002", "size": "48.86", "side": "BUY", "hash": "045a5499d0ca9272230c56c64e6046471061e339", "best_bid": "0.037", "best_ask": "0.063"}, {"asset_id": "38570233628240002177065732003318357549261926154118422278886936618855213329706", "price": "0.998", "size": "48.86", "side": "SELL", "hash": "a8eaf4d74119f9853125e12d3dbf8e2658096554", "best_bid": "0.937", "best_ask": "0.963"}], "timestamp": "1769384066044", "event_type": "price_change"}}
