{"_local_timestamp": "2026-01-25T23:33:17.717440+00:00", "data": [{"market": "0xd9fb1184af0064e5e34b129f5b79afa5a17b7e32f2953ab05efed82315fee6d4", "asset_id": "90772332434487149264114862115632028379978765245278600275169585501290867536237", "timestamp": "1769383933814", "hash": "e1ad536ac38a72dfea550542f93cf162f83b95c7", "bids": [{"price": "0.01", "size": "43508.28"}, {"price": "0.02", "size": "59636"}, {"price": "0.03", "size": "27007.5"}, {"price": "0.04", "size": "1792.47"}, {"price": "0.05", "size": "13110"}, {"price": "0.06", "size": "633"}, {"price": "0.07", "size": "10000"}, {"price": "0.08", "size": "384"}, {"price": "0.09", "size": "11100"}, {"price": "0.1", "size": "610"}, {"price": "0.11", "size": "10365.44"}, {"price": "0.13", "size": "10261.53"}, {"price": "0.15", "size": "15621.42"}, {"price": "0.16", "size": "160"}, {"price": "0.17", "size": "10500"}, {"price": "0.18", "size": "177.77"}, {"price": "0.19", "size": "12707.13"}, {"price": "0.21", "size": "10000"}, {"price": "0.22", "size": "953.27"}, {"price": "0.23", "size": "10000"}, {"price": "0.25", "size": "11257.14"}, {"price": "0.26", "size": "75"}, {"price": "0.27", "size": "10096.29"}, {"price": "0.28", "size": "1498"}, {"price": "0.29", "size": "10150"}, {"price": "0.3", "size": "769.23"}, {"price": "0.31", "size": "10077.41"}, {"price": "0.32", "size": "4988.61"}, {"price": "0.33", "size": "10050"}, {"price": "0.35", "size": "10050"}, {"price": "0.36", "size": "55.55"}, {"price": "0.37", "size": "10238.22"}, {"price": "0.39", "size": "10104"}, {"price": "0.4", "size": "953.38"}, {"price": "0.41", "size": "10000"}, {"price": "0.43", "size": "10035.71"}, {"price": "0.44", "size": "20"}, {"price": "0.45", "size": "10000"}, {"price": "0.46", "size": "3352.63"}, {"price": "0.47", "size": "10000"}, {"price": "0.49", "size": "10000"}, {"price": "0.5", "size": "415.15"}, {"price": "0.51", "size": "10000"}, {"price": "0.53", "size": "10030"}, {"price": "0.54", "size": "423.5"}, {"price": "0.55", "size": "11095.88"}, {"price": "0.57", "size": "54877.81"}, {"price": "0.59", "size": "10000"}, {"price": "0.6", "size": "1481.69"}, {"price": "0.61", "size": "10082"}, {"price": "0.62", "size": "598"}, {"price": "0.63", "size": "10000"}, {"price": "0.64", "size": "715.13"}, {"price": "0.65", "size": "203.38"}, {"price": "0.66", "size": "45"}, {"price": "0.67", "size": "2000"}, {"price": "0.7", "size": "6344.23"}, {"price": "0.71", "size": "150"}, {"price": "0.72", "size": "1150.89"}, {"price": "0.73", "size": "72.09"}, {"price": "0.74", "size": "109"}, {"price": "0.75", "size": "2515.54"}, {"price": "0.76", "size": "382.14"}, {"price": "0.77", "size": "3527.02"}, {"price": "0.78", "size": "215"}, {"price": "0.79", "size": "116.45"}, {"price": "0.8", "size": "8621.22"}, {"price": "0.81", "size": "3145.71"}, {"price": "0.82", "size": "2402.9"}, {"price": "0.83", "size": "14464.84"}, {"price": "0.84", "size": "16688.98"}, {"price": "0.85", "size": "14599.27"}, {"price": "0.86", "size": "90530.25"}, {"price": "0.87", "size": "3214.56"}], "asks": [{"price": "0.99", "size": "1716565.57"}, {"price": "0.98", "size": "127164.14"}, {"price": "0.97", "size": "15000"}, {"price": "0.96", "size": "42828.52"}, {"price": "0.95", "size": "3776.21"}, {"price": "0.94", "size": "21228.72"}, {"price": "0.93", "size": "13652.7"}, {"price": "0.92", "size": "24551.82"}, {"price": "0.91", "size": "409999.07"}, {"price": "0.9", "size": "171408.07"}, {"price": "0.89", "size": "191355.2"}, {"price": "0.88", "size": "106589.36"}], "event_type": "book", "last_trade_price": "0.130"}, {"market": "0xd9fb1184af0064e5e34b129f5b79afa5a17b7e32f2953ab05efed82315fee6d4", "asset_id": "94559586571241563470235664821564670251180951772614764383113614156422396181162", "timestamp": "1769383933814", "hash": "063ea41d41f1cbba1fec504e3d1f1e6f80e89929", "bids": [{"price": "0.01", "size": "1716565.57"}, {"price": "0.02", "size": "127164.14"}, {"price": "0.03", "size": "15000"}, {"price": "0.04", "size": "42828.52"}, {"price": "0.05", "size": "3776.21"}, {"price": "0.06", "size": "21228.72"}, {"price": "0.07", "size": "13652.7"}, {"price": "0.08", "size": "24551.82"}, {"price": "0.09", "size": "409999.07"}, {"price": "0.1", "size": "171408.07"}, {"price": "0.11", "size": "191355.2"}, {"price": "0.12", "size": "106589.36"}], "asks": [{"price": "0.99", "size": "43508.28"}, {"price": "0.98", "size": "59636"}, {"price": "0.97", "size": "27007.5"}, {"price": "0.96", "size": "1792.47"}, {"price": "0.95", "size": "13110"}, {"price": "0.94", "size": "633"}, {"price": "0.93", "size": "10000"}, {"price": "0.92", "size": "384"}, {"price": "0.91", "size": "11100"}, {"price": "0.9", "size": "610"}, {"price": "0.89", "size": "10365.44"}, {"price": "0.87", "size": "10261.53"}, {"price": "0.85", "size": "15621.42"}, {"price": "0.84", "size": "160"}, {"price": "0.83", "size": "10500"}, {"price": "0.82", "size": "177.77"}, {"price": "0.81", "size": "12707.13"}, {"price": "0.79", "size": "10000"}, {"price": "0.78", "size": "953.27"}, {"price": "0.77", "size": "10000"}, {"price": "0.75", "size": "11257.14"}, {"price": "0.74", "size": "75"}, {"price": "0.73", "size": "10096.29"}, {"price": "0.72", "size": "1498"}, {"price": "0.71", "size": "10150"}, {"price": "0.7", "size": "769.23"}, {"price": "0.69", "size": "10077.41"}, {"price": "0.68", "size": "4988.61"}, {"price": "0.67", "size": "10050"}, {"price": "0.65", "size": "10050"}, {"price": "0.64", "size": "55.55"}, {"price": "0.63", "size": "10238.22"}, {"price": "0.61", "size": "10104"}, {"price": "0.6", "size": "953.38"}, {"price": "0.59", "size": "10000"}, {"price": "0.57", "size": "10035.71"}, {"price": "0.56", "size": "20"}, {"price": "0.55", "size": "10000"}, {"price": "0.54", "size": "3352.63"}, {"price": "0.53", "size": "10000"}, {"price": "0.51", "size": "10000"}, {"price": "0.5", "size": "415.15"}, {"price": "0.49", "size": "10000"}, {"price": "0.47", "size": "10030"}, {"price": "0.46", "size": "423.5"}, {"price": "0.45", "size": "11095.88"}, {"price": "0.43", "size": "54877.81"}, {"price": "0.41", "size": "10000"}, {"price": "0.4", "size": "1481.69"}, {"price": "0.39", "size": "10082"}, {"price": "0.38", "size": "598"}, {"price": "0.37", "size": "10000"}, {"price": "0.36", "size": "715.13"}, {"price": "0.35", "size": "203.38"}, {"price": "0.34", "size": "45"}, {"price": "0.33", "size": "2000"}, {"price": "0.3", "size": "6344.23"}, {"price": "0.29", "size": "150"}, {"price": "0.28", "size": "1150.89"}, {"price": "0.27", "size": "72.09"}, {"price": "0.26", "size": "109"}, {"price": "0.25", "size": "2515.54"}, {"price": "0.24", "size": "382.14"}, {"price": "0.23", "size": "3527.02"}, {"price": "0.22", "size": "215"}, {"price": "0.21", "size": "116.45"}, {"price": "0.2", "size": "8621.22"}, {"price": "0.19", "size": "3145.71"}, {"price": "0.18", "size": "2402.9"}, {"price": "0.17", "size": "14464.84"}, {"price": "0.16", "size": "16688.98"}, {"price": "0.15", "size": "14599.27"}, {"price": "0.14", "size": "90530.25"}, {"price": "0.13", "size": "3214.56"}], "event_type": "book", "last_trade_price": "0.130"}]}
{"_local_timestamp": "2026-01-25T23:33:41.817893+00:00", "data": {"market": "0xd9fb1184af0064e5e34b129f5b79afa5a17b7e32f2953ab05efed82315fee6d4", "price_changes": [{"asset_id": "94559586571241563470235664821564670251180951772614764383113614156422396181162", "price": "0.08", "size": "24541.82", "side": "BUY", "hash": "c13c06f8ef207524c9b977fe495ae6b60ca349b6", "best_bid": "0.12", "best_ask": "0.13"}, {"asset_id": "90772332434487149264114862115632028379978765245278600275169585501290867536237", "price": "0.92", "size": "24541.82", "side": "SELL", "hash": "da401cc9c55adfaa8a86737ac0569739bffa38ec", "best_bid": "0.87", "best_ask": "0.88"}], "timestamp": "1769384021740", "event_type": "price_change"}}
{"_local_timestamp": "2026-01-25T23:33:41.883528+00:00", "data": {"market": "0xd9fb1184af0064e5e34b129f5b79afa5a17b7e32f2953ab05efed82315fee6d4", "price_changes": [{"asset_id": "94559586571241563470235664821564670251180951772614764383113614156422396181162", "price": "0.09", "size": "409989.07", "side": "BUY", "hash": "c18e276b271a1973496c1ba0a0eda307cb1d605c", "best_bid": "0.12", "best_ask": "0.13"}, {"asset_id": "90772332434487149264114862115632028379978765245278600275169585501290867536237", "price": "0.91", "size": "409989.07", "side": "SELL", "hash": "3a25e4a790ac20c69881d5afadd768d813e77a64", "best_bid": "0.87", "best_ask": "0.88"}], "timestamp": "1769384021806", "event_type": "price_change"}}
{"_local_timestamp": "2026-01-25T23:33:41.943059+00:00", "data": {"market": "0xd9fb1184af0064e5e34b129f5b79afa5a17b7e32f2953ab05efed82315fee6d4", "price_changes": [{"asset_id": "94559586571241563470235664821564670251180951772614764383113614156422396181162", "price": "0.1", "size": "171398.07", "side": "BUY", "hash": "54cd1031c9ed1a86c85fb4a358e341dc525c5f0d", "best_bid": "0.12", "best_ask": "0.13"}, {"asset_id": "90772332434487149264114862115632028379978765245278600275169585501290867536237", "price": "0.9", "size": "171398.07", "side": "SELL", "hash": "5bb244458cd7a764b8318940873d1589435bd095", "best_bid": "0.87", "best_ask": "0.88"}], "timestamp": "1769384021870", "event_type": "price_change"}}
{"_local_timestamp": "2026-01-25T23:33:42.034258+00:00", "data": {"market": "0xd9fb1184af0064e5e34b129f5b79afa5a17b7e32f2953ab05efed82315fee6d4", "price_changes": [{"asset_id": "94559586571241563470235664821564670251180951772614764383113614156422396181162", "price": "0.11", "size": "191345.2", "side": "BUY", "hash": "dba16829150c8a1f86f02c8cc1a593a6b537a767", "best_bid": "0.12", "best_ask": "0.13"}, {"asset_id": "90772332434487149264114862115632028379978765245278600275169585501290867536237", "price": "0.89", "size": "191345.2", "side": "SELL", "hash": "a5a1f761727c4cd7e13b1084a939aef83e5bcbbe", "best_bid": "0.87", "best_ask": "0.88"}], "timestamp": "1769384021916", "event_type": "price_change"}}
{"_local_timestamp": "2026-01-25T23:33:42.048857+00:00", "data": {"market": "0xd9fb1184af0064e5e34b129f5b79afa5a17b7e32f2953ab05efed82315fee6d4", "price_changes": [{"asset_id": "94559586571241563470235664821564670251180951772614764383113614156422396181162", "price": "0.12", "size": "106579.36", "side": "BUY", "hash": "cf57c065aec4aa83459855c5f4abf4955b38f5f2", "best_bid": "0.12", "best_ask": "0.13"}, {"asset_id": "90772332434487149264114862115632028379978765245278600275169585501290867536237", "price": "0.88", "size": "106579.36", "side": "SELL", "hash": "1bf9c7c12a1b0cb8fbf5ce99bbdea0119acea112", "best_bid": "0.87", "best_ask": "0.88"}], "timestamp": "1769384021944", "event_type": "price_change"}}
{"_local_timestamp": "2026-01-25T23:33:42.067837+00:00", "data": {"market": "0xd9fb1184af0064e5e34b129f5b79afa5a17b7e32f2953ab05efed82315fee6d4", "price_changes": [{"asset_id": "90772332434487149264114862115632028379978765245278600275169585501290867536237", "price": "0.83", "size": "14454.84", "side": "BUY", "hash": "43049d70282a058c99cf623996e2a679d8c37b30", "best_bid": "0.87", "best_ask": "0.88"}, {"asset_id": "94559586571241563470235664821564670251180951772614764383113614156422396181162", "price": "0.17", "size": "14454.84", "side": "SELL", "hash": "b8cf0f11dc998672519582002fe71252e6effd4f", "best_bid": "0.12", "best_ask": "0.13"}], "timestamp": "1769384021998", "event_type": "price_change"}}
{"_local_timestamp": "2026-01-25T23:33:42.099898+00:00", "data": {"market": "0xd9fb1184af0064e5e34b129f5b79afa5a17b7e32f2953ab05efed82315fee6d4", "price_changes": [{"asset_id": "90772332434487149264114862115632028379978765245278600275169585501290867536237", "price": "0.84", "size": "16678.98", "side": "BUY", "hash": "c2d8974e040e81bedcd9abcc25f50ac5b596213e", "best_bid": "0.87", "best_ask": "0.88"}, {"asset_id": "94559586571241563470235664821564670251180951772614764383113614156422396181162", "price": "0.16", "size": "16678.98", "side": "SELL", "hash": "13008219cafd76b5fa0281a63f2717e8d2496d69", "best_bid": "0.12", "best_ask": "0.13"}], "timestamp": "1769384022033", "event_type": "price_change"}}
{"_local_timestamp": "2026-01-25T23:33:42.168128+00:00", "data": {"market": "0xd9fb1184af0064e5e34b129f5b79afa5a17b7e32f2953ab05efed82315fee6d4", "price_changes": [{"asset_id": "90772332434487149264114862115632028379978765245278600275169585501290867536237", "price": "0.85", "size": "14589.27", "side": "BUY", "hash": "ab6f3a96596754eb80bbc1dc9476b514a67f4a6d", "best_bid": "0.87", "best_ask": "0.88"}, {"asset_id": "94559586571241563470235664821564670251180951772614764383113614156422396181162", "price": "0.15", "size": "14589.27", "side": "SELL", "hash": "69743d9bd735c878743da780f6ac539b5705c117", "best_bid": "0.12", "best_ask": "0.13"}], "timestamp": "1769384022102", "event_type": "price_change"}}
{"_local_timestamp": "2026-01-25T23:33:42.221484+00:00", "data": {"market": "0xd9fb1184af0064e5e34b129f5b79afa5a17b7e32f2953ab05efed82315fee6d4", "price_changes": [{"asset_id": "90772332434487149264114862115632028379978765245278600275169585501290867536237", "price": "0.86", "size": "90520.25", "side": "BUY", "hash": "56cf0d1e13a647b616750f6141be9b67ff604853", "best_bid": "0.87", "best_ask": "0.88"}, {"asset_id": "94559586571241563470235664821564670251180951772614764383113614156422396181162", "price": "0.14", "size": "90520.25", "side": "SELL", "hash": "4e2bf96892d723ae6b1fa90b7b6c0acb9683f021", "best_bid": "0.12", "best_ask": "0.13"}], "timestamp": "1769384022155", "event_type": "price_change"}}
{"_local_timestamp": "2026-01-25T23:33:42.269935+00:00", "data": {"market": "0xd9fb1184af0064e5e34b129f5b79afa5a17b7e32f2953ab05efed82315fee6d4", "price_changes": [{"asset_id": "90772332434487149264114862115632028379978765245278600275169585501290867536237", "price": "0.87", "size": "3204.56", "side": "BUY", "hash": "208fc532dabd06560e60bd6455472178cdf1434f", "best_bid": "0.87", "best_ask": "0.88"}, {"asset_id": "94559586571241563470235664821564670251180951772614764383113614156422396181162", "price": "0.13", "size": "3204.56", "side": "SELL", "hash": "5f5384a74ba44e8d74dbadc92e0f22ea5a56a82c", "best_bid": "0.12", "best_ask": "0.13"}], "timestamp": "1769384022207", "event_type": "price_change"}}
