{"_local_timestamp": "2026-01-25T23:33:44.658604+00:00", "data": [{"market": "0x4373eadfa50de6a61977e05eb4b05ddfbb644722a5b5f21d522b4d00cb8f419c", "asset_id": "95259527103856912045804525437718309745934937768465583929329345047712329516347", "timestamp": "1769383979263", "hash": "5add55c6285e05ce01d68315c4516472350770cc", "bids": [{"price": "0.001", "size": "4762.08"}, {"price": "0.002", "size": "1255.05"}, {"price": "0.003", "size": "1000"}, {"price": "0.004", "size": "21.66"}, {"price": "0.01", "size": "46168"}, {"price": "0.02", "size": "9592"}, {"price": "0.021", "size": "14.99"}, {"price": "0.022", "size": "10.67"}, {"price": "0.04", "size": "4096"}, {"price": "0.05", "size": "30"}, {"price": "0.051", "size": "39"}, {"price": "0.08", "size": "1224"}, {"price": "0.081", "size": "8.19"}, {"price": "0.15", "size": "800"}, {"price": "0.16", "size": "912"}, {"price": "0.21", "size": "100"}, {"price": "0.26", "size": "1250"}, {"price": "0.261", "size": "250"}, {"price": "0.32", "size": "306"}, {"price": "0.34", "size": "125"}, {"price": "0.48", "size": "1065.81"}, {"price": "0.481", "size": "5"}, {"price": "0.64", "size": "128"}, {"price": "0.72", "size": "96"}, {"price": "0.8", "size": "314"}, {"price": "0.801", "size": "96.66"}, {"price": "0.84", "size": "48"}, {"price": "0.863", "size": "66.66"}, {"price": "0.91", "size": "4.74"}, {"price": "0.915", "size": "5"}, {"price": "0.92", "size": "15"}, {"price": "0.924", "size": "45"}, {"price": "0.925", "size": "44.43"}, {"price": "0.926", "size": "96.66"}], "asks": [{"price": "0.999", "size": "6784.03"}, {"price": "0.998", "size": "827.33"}, {"price": "0.997", "size": "218.12"}, {"price": "0.996", "size": "113.52"}, {"price": "0.995", "size": "21.48"}, {"price": "0.994", "size": "60"}, {"price": "0.993", "size": "80.34"}, {"price": "0.992", "size": "25.79"}, {"price": "0.99", "size": "15"}, {"price": "0.989", "size": "14.7"}, {"price": "0.981", "size": "40"}], "event_type": "book", "last_trade_price": "0.020"}, {"market": "0x4373eadfa50de6a61977e05eb4b05ddfbb644722a5b5f21d522b4d00cb8f419c", "asset_id": "42479081445791119611571249310309656672517338558233480123302444789598401007788", "timestamp": "1769383979263", "hash": "03f9348c001425ef397b8940dfdc48b659d59750", "bids": [{"price": "0.001", "size": "6784.03"}, {"price": "0.002", "size": "827.33"}, {"price": "0.003", "size": "218.12"}, {"price": "0.004", "size": "113.52"}, {"price": "0.005", "size": "21.48"}, {"price": "0.006", "size": "60"}, {"price": "0.007", "size": "80.34"}, {"price": "0.008", "size": "25.79"}, {"price": "0.01", "size": "15"}, {"price": "0.011", "size": "14.7"}, {"price": "0.019", "size": "40"}], "asks": [{"price": "0.999", "size": "4762.08"}, {"price": "0.998", "size": "1255.05"}, {"price": "0.997", "size": "1000"}, {"price": "0.996", "size": "21.66"}, {"price": "0.99", "size": "46168"}, {"price": "0.98", "size": "9592"}, {"price": "0.979", "size": "14.99"}, {"price": "0.978", "size": "10.67"}, {"price": "0.96", "size": "4096"}, {"price": "0.95", "size": "30"}, {"price": "0.949", "size": "39"}, {"price": "0.92", "size": "1224"}, {"price": "0.919", "size": "8.19"}, {"price": "0.85", "size": "800"}, {"price": "0.84", "size": "912"}, {"price": "0.79", "size": "100"}, {"price": "0.74", "size": "1250"}, {"price": "0.739", "size": "250"}, {"price": "0.68", "size": "306"}, {"price": "0.66", "size": "125"}, {"price": "0.52", "size": "1065.81"}, {"price": "0.519", "size": "5"}, {"price": "0.36", "size": "128"}, {"price": "0.28", "size": "96"}, {"price": "0.2", "size": "314"}, {"price": "0.199", "size": "96.66"}, {"price": "0.16", "size": "48"}, {"price": "0.137", "size": "66.66"}, {"price": "0.09", "size": "4.74"}, {"price": "0.085", "size": "5"}, {"price": "0.08", "size": "15"}, {"price": "0.076", "size": "45"}, {"price": "0.075", "size": "44.43"}, {"price": "0.074", "size": "96.66"}], "event_type": "book", "last_trade_price": "0.020"}]}
{"_local_timestamp": "2026-01-25T23:34:33.314442+00:00", "data": {"market": "0x4373eadfa50de6a61977e05eb4b05ddfbb644722a5b5f21d522b4d00cb8f419c", "price_changes": [{"asset_id": "42479081445791119611571249310309656672517338558233480123302444789598401007788", "price": "0.007", "size": "35.36", "side": "BUY", "hash": "c8faa4943f8f4ef8dc450e184ade45c1a7b09a1c", "best_bid": "0.019", "best_ask": "0.074"}, {"asset_id": "95259527103856912045804525437718309745934937768465583929329345047712329516347", "price": "0.993", "size": "35.36", "side": "SELL", "hash": "ee0fc3bde562261ca4e15ffeb046a6bdc1ce1cfc", "best_bid": "0.926", "best_ask": "0.981"}], "timestamp": "1769384073248", "event_type": "price_change"}}
{"_local_timestamp": "2026-01-25T23:34:34.112500+00:00", "data": {"market": "0x4373eadfa50de6a61977e05eb4b05ddfbb644722a5b5f21d522b4d00cb8f419c", "price_changes": [{"asset_id": "42479081445791119611571249310309656672517338558233480123302444789598401007788", "price": "0.007", "size": "80.34", "side": "BUY", "hash": "954ea486414b375d0e72742077b86b5891b721b6", "best_bid": "0.019", "best_ask": "0.074"}, {"asset_id": "95259527103856912045804525437718309745934937768465583929329345047712329516347", "price": "0.993", "size": "80.34", "side": "SELL", "hash": "bb04c96bc0c5ce40db2b7b16687153aefcc351c7", "best_bid": "0.926", "best_ask": "0.981"}], "timestamp": "1769384074037", "event_type": "price_change"}}
{"_local_timestamp": "2026-01-25T23:34:41.507340+00:00", "data": {"market": "0x4373eadfa50de6a61977e05eb4b05ddfbb644722a5b5f21d522b4d00cb8f419c", "price_changes": [{"asset_id": "95259527103856912045804525437718309745934937768465583929329345047712329516347", "price": "0.924", "size": "0", "side": "BUY", "hash": "1e43cab1aeb47697746a1ac0a11466b3d587ae8e", "best_bid": "0.926", "best_ask": "0.981"}, {"asset_id": "42479081445791119611571249310309656672517338558233480123302444789598401007788", "price": "0.076", "size": "0", "side": "SELL", "hash": "6db47b11b79d9c171edc2b1de791787673165479", "best_bid": "0.019", "best_ask": "0.074"}], "timestamp": "1769384081419", "event_type": "price_change"}}
{"_local_timestamp": "2026-01-25T23:34:41.961753+00:00", "data": {"market": "0x4373eadfa50de6a61977e05eb4b05ddfbb644722a5b5f21d522b4d00cb8f419c", "price_changes": [{"asset_id": "42479081445791119611571249310309656672517338558233480123302444789598401007788", "price": "0.075", "size": "0", "side": "SELL", "hash": "fa05cd7f2395eba224f7e91ef11ec72e1efd1a3f", "best_bid": "0.019", "best_ask": "0.074"}, {"asset_id": "95259527103856912045804525437718309745934937768465583929329345047712329516347", "price": "0.925", "size": "0", "side": "BUY", "hash": "0f917434fc034582c8459aade890307c92be32aa", "best_bid": "0.926", "best_ask": "0.981"}], "timestamp": "1769384081887", "event_type": "price_change"}}
{"_local_timestamp": "2026-01-25T23:34:42.457320+00:00", "data": {"market": "0x4373eadfa50de6a61977e05eb4b05ddfbb644722a5b5f21d522b4d00cb8f419c", "price_changes": [{"asset_id": "95259527103856912045804525437718309745934937768465583929329345047712329516347", "price": "0.926", "size": "66.66", "side": "BUY", "hash": "44190b2a2747fa5cb288c305c26a46c66aa07ebd", "best_bid": "0.926", "best_ask": "0.981"}, {"asset_id": "42479081445791119611571249310309656672517338558233480123302444789598401007788", "price": "0.074", "size": "66.66", "side": "SELL", "hash": "ba29bfa56bb3c968e05ae05ca673b3b52b3aaba1", "best_bid": "0.019", "best_ask": "0.074"}], "timestamp": "1769384082388", "event_type": "price_change"}}
{"_local_timestamp": "2026-01-25T23:34:42.747093+00:00", "data": {"market": "0x4373eadfa50de6a61977e05eb4b05ddfbb644722a5b5f21d522b4d00cb8f419c", "price_changes": [{"asset_id": "42479081445791119611571249310309656672517338558233480123302444789598401007788", "price": "0.073", "size": "44.43", "side": "SELL", "hash": "13635c309ea87c663c6b94e0dd6e344a1014efc0", "best_bid": "0.019", "best_ask": "0.073"}, {"asset_id": "95259527103856912045804525437718309745934937768465583929329345047712329516347", "price": "0.927", "size": "44.43", "side": "BUY", "hash": "9fd6f7238543cb26c6a44c0533e9d44591e5460a", "best_bid": "0.927", "best_ask": "0.981"}], "timestamp": "1769384082664", "event_type": "price_change"}}
{"_local_timestamp": "2026-01-25T23:35:14.078105+00:00", "data": {"market": "0x4373eadfa50de6a61977e05eb4b05ddfbb644722a5b5f21d522b4d00cb8f419c", "price_changes": [{"asset_id": "95259527103856912045804525437718309745934937768465583929329345047712329516347", "price": "0.928", "size": "45", "side": "BUY", "hash": "ab671cb399c350b2f493893efe10a628c47e3e40", "best_bid": "0.928", "best_ask": "0.981"}, {"asset_id": "42479081445791119611571249310309656672517338558233480123302444789598401007788", "price": "0.072", "size": "45", "side": "SELL", "hash": "087daed57c317b21529fa7e22e461978bb6f8fa5", "best_bid": "0.019", "best_ask": "0.072"}], "timestamp": "1769384114006", "event_type": "price_change"}}
{"_local_timestamp": "2026-01-25T23:35:41.946707+00:00", "data": {"market": "0x4373eadfa50de6a61977e05eb4b05ddfbb644722a5b5f21d522b4d00cb8f419c", "price_changes": [{"asset_id": "95259527103856912045804525437718309745934937768465583929329345047712329516347", "price": "0.926", "size": "0", "side": "BUY", "hash": "3ab563bdd19b1d0417a7309d6714f787d0901f3b", "best_bid": "0.928", "best_ask": "0.981"}, {"asset_id": "42479081445791119611571249310309656672517338558233480123302444789598401007788", "price": "0.074", "size": "0", "side": "SELL", "hash": "49cb28d573fa871a7c89d842d2819a695cc301dd", "best_bid": "0.019", "best_ask": "0.072"}], "timestamp": "1769384141877", "event_type": "price_change"}}
{"_local_timestamp": "2026-01-25T23:35:42.815031+00:00", "data": {"market": "0x4373eadfa50de6a61977e05eb4b05ddfbb644722a5b5f21d522b4d00cb8f419c", "price_changes": [{"asset_id": "95259527103856912045804525437718309745934937768465583929329345047712329516347", "price": "0.929", "size": "66.66", "side": "BUY", "hash": "7374d0ecf55132bffaa33da4a2ab3e4c2bb9b46b", "best_bid": "0.929", "best_ask": "0.981"}, {"asset_id": "42479081445791119611571249310309656672517338558233480123302444789598401007788", "price": "0.071", "size": "66.66", "side": "SELL", "hash": "6ee222abaddc5f25d2eba393a3affc63fe6d2dde", "best_bid": "0.019", "best_ask": "0.071"}], "timestamp": "1769384142740", "event_type": "price_change"}}
{"_local_timestamp": "2026-01-25T23:35:43.242894+00:00", "data": {"market": "0x4373eadfa50de6a61977e05eb4b05ddfbb644722a5b5f21d522b4d00cb8f419c", "price_changes": [{"asset_id": "42479081445791119611571249310309656672517338558233480123302444789598401007788", "price": "0.199", "size": "66.66", "side": "SELL", "hash": "bd88f50da99c71a72c9e9b70956714b261e3ef71", "best_bid": "0.019", "best_ask": "0.071"}, {"asset_id": "95259527103856912045804525437718309745934937768465583929329345047712329516347", "price": "0.801", "size": "66.66", "side": "BUY", "hash": "df863e3dcc34a214565b3ceddcea216661d6d0bf", "best_bid": "0.929", "best_ask": "0.981"}], "timestamp": "1769384143169", "event_type": "price_change"}}
{"_local_timestamp": "2026-01-25T23:35:43.303152+00:00", "data": {"market": "0x4373eadfa50de6a61977e05eb4b05ddfbb644722a5b5f21d522b4d00cb8f419c", "price_changes": [{"asset_id": "42479081445791119611571249310309656672517338558233480123302444789598401007788", "price": "0.136", "size": "30", "side": "SELL", "hash": "f607b862fc2b74440efabc45a14f5085c0783c25", "best_bid": "0.019", "best_ask": "0.071"}, {"asset_id": "95259527103856912045804525437718309745934937768465583929329345047712329516347", "price": "0.864", "size": "30", "side": "BUY", "hash": "9c9683d7a1412c5bb932a10884fd5ce8781596aa", "best_bid": "0.929", "best_ask": "0.981"}], "timestamp": "1769384143237", "event_type": "price_change"}}
{"_local_timestamp": "2026-01-25T23:36:14.417482+00:00", "data": {"market": "0x4373eadfa50de6a61977e05eb4b05ddfbb644722a5b5f21d522b4d00cb8f419c", "price_changes": [{"asset_id": "42479081445791119611571249310309656672517338558233480123302444789598401007788", "price": "0.073", "size": "0", "side": "SELL", "hash": "d5b6c98eb989f156c2b9c9ada07d51201bb46678", "best_bid": "0.019", "best_ask": "0.071"}, {"asset_id": "95259527103856912045804525437718309745934937768465583929329345047712329516347", "price": "0.927", "size": "0", "side": "BUY", "hash": "3405199687272c8137eac1a90df562914684dd2b", "best_bid": "0.929", "best_ask": "0.981"}], "timestamp": "1769384174340", "event_type": "price_change"}}
{"_local_timestamp": "2026-01-25T23:36:15.503752+00:00", "data": {"market": "0x4373eadfa50de6a61977e05eb4b05ddfbb644722a5b5f21d522b4d00cb8f419c", "price_changes": [{"asset_id": "42479081445791119611571249310309656672517338558233480123302444789598401007788", "price": "0.07", "size": "44.43", "side": "SELL", "hash": "98e7662ce13b9da63a54bf72d8f55d8afadd4bc1", "best_bid": "0.019", "best_ask": "0.07"}, {"asset_id": "95259527103856912045804525437718309745934937768465583929329345047712329516347", "price": "0.93", "size": "44.43", "side": "BUY", "hash": "7ef4fb3032e95c9c44eb1b5cda8aaa64fd811a5b", "best_bid": "0.93", "best_ask": "0.981"}], "timestamp": "1769384175433", "event_type": "price_change"}}
{"_local_timestamp": "2026-01-25T23:37:52.762126+00:00", "data": {"market": "0x4373eadfa50de6a61977e05eb4b05ddfbb644722a5b5f21d522b4d00cb8f419c", "price_changes": [{"asset_id": "95259527103856912045804525437718309745934937768465583929329345047712329516347", "price": "0.481", "size": "0", "side": "BUY", "hash": "5e9242ddc1438df277bc3583752eb0e19963223e", "best_bid": "0.93", "best_ask": "0.981"}, {"asset_id": "42479081445791119611571249310309656672517338558233480123302444789598401007788", "price": "0.519", "size": "0", "side": "SELL", "hash": "98afceb5bcf58f985cd29002a513a2b8fe6c9c34", "best_bid": "0.019", "best_ask": "0.07"}], "timestamp": "1769384272681", "event_type": "price_change"}}
{"_local_timestamp": "2026-01-25T23:37:52.828095+00:00", "data": {"market": "0x4373eadfa50de6a61977e05eb4b05ddfbb644722a5b5f21d522b4d00cb8f419c", "price_changes": [{"asset_id": "95259527103856912045804525437718309745934937768465583929329345047712329516347", "price": "0.481", "size": "5", "side": "BUY", "hash": "4d6328aa5c79eb9406fb6f803bbee147faeb1f80", "best_bid": "0.93", "best_ask": "0.981"}, {"asset_id": "42479081445791119611571249310309656672517338558233480123302444789598401007788", "price": "0.519", "size": "5", "side": "SELL", "hash": "e63c3bf6d504a215bc55247b78cf16f5159062a1", "best_bid": "0.019", "best_ask": "0.07"}], "timestamp": "1769384272728", "event_type": "price_change"}}
{"_local_timestamp": "2026-01-25T23:38:16.919239+00:00", "data": {"market": "0x4373eadfa50de6a61977e05eb4b05ddfbb644722a5b5f21d522b4d00cb8f419c", "price_changes": [{"asset_id": "42479081445791119611571249310309656672517338558233480123302444789598401007788", "price": "0.007", "size": "35.36", "side": "BUY", "hash": "16e9fbc468455c7fd597af76469177fe91dd23e9", "best_bid": "0.019", "best_ask": "0.07"}, {"asset_id": "95259527103856912045804525437718309745934937768465583929329345047712329516347", "price": "0.993", "size": "35.36", "side": "SELL", "hash": "f127148932724e8e1229639d647370a7b1f5e8d9", "best_bid": "0.93", "best_ask": "0.981"}], "timestamp": "1769384296842", "event_type": "price_change"}}
{"_local_timestamp": "2026-01-25T23:38:18.159295+00:00", "data": {"market": "0x4373eadfa50de6a61977e05eb4b05ddfbb644722a5b5f21d522b4d00cb8f419c", "price_changes": [{"asset_id": "42479081445791119611571249310309656672517338558233480123302444789598401007788", "price": "0.007", "size": "80.34", "side": "BUY", "hash": "5eda0bb93dd3053c5d08b8e2bab72083a3e30c20", "best_bid": "0.019", "best_ask": "0.07"}, {"asset_id": "95259527103856912045804525437718309745934937768465583929329345047712329516347", "price": "0.993", "size": "80.34", "side": "SELL", "hash": "44163a2e6c27a2520211712dd3710a3a26515654", "best_bid": "0.93", "best_ask": "0.981"}], "timestamp": "1769384298045", "event_type": "price_change"}}
{"_local_timestamp": "2026-01-25T23:38:27.907285+00:00", "data": {"market": "0x4373eadfa50de6a61977e05eb4b05ddfbb644722a5b5f21d522b4d00cb8f419c", "price_changes": [{"asset_id": "95259527103856912045804525437718309745934937768465583929329345047712329516347", "price": "0.929", "size": "0", "side": "BUY", "hash": "9977c911919dafce082927c4883f4aef9d60ea25", "best_bid": "0.93", "best_ask": "0.981"}, {"asset_id": "42479081445791119611571249310309656672517338558233480123302444789598401007788", "price": "0.071", "size": "0", "side": "SELL", "hash": "511e10d3ba44e7f2bbfa2c27fb4726449e0dc2cd", "best_bid": "0.019", "best_ask": "0.07"}], "timestamp": "1769384307843", "event_type": "price_change"}}
{"_local_timestamp": "2026-01-25T23:38:28.676163+00:00", "data": {"market": "0x4373eadfa50de6a61977e05eb4b05ddfbb644722a5b5f21d522b4d00cb8f419c", "price_changes": [{"asset_id": "95259527103856912045804525437718309745934937768465583929329345047712329516347", "price": "0.931", "size": "66.66", "side": "BUY", "hash": "9155409d824dcaa5f160ae4f3fdf482206390a60", "best_bid": "0.931", "best_ask": "0.981"}, {"asset_id": "42479081445791119611571249310309656672517338558233480123302444789598401007788", "price": "0.069", "size": "66.66", "side": "SELL", "hash": "6bfeea427bfe36503bddd62fa98f6af98bbb927c", "best_bid": "0.019", "best_ask": "0.069"}], "timestamp": "1769384308595", "event_type": "price_change"}}
{"_local_timestamp": "2026-01-25T23:39:18.929146+00:00", "data": {"market": "0x4373eadfa50de6a61977e05eb4b05ddfbb644722a5b5f21d522b4d00cb8f419c", "price_changes": [{"asset_id": "42479081445791119611571249310309656672517338558233480123302444789598401007788", "price": "0.07", "size": "0", "side": "SELL", "hash": "5ad60667e95bd585bb6b0e5fe576537a4584721e", "best_bid": "0.019", "best_ask": "0.069"}, {"asset_id": "95259527103856912045804525437718309745934937768465583929329345047712329516347", "price": "0.93", "size": "0", "side": "BUY", "hash": "2024de5c9716730924c4ab013e7be9d06140d7f9", "best_bid": "0.931", "best_ask": "0.981"}], "timestamp": "1769384358865", "event_type": "price_change"}}
{"_local_timestamp": "2026-01-25T23:39:19.770406+00:00", "data": {"market": "0x4373eadfa50de6a61977e05eb4b05ddfbb644722a5b5f21d522b4d00cb8f419c", "price_changes": [{"asset_id": "42479081445791119611571249310309656672517338558233480123302444789598401007788", "price": "0.068", "size": "44.43", "side": "SELL", "hash": "5da0730852d381b5a1591466436421edb4c05ab6", "best_bid": "0.019", "best_ask": "0.068"}, {"asset_id": "95259527103856912045804525437718309745934937768465583929329345047712329516347", "price": "0.932", "size": "44.43", "side": "BUY", "hash": "b28046ce9199e73dab1316774f2388d0d30ac415", "best_bid": "0.932", "best_ask": "0.981"}], "timestamp": "1769384359683", "event_type": "price_change"}}
{"_local_timestamp": "2026-01-25T23:39:45.831069+00:00", "data": {"market": "0x4373eadfa50de6a61977e05eb4b05ddfbb644722a5b5f21d522b4d00cb8f419c", "price_changes": [{"asset_id": "95259527103856912045804525437718309745934937768465583929329345047712329516347", "price": "0.928", "size": "0", "side": "BUY", "hash": "9c467a989a0e432433083c27dd1bf750980c506b", "best_bid": "0.932", "best_ask": "0.981"}, {"asset_id": "42479081445791119611571249310309656672517338558233480123302444789598401007788", "price": "0.072", "size": "0", "side": "SELL", "hash": "0dbb5b9791801176ba441f989fb089eda952f5bd", "best_bid": "0.019", "best_ask": "0.068"}], "timestamp": "1769384385724", "event_type": "price_change"}}
