{"_local_timestamp": "2026-01-25T23:40:36.044642+00:00", "data": [{"market": "0x678d33a7caf37ec7e74db6cdec759de4200b881ecc9c9d6ab8c98dc683fce71c", "asset_id": "83582362815634742676313229548495939607641339912609785508412347762795169933796", "timestamp": "1769384229536", "hash": "0d39a52be20c14b946dcf97d69e617abfec56dd3", "bids": [{"price": "0.01", "size": "506.63"}, {"price": "0.02", "size": "206.99"}, {"price": "0.03", "size": "80"}, {"price": "0.04", "size": "817.34"}, {"price": "0.05", "size": "340"}, {"price": "0.06", "size": "338.86"}, {"price": "0.07", "size": "200"}, {"price": "0.08", "size": "169.69"}, {"price": "0.09", "size": "5.16"}, {"price": "0.11", "size": "15"}, {"price": "0.17", "size": "25"}, {"price": "0.19", "size": "15"}], "asks": [{"price": "0.99", "size": "1010.17"}, {"price": "0.98", "size": "1950"}, {"price": "0.97", "size": "10.61"}, {"price": "0.96", "size": "750"}, {"price": "0.95", "size": "430"}, {"price": "0.94", "size": "33"}, {"price": "0.9", "size": "280"}, {"price": "0.89", "size": "5.27"}, {"price": "0.85", "size": "325"}, {"price": "0.84", "size": "10"}, {"price": "0.82", "size": "66.66"}, {"price": "0.8", "size": "250"}, {"price": "0.79", "size": "150"}, {"price": "0.78", "size": "75"}, {"price": "0.74", "size": "7"}, {"price": "0.63", "size": "66.66"}, {"price": "0.46", "size": "76.14"}, {"price": "0.45", "size": "35"}, {"price": "0.44", "size": "66.66"}], "event_type": "book", "last_trade_price": ""}, {"market": "0x678d33a7caf37ec7e74db6cdec759de4200b881ecc9c9d6ab8c98dc683fce71c", "asset_id": "12714747030653959023518498032210201130434361306464940609592282052015507702910", "timestamp": "1769384229536", "hash": "9b3dbdd65f4dc2e11e6498b93d0053da372d787b", "bids": [{"price": "0.01", "size": "1010.17"}, {"price": "0.02", "size": "1950"}, {"price": "0.03", "size": "10.61"}, {"price": "0.04", "size": "750"}, {"price": "0.05", "size": "430"}, {"price": "0.06", "size": "33"}, {"price": "0.1", "size": "280"}, {"price": "0.11", "size": "5.27"}, {"price": "0.15", "size": "325"}, {"price": "0.16", "size": "10"}, {"price": "0.18", "size": "66.66"}, {"price": "0.2", "size": "250"}, {"price": "0.21", "size": "150"}, {"price": "0.22", "size": "75"}, {"price": "0.26", "size": "7"}, {"price": "0.37", "size": "66.66"}, {"price": "0.54", "size": "76.14"}, {"price": "0.55", "size": "35"}, {"price": "0.56", "size": "66.66"}], "asks": [{"price": "0.99", "size": "506.63"}, {"price": "0.98", "size": "206.99"}, {"price": "0.97", "size": "80"}, {"price": "0.96", "size": "817.34"}, {"price": "0.95", "size": "340"}, {"price": "0.94", "size": "338.86"}, {"price": "0.93", "size": "200"}, {"price": "0.92", "size": "169.69"}, {"price": "0.91", "size": "5.16"}, {"price": "0.89", "size": "15"}, {"price": "0.83", "size": "25"}, {"price": "0.81", "size": "15"}], "event_type": "book", "last_trade_price": ""}]}
{"_local_timestamp": "2026-01-25T23:40:56.547069+00:00", "data": {"market": "0x678d33a7caf37ec7e74db6cdec759de4200b881ecc9c9d6ab8c98dc683fce71c", "price_changes": [{"asset_id": "12714747030653959023518498032210201130434361306464940609592282052015507702910", "price": "0.26", "size": "0", "side": "BUY", "hash": "82c1df11df115bd2f215533c47ffb5684eeb6e6e", "best_bid": "0.56", "best_ask": "0.81"}, {"asset_id": "83582362815634742676313229548495939607641339912609785508412347762795169933796", "price": "0.74", "size": "0", "side": "SELL", "hash": "bfa11165077c53c0af93290688c6e6f0afb9c154", "best_bid": "0.19", "best_ask": "0.44"}], "timestamp": "1769384456433", "event_type": "price_change"}}
{"_local_timestamp": "2026-01-25T23:40:56.555415+00:00", "data": {"market": "0x678d33a7caf37ec7e74db6cdec759de4200b881ecc9c9d6ab8c98dc683fce71c", "price_changes": [{"asset_id": "12714747030653959023518498032210201130434361306464940609592282052015507702910", "price": "0.23", "size": "8", "side": "BUY", "hash": "c6f5445ab926c198cb5a883736ea6eac951ae2d5", "best_bid": "0.56", "best_ask": "0.81"}, {"asset_id": "83582362815634742676313229548495939607641339912609785508412347762795169933796", "price": "0.77", "size": "8", "side": "SELL", "hash": "3caf11844609e0d15f976f91ed5a3604aee29434", "best_bid": "0.19", "best_ask": "0.44"}], "timestamp": "1769384456478", "event_type": "price_change"}}
{"_local_timestamp": "2026-01-25T23:41:50.970003+00:00", "data": {"market": "0x678d33a7caf37ec7e74db6cdec759de4200b881ecc9c9d6ab8c98dc683fce71c", "price_changes": [{"asset_id": "12714747030653959023518498032210201130434361306464940609592282052015507702910", "price": "0.21", "size": "50", "side": "BUY", "hash": "840309d095d7ad3c9ea235334f9b51fce294cf3b", "best_bid": "0.56", "best_ask": "0.81"}, {"asset_id": "83582362815634742676313229548495939607641339912609785508412347762795169933796", "price": "0.79", "size": "50", "side": "SELL", "hash": "ab88b705af77dcb0dfa24cec4a1f07ef9a567301", "best_bid": "0.19", "best_ask": "0.44"}], "timestamp": "1769384510770", "event_type": "price_change"}}
{"_local_timestamp": "2026-01-25T23:41:52.277622+00:00", "data": {"market": "0x678d33a7caf37ec7e74db6cdec759de4200b881ecc9c9d6ab8c98dc683fce71c", "price_changes": [{"asset_id": "12714747030653959023518498032210201130434361306464940609592282052015507702910", "price": "0.22", "size": "175", "side": "BUY", "hash": "d313c4a0b2cf81f652691a8c327dd361a304d7be", "best_bid": "0.56", "best_ask": "0.81"}, {"asset_id": "83582362815634742676313229548495939607641339912609785508412347762795169933796", "price": "0.78", "size": "175", "side": "SELL", "hash": "d80a6e162f32e03d69971c1b224b714f6632d829", "best_bid": "0.19", "best_ask": "0.44"}], "timestamp": "1769384511729", "event_type": "price_change"}}
