{"_local_timestamp": "2026-01-25T23:40:36.936540+00:00", "data": [{"market": "0xb57788cf555d65160e9860d8a86f3450803bb5f931ed2a8de833f2b52f271d5e", "asset_id": "65668565116462199424853420687038065868204288900715786773861886981737832765620", "timestamp": "1769384426814", "hash": "a9c32a6e0a2d0ae4f4ed063d3cff3abe2f45f04e", "bids": [{"price": "0.01", "size": "5009.71"}, {"price": "0.02", "size": "1000"}, {"price": "0.03", "size": "6328.98"}, {"price": "0.05", "size": "330"}, {"price": "0.06", "size": "33"}, {"price": "0.09", "size": "700"}, {"price": "0.11", "size": "6.03"}, {"price": "0.14", "size": "567.85"}, {"price": "0.18", "size": "177.77"}, {"price": "0.2", "size": "1050"}, {"price": "0.21", "size": "50"}, {"price": "0.23", "size": "121.73"}, {"price": "0.27", "size": "50"}, {"price": "0.28", "size": "242.85"}, {"price": "0.29", "size": "46"}, {"price": "0.32", "size": "75"}, {"price": "0.37", "size": "54.05"}, {"price": "0.38", "size": "225"}, {"price": "0.4", "size": "5"}, {"price": "0.64", "size": "100"}, {"price": "0.88", "size": "165"}, {"price": "0.89", "size": "176.54"}], "asks": [{"price": "0.99", "size": "13.75"}, {"price": "0.98", "size": "250"}, {"price": "0.97", "size": "30.41"}, {"price": "0.95", "size": "21"}, {"price": "0.93", "size": "147"}, {"price": "0.92", "size": "165"}, {"price": "0.91", "size": "1899.43"}], "event_type": "book", "last_trade_price": ""}, {"market": "0xb57788cf555d65160e9860d8a86f3450803bb5f931ed2a8de833f2b52f271d5e", "asset_id": "82905177601129324963887984800459629991316689636624675047781577226293804624806", "timestamp": "1769384426814", "hash": "23f627c14cff258227289cc4e3adc1b15b484e33", "bids": [{"price": "0.01", "size": "13.75"}, {"price": "0.02", "size": "250"}, {"price": "0.03", "size": "30.41"}, {"price": "0.05", "size": "21"}, {"price": "0.07", "size": "147"}, {"price": "0.08", "size": "165"}, {"price": "0.09", "size": "1899.43"}], "asks": [{"price": "0.99", "size": "5009.71"}, {"price": "0.98", "size": "1000"}, {"price": "0.97", "size": "6328.98"}, {"price": "0.95", "size": "330"}, {"price": "0.94", "size": "33"}, {"price": "0.91", "size": "700"}, {"price": "0.89", "size": "6.03"}, {"price": "0.86", "size": "567.85"}, {"price": "0.82", "size": "177.77"}, {"price": "0.8", "size": "1050"}, {"price": "0.79", "size": "50"}, {"price": "0.77", "size": "121.73"}, {"price": "0.73", "size": "50"}, {"price": "0.72", "size": "242.85"}, {"price": "0.71", "size": "46"}, {"price": "0.68", "size": "75"}, {"price": "0.63", "size": "54.05"}, {"price": "0.62", "size": "225"}, {"price": "0.6", "size": "5"}, {"price": "0.36", "size": "100"}, {"price": "0.12", "size": "165"}, {"price": "0.11", "size": "176.54"}], "event_type": "book", "last_trade_price": ""}]}
{"_local_timestamp": "2026-01-25T23:40:40.443569+00:00", "data": {"market": "0xb57788cf555d65160e9860d8a86f3450803bb5f931ed2a8de833f2b52f271d5e", "price_changes": [{"asset_id": "65668565116462199424853420687038065868204288900715786773861886981737832765620", "price": "0.28", "size": "192.85", "side": "BUY", "hash": "41ab9c8426928c2e598f3264a14ad8fbeccda98d", "best_bid": "0.89", "best_ask": "0.91"}, {"asset_id": "82905177601129324963887984800459629991316689636624675047781577226293804624806", "price": "0.72", "size": "192.85", "side": "SELL", "hash": "c720802e55afed297e18640455177dfc9bf1b54b", "best_bid": "0.09", "best_ask": "0.11"}], "timestamp": "1769384440262", "event_type": "price_change"}}
{"_local_timestamp": "2026-01-25T23:40:40.811667+00:00", "data": {"market": "0xb57788cf555d65160e9860d8a86f3450803bb5f931ed2a8de833f2b52f271d5e", "price_changes": [{"asset_id": "65668565116462199424853420687038065868204288900715786773861886981737832765620", "price": "0.21", "size": "100", "side": "BUY", "hash": "c143103c1708290bd864b3176e7c5fbd2eb469e9", "best_bid": "0.89", "best_ask": "0.91"}, {"asset_id": "82905177601129324963887984800459629991316689636624675047781577226293804624806", "price": "0.79", "size": "100", "side": "SELL", "hash": "683ff8429d0f59d146e621deb3798c8873f8311f", "best_bid": "0.09", "best_ask": "0.11"}], "timestamp": "1769384440622", "event_type": "price_change"}}
{"_local_timestamp": "2026-01-25T23:40:45.209034+00:00", "data": {"market": "0xb57788cf555d65160e9860d8a86f3450803bb5f931ed2a8de833f2b52f271d5e", "price_changes": [{"asset_id": "65668565116462199424853420687038065868204288900715786773861886981737832765620", "price": "0.24", "size": "1748", "side": "BUY", "hash": "16dd1d53dfb0090349753ade5c2b14d69231c22e", "best_bid": "0.89", "best_ask": "0.91"}, {"asset_id": "82905177601129324963887984800459629991316689636624675047781577226293804624806", "price": "0.76", "size": "1748", "side": "SELL", "hash": "921c9bd3b6056a7191533e9ed4acb768a10276fc", "best_bid": "0.09", "best_ask": "0.11"}], "timestamp": "1769384445143", "event_type": "price_change"}}
{"_local_timestamp": "2026-01-25T23:42:24.783429+00:00", "data": {"market": "0xb57788cf555d65160e9860d8a86f3450803bb5f931ed2a8de833f2b52f271d5e", "price_changes": [{"asset_id": "65668565116462199424853420687038065868204288900715786773861886981737832765620", "price": "0.21", "size": "50", "side": "BUY", "hash": "9a984a7f79dd7b1eb726f3971f1af89ecd8da74b", "best_bid": "0.89", "best_ask": "0.91"}, {"asset_id": "82905177601129324963887984800459629991316689636624675047781577226293804624806", "price": "0.79", "size": "50", "side": "SELL", "hash": "39e88068f565aa1d48cc4c6531c1512943be1e88", "best_bid": "0.09", "best_ask": "0.11"}], "timestamp": "1769384544485", "event_type": "price_change"}}
{"_local_timestamp": "2026-01-25T23:42:25.230345+00:00", "data": {"market": "0xb57788cf555d65160e9860d8a86f3450803bb5f931ed2a8de833f2b52f271d5e", "price_changes": [{"asset_id": "65668565116462199424853420687038065868204288900715786773861886981737832765620", "price": "0.24", "size": "1798", "side": "BUY", "hash": "777c8074c10c22a5e7201afefe09dc09f3a40323", "best_bid": "0.89", "best_ask": "0.91"}, {"asset_id": "82905177601129324963887984800459629991316689636624675047781577226293804624806", "price": "0.76", "size": "1798", "side": "SELL", "hash": "9ca94345471093eab48b2782bc655c1e4e9f70ab", "best_bid": "0.09", "best_ask": "0.11"}], "timestamp": "1769384544932", "event_type": "price_change"}}
{"_local_timestamp": "2026-01-25T23:42:45.492504+00:00", "data": {"market": "0xb57788cf555d65160e9860d8a86f3450803bb5f931ed2a8de833f2b52f271d5e", "price_changes": [{"asset_id": "65668565116462199424853420687038065868204288900715786773861886981737832765620", "price": "0.27", "size": "0", "side": "BUY", "hash": "2af86fba2f78ef60699f7b6e0610135db7ff87a3", "best_bid": "0.89", "best_ask": "0.91"}, {"asset_id": "82905177601129324963887984800459629991316689636624675047781577226293804624806", "price": "0.73", "size": "0", "side": "SELL", "hash": "372b760935888aeaddf2cace017f50a4d5ac0449", "best_bid": "0.09", "best_ask": "0.11"}], "timestamp": "1769384565232", "event_type": "price_change"}}
{"_local_timestamp": "2026-01-25T23:42:45.493654+00:00", "data": {"market": "0xb57788cf555d65160e9860d8a86f3450803bb5f931ed2a8de833f2b52f271d5e", "price_changes": [{"asset_id": "65668565116462199424853420687038065868204288900715786773861886981737832765620", "price": "0.21", "size": "0", "side": "BUY", "hash": "2af86fba2f78ef60699f7b6e0610135db7ff87a3", "best_bid": "0.89", "best_ask": "0.91"}, {"asset_id": "82905177601129324963887984800459629991316689636624675047781577226293804624806", "price": "0.79", "size": "0", "side": "SELL", "hash": "372b760935888aeaddf2cace017f50a4d5ac0449", "best_bid": "0.09", "best_ask": "0.11"}], "timestamp": "1769384565232", "event_type": "price_change"}}
{"_local_timestamp": "2026-01-25T23:42:45.791793+00:00", "data": {"market": "0xb57788cf555d65160e9860d8a86f3450803bb5f931ed2a8de833f2b52f271d5e", "price_changes": [{"asset_id": "65668565116462199424853420687038065868204288900715786773861886981737832765620", "price": "0.24", "size": "1848", "side": "BUY", "hash": "3bb3e311def642d220f6b3ecc698fa2c042001cb", "best_bid": "0.89", "best_ask": "0.91"}, {"asset_id": "82905177601129324963887984800459629991316689636624675047781577226293804624806", "price": "0.76", "size": "1848", "side": "SELL", "hash": "2a3d66636fad5b5bc2ce5dada13a24272e835502", "best_bid": "0.09", "best_ask": "0.11"}], "timestamp": "1769384565612", "event_type": "price_change"}}
{"_local_timestamp": "2026-01-25T23:42:45.815553+00:00", "data": {"market": "0xb57788cf555d65160e9860d8a86f3450803bb5f931ed2a8de833f2b52f271d5e", "price_changes": [{"asset_id": "65668565116462199424853420687038065868204288900715786773861886981737832765620", "price": "0.28", "size": "242.85", "side": "BUY", "hash": "b37374add8c1d1a80bcf19616b6d1176f92e18c1", "best_bid": "0.89", "best_ask": "0.91"}, {"asset_id": "82905177601129324963887984800459629991316689636624675047781577226293804624806", "price": "0.72", "size": "242.85", "side": "SELL", "hash": "00087e0af4062603184b2d59cdf0cbd2b85b61fa", "best_bid": "0.09", "best_ask": "0.11"}], "timestamp": "1769384565631", "event_type": "price_change"}}
{"_local_timestamp": "2026-01-25T23:42:47.147861+00:00", "data": {"market": "0xb57788cf555d65160e9860d8a86f3450803bb5f931ed2a8de833f2b52f271d5e", "price_changes": [{"asset_id": "65668565116462199424853420687038065868204288900715786773861886981737832765620", "price": "0.24", "size": "100", "side": "BUY", "hash": "77a86c6246c7a2801704f9ed8cf4d4dccaba097a", "best_bid": "0.89", "best_ask": "0.91"}, {"asset_id": "82905177601129324963887984800459629991316689636624675047781577226293804624806", "price": "0.76", "size": "100", "side": "SELL", "hash": "7291b860c840f85baf7d752d3c72b7769f6ac540", "best_bid": "0.09", "best_ask": "0.11"}], "timestamp": "1769384566992", "event_type": "price_change"}}
{"_local_timestamp": "2026-01-25T23:43:07.144837+00:00", "data": {"market": "0xb57788cf555d65160e9860d8a86f3450803bb5f931ed2a8de833f2b52f271d5e", "price_changes": [{"asset_id": "65668565116462199424853420687038065868204288900715786773861886981737832765620", "price": "0.88", "size": "145", "side": "BUY", "hash": "8e7f27c2a5d5f6c1bdbd63d3c5db96dee47ccf6f", "best_bid": "0.89", "best_ask": "0.91"}, {"asset_id": "82905177601129324963887984800459629991316689636624675047781577226293804624806", "price": "0.12", "size": "145", "side": "SELL", "hash": "4467198e3942c30df321afc7a307b5f5898745fd", "best_bid": "0.09", "best_ask": "0.11"}], "timestamp": "1769384587001", "event_type": "price_change"}}
{"_local_timestamp": "2026-01-25T23:43:07.150391+00:00", "data": {"market": "0xb57788cf555d65160e9860d8a86f3450803bb5f931ed2a8de833f2b52f271d5e", "price_changes": [{"asset_id": "82905177601129324963887984800459629991316689636624675047781577226293804624806", "price": "0.08", "size": "145", "side": "BUY", "hash": "da7688ee4614c352794c4713b6941c281b5d9338", "best_bid": "0.09", "best_ask": "0.11"}, {"asset_id": "65668565116462199424853420687038065868204288900715786773861886981737832765620", "price": "0.92", "size": "145", "side": "SELL", "hash": "65261ae70a0a918da7b0fbb7d8a41a3c476159f9", "best_bid": "0.89", "best_ask": "0.91"}], "timestamp": "1769384587002", "event_type": "price_change"}}
{"_local_timestamp": "2026-01-25T23:43:17.479094+00:00", "data": {"market": "0xb57788cf555d65160e9860d8a86f3450803bb5f931ed2a8de833f2b52f271d5e", "price_changes": [{"asset_id": "65668565116462199424853420687038065868204288900715786773861886981737832765620", "price": "0.25", "size": "1680", "side": "BUY", "hash": "b6cc5e48e31e07bdc0b33784761ee8a95e53b94a", "best_bid": "0.89", "best_ask": "0.91"}, {"asset_id": "82905177601129324963887984800459629991316689636624675047781577226293804624806", "price": "0.75", "size": "1680", "side": "SELL", "hash": "fd67ae2330f4dbcab34ead3b35f809a93c878696", "best_bid": "0.09", "best_ask": "0.11"}], "timestamp": "1769384597363", "event_type": "price_change"}}
{"_local_timestamp": "2026-01-25T23:44:20.992512+00:00", "data": {"market": "0xb57788cf555d65160e9860d8a86f3450803bb5f931ed2a8de833f2b52f271d5e", "price_changes": [{"asset_id": "65668565116462199424853420687038065868204288900715786773861886981737832765620", "price": "0.28", "size": "142.85", "side": "BUY", "hash": "f2d31f7ebe077dacbdd8fc03a3edc90edca0f9df", "best_bid": "0.89", "best_ask": "0.91"}, {"asset_id": "82905177601129324963887984800459629991316689636624675047781577226293804624806", "price": "0.72", "size": "142.85", "side": "SELL", "hash": "53ec9dcadf9f7f06cd0d587661948649af123340", "best_bid": "0.09", "best_ask": "0.11"}], "timestamp": "1769384660498", "event_type": "price_change"}}
{"_local_timestamp": "2026-01-25T23:44:21.298171+00:00", "data": {"market": "0xb57788cf555d65160e9860d8a86f3450803bb5f931ed2a8de833f2b52f271d5e", "price_changes": [{"asset_id": "65668565116462199424853420687038065868204288900715786773861886981737832765620", "price": "0.24", "size": "200", "side": "BUY", "hash": "0c12e9d19f43e018fd1d460cd2120be97e5dac19", "best_bid": "0.89", "best_ask": "0.91"}, {"asset_id": "82905177601129324963887984800459629991316689636624675047781577226293804624806", "price": "0.76", "size": "200", "side": "SELL", "hash": "51996e3ed9e84689ff74fdc2f87ce0b2f1c8370d", "best_bid": "0.09", "best_ask": "0.11"}], "timestamp": "1769384660860", "event_type": "price_change"}}
{"_local_timestamp": "2026-01-25T23:44:27.280516+00:00", "data": {"market": "0xb57788cf555d65160e9860d8a86f3450803bb5f931ed2a8de833f2b52f271d5e", "price_changes": [{"asset_id": "65668565116462199424853420687038065868204288900715786773861886981737832765620", "price": "0.88", "size": "165", "side": "BUY", "hash": "b8a3cb6f7e301f5b4505b14bd7c1358a9f1de90e", "best_bid": "0.89", "best_ask": "0.91"}, {"asset_id": "82905177601129324963887984800459629991316689636624675047781577226293804624806", "price": "0.12", "size": "165", "side": "SELL", "hash": "34ff77c9c81440b2d2a074a8aa76e4c5d4c18ad6", "best_bid": "0.09", "best_ask": "0.11"}], "timestamp": "1769384667215", "event_type": "price_change"}}
{"_local_timestamp": "2026-01-25T23:44:27.281532+00:00", "data": {"market": "0xb57788cf555d65160e9860d8a86f3450803bb5f931ed2a8de833f2b52f271d5e", "price_changes": [{"asset_id": "82905177601129324963887984800459629991316689636624675047781577226293804624806", "price": "0.08", "size": "165", "side": "BUY", "hash": "c919af8cb3ebc2890683655b1c3312082ebc39b2", "best_bid": "0.09", "best_ask": "0.11"}, {"asset_id": "65668565116462199424853420687038065868204288900715786773861886981737832765620", "price": "0.92", "size": "165", "side": "SELL", "hash": "cff0f23eae2f5dd95729c29ee4ade4b945566216", "best_bid": "0.89", "best_ask": "0.91"}], "timestamp": "1769384667216", "event_type": "price_change"}}
{"_local_timestamp": "2026-01-25T23:44:32.415475+00:00", "data": {"market": "0xb57788cf555d65160e9860d8a86f3450803bb5f931ed2a8de833f2b52f271d5e", "price_changes": [{"asset_id": "65668565116462199424853420687038065868204288900715786773861886981737832765620", "price": "0.25", "size": "0", "side": "BUY", "hash": "7ad532fa3acaefb8a77e3d8cc06bd44b52da5c87", "best_bid": "0.89", "best_ask": "0.91"}, {"asset_id": "82905177601129324963887984800459629991316689636624675047781577226293804624806", "price": "0.75", "size": "0", "side": "SELL", "hash": "103beb3411117814a12612d90adb2c53f36e1e42", "best_bid": "0.09", "best_ask": "0.11"}], "timestamp": "1769384672297", "event_type": "price_change"}}
