{"_local_timestamp": "2026-01-25T23:34:03.657086+00:00", "data": [{"market": "0x9d1f2f0054e31e702ab533a0f6ab859c7640523eb0ded5454c393938331fe054", "asset_id": "81373593552553779478101066623264139916335436281484913843800826356997258853941", "timestamp": "1769384041551", "hash": "cb3a91a9708f51ff919fde18a447ee4f8ffa893a", "bids": [{"price": "0.01", "size": "11020.17"}, {"price": "0.02", "size": "4900"}, {"price": "0.03", "size": "750"}, {"price": "0.04", "size": "1256.04"}, {"price": "0.05", "size": "720"}, {"price": "0.08", "size": "625"}, {"price": "0.09", "size": "6.74"}, {"price": "0.11", "size": "840.9"}, {"price": "0.13", "size": "5"}, {"price": "0.14", "size": "200"}, {"price": "0.17", "size": "152.94"}, {"price": "0.18", "size": "5"}, {"price": "0.19", "size": "126.31"}, {"price": "0.2", "size": "800"}, {"price": "0.22", "size": "290.9"}, {"price": "0.23", "size": "71"}, {"price": "0.24", "size": "57.25"}, {"price": "0.25", "size": "80"}, {"price": "0.34", "size": "20"}, {"price": "0.35", "size": "35"}, {"price": "0.36", "size": "10"}, {"price": "0.38", "size": "52.25"}, {"price": "0.41", "size": "31.7"}, {"price": "0.43", "size": "25.58"}, {"price": "0.45", "size": "30"}, {"price": "0.48", "size": "186.66"}, {"price": "0.49", "size": "58.24"}, {"price": "0.52", "size": "7.9"}], "asks": [{"price": "0.99", "size": "3915.84"}, {"price": "0.98", "size": "1500"}, {"price": "0.97", "size": "11.33"}, {"price": "0.95", "size": "1420"}, {"price": "0.92", "size": "625"}, {"price": "0.9", "size": "320"}, {"price": "0.89", "size": "5.01"}, {"price": "0.88", "size": "783.33"}, {"price": "0.85", "size": "173.33"}, {"price": "0.83", "size": "291.17"}, {"price": "0.82", "size": "133"}, {"price": "0.81", "size": "10"}, {"price": "0.8", "size": "100"}, {"price": "0.79", "size": "100"}, {"price": "0.78", "size": "66.66"}, {"price": "0.67", "size": "106.05"}, {"price": "0.64", "size": "10"}, {"price": "0.63", "size": "29.72"}, {"price": "0.6", "size": "300"}, {"price": "0.56", "size": "20"}, {"price": "0.55", "size": "66.66"}], "event_type": "book", "last_trade_price": "0.420"}, {"market": "0x9d1f2f0054e31e702ab533a0f6ab859c7640523eb0ded5454c393938331fe054", "asset_id": "2818115541020810620193219397926852713779581115981993907913381999447460893675", "timestamp": "1769384041551", "hash": "d8a50a46fef8030d9f69b900cbf5e5befa4a72e8", "bids": [{"price": "0.01", "size": "3915.84"}, {"price": "0.02", "size": "1500"}, {"price": "0.03", "size": "11.33"}, {"price": "0.05", "size": "1420"}, {"price": "0.08", "size": "625"}, {"price": "0.1", "size": "320"}, {"price": "0.11", "size": "5.01"}, {"price": "0.12", "size": "783.33"}, {"price": "0.15", "size": "173.33"}, {"price": "0.17", "size": "291.17"}, {"price": "0.18", "size": "133"}, {"price": "0.19", "size": "10"}, {"price": "0.2", "size": "100"}, {"price": "0.21", "size": "100"}, {"price": "0.22", "size": "66.66"}, {"price": "0.33", "size": "106.05"}, {"price": "0.36", "size": "10"}, {"price": "0.37", "size": "29.72"}, {"price": "0.4", "size": "300"}, {"price": "0.44", "size": "20"}, {"price": "0.45", "size": "66.66"}], "asks": [{"price": "0.99", "size": "11020.17"}, {"price": "0.98", "size": "4900"}, {"price": "0.97", "size": "750"}, {"price": "0.96", "size": "1256.04"}, {"price": "0.95", "size": "720"}, {"price": "0.92", "size": "625"}, {"price": "0.91", "size": "6.74"}, {"price": "0.89", "size": "840.9"}, {"price": "0.87", "size": "5"}, {"price": "0.86", "size": "200"}, {"price": "0.83", "size": "152.94"}, {"price": "0.82", "size": "5"}, {"price": "0.81", "size": "126.31"}, {"price": "0.8", "size": "800"}, {"price": "0.78", "size": "290.9"}, {"price": "0.77", "size": "71"}, {"price": "0.76", "size": "57.25"}, {"price": "0.75", "size": "80"}, {"price": "0.66", "size": "20"}, {"price": "0.65", "size": "35"}, {"price": "0.64", "size": "10"}, {"price": "0.62", "size": "52.25"}, {"price": "0.59", "size": "31.7"}, {"price": "0.57", "size": "25.58"}, {"price": "0.55", "size": "30"}, {"price": "0.52", "size": "186.66"}, {"price": "0.51", "size": "58.24"}, {"price": "0.48", "size": "7.9"}], "event_type": "book", "last_trade_price": "0.420"}]}
{"_local_timestamp": "2026-01-25T23:34:18.128489+00:00", "data": {"market": "0x9d1f2f0054e31e702ab533a0f6ab859c7640523eb0ded5454c393938331fe054", "price_changes": [{"asset_id": "2818115541020810620193219397926852713779581115981993907913381999447460893675", "price": "0.48", "size": "0", "side": "SELL", "hash": "b5767464c475722dd75d380541addae002a81be1", "best_bid": "0.45", "best_ask": "0.51"}, {"asset_id": "81373593552553779478101066623264139916335436281484913843800826356997258853941", "price": "0.52", "size": "0", "side": "BUY", "hash": "d8a3c58fbc3f9a5651346fa710e3ec4eedfbdbf6", "best_bid": "0.49", "best_ask": "0.55"}], "timestamp": "1769384058046", "event_type": "price_change"}}
{"_local_timestamp": "2026-01-25T23:34:19.155229+00:00", "data": {"market": "0x9d1f2f0054e31e702ab533a0f6ab859c7640523eb0ded5454c393938331fe054", "price_changes": [{"asset_id": "2818115541020810620193219397926852713779581115981993907913381999447460893675", "price": "0.5", "size": "7.9", "side": "SELL", "hash": "33f93bac3e159c2cebe23f632d856c2b1c33dd1b", "best_bid": "0.45", "best_ask": "0.5"}, {"asset_id": "81373593552553779478101066623264139916335436281484913843800826356997258853941", "price": "0.5", "size": "7.9", "side": "BUY", "hash": "cb8305086d6d07b2cb5c08bbdda6570e5ba09783", "best_bid": "0.5", "best_ask": "0.55"}], "timestamp": "1769384059082", "event_type": "price_change"}}
{"_local_timestamp": "2026-01-25T23:35:31.370503+00:00", "data": {"market": "0x9d1f2f0054e31e702ab533a0f6ab859c7640523eb0ded5454c393938331fe054", "price_changes": [{"asset_id": "2818115541020810620193219397926852713779581115981993907913381999447460893675", "price": "0.44", "size": "0", "side": "BUY", "hash": "53c2da3930bb435d7f93029cc95f49b6ed53a4c9", "best_bid": "0.45", "best_ask": "0.5"}, {"asset_id": "81373593552553779478101066623264139916335436281484913843800826356997258853941", "price": "0.56", "size": "0", "side": "SELL", "hash": "5246277584009e3287500bc51b5378f26c21cbbd", "best_bid": "0.5", "best_ask": "0.55"}], "timestamp": "1769384131242", "event_type": "price_change"}}
{"_local_timestamp": "2026-01-25T23:36:29.558050+00:00", "data": {"market": "0x9d1f2f0054e31e702ab533a0f6ab859c7640523eb0ded5454c393938331fe054", "price_changes": [{"asset_id": "81373593552553779478101066623264139916335436281484913843800826356997258853941", "price": "0.38", "size": "0", "side": "BUY", "hash": "854dea1a4e3f5e3cd0d4d3bfc70da0f363e87e29", "best_bid": "0.5", "best_ask": "0.55"}, {"asset_id": "2818115541020810620193219397926852713779581115981993907913381999447460893675", "price": "0.62", "size": "0", "side": "SELL", "hash": "5cb5f81645f1cb3e5a1577521725984499e049b9", "best_bid": "0.45", "best_ask": "0.5"}], "timestamp": "1769384189488", "event_type": "price_change"}}
{"_local_timestamp": "2026-01-25T23:36:29.558956+00:00", "data": {"market": "0x9d1f2f0054e31e702ab533a0f6ab859c7640523eb0ded5454c393938331fe054", "price_changes": [{"asset_id": "81373593552553779478101066623264139916335436281484913843800826356997258853941", "price": "0.24", "size": "5", "side": "BUY", "hash": "854dea1a4e3f5e3cd0d4d3bfc70da0f363e87e29", "best_bid": "0.5", "best_ask": "0.55"}, {"asset_id": "2818115541020810620193219397926852713779581115981993907913381999447460893675", "price": "0.76", "size": "5", "side": "SELL", "hash": "5cb5f81645f1cb3e5a1577521725984499e049b9", "best_bid": "0.45", "best_ask": "0.5"}], "timestamp": "1769384189488", "event_type": "price_change"}}
{"_local_timestamp": "2026-01-25T23:36:29.559294+00:00", "data": {"market": "0x9d1f2f0054e31e702ab533a0f6ab859c7640523eb0ded5454c393938331fe054", "price_changes": [{"asset_id": "2818115541020810620193219397926852713779581115981993907913381999447460893675", "price": "0.45", "size": "0", "side": "BUY", "hash": "09db28af9672ffe1130addb414d84e437b1aaad6", "best_bid": "0.4", "best_ask": "0.5"}, {"asset_id": "81373593552553779478101066623264139916335436281484913843800826356997258853941", "price": "0.55", "size": "0", "side": "SELL", "hash": "3c4f20227ac965b66d9bcd6ee2d3264b7aabd7eb", "best_bid": "0.5", "best_ask": "0.6"}], "timestamp": "1769384189489", "event_type": "price_change"}}
{"_local_timestamp": "2026-01-25T23:36:29.846818+00:00", "data": {"market": "0x9d1f2f0054e31e702ab533a0f6ab859c7640523eb0ded5454c393938331fe054", "price_changes": [{"asset_id": "81373593552553779478101066623264139916335436281484913843800826356997258853941", "price": "0.08", "size": "200", "side": "BUY", "hash": "2bed09fa932e62d2adb9a5429746cf2eab2564a1", "best_bid": "0.5", "best_ask": "0.6"}, {"asset_id": "2818115541020810620193219397926852713779581115981993907913381999447460893675", "price": "0.92", "size": "200", "side": "SELL", "hash": "391e061c20f02cb47a6a6e3c4965c1398d9f6925", "best_bid": "0.4", "best_ask": "0.5"}], "timestamp": "1769384189776", "event_type": "price_change"}}
{"_local_timestamp": "2026-01-25T23:36:29.847181+00:00", "data": {"market": "0x9d1f2f0054e31e702ab533a0f6ab859c7640523eb0ded5454c393938331fe054", "price_changes": [{"asset_id": "81373593552553779478101066623264139916335436281484913843800826356997258853941", "price": "0.19", "size": "0", "side": "BUY", "hash": "2bed09fa932e62d2adb9a5429746cf2eab2564a1", "best_bid": "0.5", "best_ask": "0.6"}, {"asset_id": "2818115541020810620193219397926852713779581115981993907913381999447460893675", "price": "0.81", "size": "0", "side": "SELL", "hash": "391e061c20f02cb47a6a6e3c4965c1398d9f6925", "best_bid": "0.4", "best_ask": "0.5"}], "timestamp": "1769384189776", "event_type": "price_change"}}
{"_local_timestamp": "2026-01-25T23:36:29.847477+00:00", "data": {"market": "0x9d1f2f0054e31e702ab533a0f6ab859c7640523eb0ded5454c393938331fe054", "price_changes": [{"asset_id": "81373593552553779478101066623264139916335436281484913843800826356997258853941", "price": "0.14", "size": "0", "side": "BUY", "hash": "2bed09fa932e62d2adb9a5429746cf2eab2564a1", "best_bid": "0.5", "best_ask": "0.6"}, {"asset_id": "2818115541020810620193219397926852713779581115981993907913381999447460893675", "price": "0.86", "size": "0", "side": "SELL", "hash": "391e061c20f02cb47a6a6e3c4965c1398d9f6925", "best_bid": "0.4", "best_ask": "0.5"}], "timestamp": "1769384189776", "event_type": "price_change"}}
{"_local_timestamp": "2026-01-25T23:36:29.847795+00:00", "data": {"market": "0x9d1f2f0054e31e702ab533a0f6ab859c7640523eb0ded5454c393938331fe054", "price_changes": [{"asset_id": "81373593552553779478101066623264139916335436281484913843800826356997258853941", "price": "0.22", "size": "200", "side": "BUY", "hash": "2bed09fa932e62d2adb9a5429746cf2eab2564a1", "best_bid": "0.5", "best_ask": "0.6"}, {"asset_id": "2818115541020810620193219397926852713779581115981993907913381999447460893675", "price": "0.78", "size": "200", "side": "SELL", "hash": "391e061c20f02cb47a6a6e3c4965c1398d9f6925", "best_bid": "0.4", "best_ask": "0.5"}], "timestamp": "1769384189776", "event_type": "price_change"}}
{"_local_timestamp": "2026-01-25T23:36:29.848087+00:00", "data": {"market": "0x9d1f2f0054e31e702ab533a0f6ab859c7640523eb0ded5454c393938331fe054", "price_changes": [{"asset_id": "81373593552553779478101066623264139916335436281484913843800826356997258853941", "price": "0.17", "size": "0", "side": "BUY", "hash": "2bed09fa932e62d2adb9a5429746cf2eab2564a1", "best_bid": "0.5", "best_ask": "0.6"}, {"asset_id": "2818115541020810620193219397926852713779581115981993907913381999447460893675", "price": "0.83", "size": "0", "side": "SELL", "hash": "391e061c20f02cb47a6a6e3c4965c1398d9f6925", "best_bid": "0.4", "best_ask": "0.5"}], "timestamp": "1769384189776", "event_type": "price_change"}}
{"_local_timestamp": "2026-01-25T23:36:29.848338+00:00", "data": {"market": "0x9d1f2f0054e31e702ab533a0f6ab859c7640523eb0ded5454c393938331fe054", "price_changes": [{"asset_id": "81373593552553779478101066623264139916335436281484913843800826356997258853941", "price": "0.11", "size": "550", "side": "BUY", "hash": "2bed09fa932e62d2adb9a5429746cf2eab2564a1", "best_bid": "0.5", "best_ask": "0.6"}, {"asset_id": "2818115541020810620193219397926852713779581115981993907913381999447460893675", "price": "0.89", "size": "550", "side": "SELL", "hash": "391e061c20f02cb47a6a6e3c4965c1398d9f6925", "best_bid": "0.4", "best_ask": "0.5"}], "timestamp": "1769384189776", "event_type": "price_change"}}
{"_local_timestamp": "2026-01-25T23:36:29.848601+00:00", "data": {"market": "0x9d1f2f0054e31e702ab533a0f6ab859c7640523eb0ded5454c393938331fe054", "price_changes": [{"asset_id": "81373593552553779478101066623264139916335436281484913843800826356997258853941", "price": "0.05", "size": "0", "side": "BUY", "hash": "2bed09fa932e62d2adb9a5429746cf2eab2564a1", "best_bid": "0.5", "best_ask": "0.6"}, {"asset_id": "2818115541020810620193219397926852713779581115981993907913381999447460893675", "price": "0.95", "size": "0", "side": "SELL", "hash": "391e061c20f02cb47a6a6e3c4965c1398d9f6925", "best_bid": "0.4", "best_ask": "0.5"}], "timestamp": "1769384189776", "event_type": "price_change"}}
{"_local_timestamp": "2026-01-25T23:36:29.889184+00:00", "data": {"market": "0x9d1f2f0054e31e702ab533a0f6ab859c7640523eb0ded5454c393938331fe054", "price_changes": [{"asset_id": "81373593552553779478101066623264139916335436281484913843800826356997258853941", "price": "0.24", "size": "88.33", "side": "BUY", "hash": "b7a659fedfe52bf665631d864d4bf15c9e710817", "best_bid": "0.5", "best_ask": "0.6"}, {"asset_id": "2818115541020810620193219397926852713779581115981993907913381999447460893675", "price": "0.76", "size": "88.33", "side": "SELL", "hash": "9c8aa1d72cb3c69118a77aa78807d8b078480392", "best_bid": "0.4", "best_ask": "0.5"}], "timestamp": "1769384189817", "event_type": "price_change"}}
{"_local_timestamp": "2026-01-25T23:36:29.932141+00:00", "data": {"market": "0x9d1f2f0054e31e702ab533a0f6ab859c7640523eb0ded5454c393938331fe054", "price_changes": [{"asset_id": "81373593552553779478101066623264139916335436281484913843800826356997258853941", "price": "0.21", "size": "114.28", "side": "BUY", "hash": "ac3133847b65c0b09f5de42e1aad63d2cb145136", "best_bid": "0.5", "best_ask": "0.6"}, {"asset_id": "2818115541020810620193219397926852713779581115981993907913381999447460893675", "price": "0.79", "size": "114.28", "side": "SELL", "hash": "043f97b8c1e5efb6b36969a7b81d6121bef108eb", "best_bid": "0.4", "best_ask": "0.5"}], "timestamp": "1769384189858", "event_type": "price_change"}}
{"_local_timestamp": "2026-01-25T23:36:29.962906+00:00", "data": {"market": "0x9d1f2f0054e31e702ab533a0f6ab859c7640523eb0ded5454c393938331fe054", "price_changes": [{"asset_id": "81373593552553779478101066623264139916335436281484913843800826356997258853941", "price": "0.18", "size": "149.44", "side": "BUY", "hash": "e1a1d1447c0f168cf02cea14d09eb0fcdea4a65c", "best_bid": "0.5", "best_ask": "0.6"}, {"asset_id": "2818115541020810620193219397926852713779581115981993907913381999447460893675", "price": "0.82", "size": "149.44", "side": "SELL", "hash": "529856920a7060f3c15f2db82d308f66ba08c906", "best_bid": "0.4", "best_ask": "0.5"}], "timestamp": "1769384189898", "event_type": "price_change"}}
{"_local_timestamp": "2026-01-25T23:36:30.019222+00:00", "data": {"market": "0x9d1f2f0054e31e702ab533a0f6ab859c7640523eb0ded5454c393938331fe054", "price_changes": [{"asset_id": "81373593552553779478101066623264139916335436281484913843800826356997258853941", "price": "0.15", "size": "186.66", "side": "BUY", "hash": "8a58bdce8c6a7d8c9d91cd6b3116e00c811ebfcf", "best_bid": "0.5", "best_ask": "0.6"}, {"asset_id": "2818115541020810620193219397926852713779581115981993907913381999447460893675", "price": "0.85", "size": "186.66", "side": "SELL", "hash": "f55273cd2c6492f6336a738cd0f91a4c01b964a2", "best_bid": "0.4", "best_ask": "0.5"}], "timestamp": "1769384189945", "event_type": "price_change"}}
{"_local_timestamp": "2026-01-25T23:36:30.058589+00:00", "data": {"market": "0x9d1f2f0054e31e702ab533a0f6ab859c7640523eb0ded5454c393938331fe054", "price_changes": [{"asset_id": "81373593552553779478101066623264139916335436281484913843800826356997258853941", "price": "0.12", "size": "266.66", "side": "BUY", "hash": "28cfe14ecc400e5fc96bfa0f4b8e7eee83e41da1", "best_bid": "0.5", "best_ask": "0.6"}, {"asset_id": "2818115541020810620193219397926852713779581115981993907913381999447460893675", "price": "0.88", "size": "266.66", "side": "SELL", "hash": "7b9754fefc2d13ff7d64969354a50b4eb5d29cde", "best_bid": "0.4", "best_ask": "0.5"}], "timestamp": "1769384189986", "event_type": "price_change"}}
{"_local_timestamp": "2026-01-25T23:36:30.102591+00:00", "data": {"market": "0x9d1f2f0054e31e702ab533a0f6ab859c7640523eb0ded5454c393938331fe054", "price_changes": [{"asset_id": "81373593552553779478101066623264139916335436281484913843800826356997258853941", "price": "0.09", "size": "384.51", "side": "BUY", "hash": "69bccd3b8cd190af238ac7ac5de4ba233de5c277", "best_bid": "0.5", "best_ask": "0.6"}, {"asset_id": "2818115541020810620193219397926852713779581115981993907913381999447460893675", "price": "0.91", "size": "384.51", "side": "SELL", "hash": "b530f4a9cc246fab425fb7c7eda2f7dcddab6ddb", "best_bid": "0.4", "best_ask": "0.5"}], "timestamp": "1769384190028", "event_type": "price_change"}}
{"_local_timestamp": "2026-01-25T23:36:30.140659+00:00", "data": {"market": "0x9d1f2f0054e31e702ab533a0f6ab859c7640523eb0ded5454c393938331fe054", "price_changes": [{"asset_id": "81373593552553779478101066623264139916335436281484913843800826356997258853941", "price": "0.06", "size": "600", "side": "BUY", "hash": "6587d3f741c674e118f55cab0c5d8beaad8d0bad", "best_bid": "0.5", "best_ask": "0.6"}, {"asset_id": "2818115541020810620193219397926852713779581115981993907913381999447460893675", "price": "0.94", "size": "600", "side": "SELL", "hash": "713faf23480f3ebc83283718d00ed07466646b1a", "best_bid": "0.4", "best_ask": "0.5"}], "timestamp": "1769384190071", "event_type": "price_change"}}
{"_local_timestamp": "2026-01-25T23:36:30.402825+00:00", "data": {"market": "0x9d1f2f0054e31e702ab533a0f6ab859c7640523eb0ded5454c393938331fe054", "price_changes": [{"asset_id": "81373593552553779478101066623264139916335436281484913843800826356997258853941", "price": "0.37", "size": "34.83", "side": "BUY", "hash": "bdfe357a9d6412e4df0853a37ce48ad8139556e6", "best_bid": "0.5", "best_ask": "0.6"}, {"asset_id": "2818115541020810620193219397926852713779581115981993907913381999447460893675", "price": "0.63", "size": "34.83", "side": "SELL", "hash": "3abddc6165062a5c1208b1620745afa0f2235e99", "best_bid": "0.4", "best_ask": "0.5"}], "timestamp": "1769384190329", "event_type": "price_change"}}
{"_local_timestamp": "2026-01-25T23:36:30.413594+00:00", "data": {"market": "0x9d1f2f0054e31e702ab533a0f6ab859c7640523eb0ded5454c393938331fe054", "price_changes": [{"asset_id": "81373593552553779478101066623264139916335436281484913843800826356997258853941", "price": "0.51", "size": "34.83", "side": "BUY", "hash": "f688127d8a53e563870aff88f848008cdf87ed0f", "best_bid": "0.51", "best_ask": "0.6"}, {"asset_id": "2818115541020810620193219397926852713779581115981993907913381999447460893675", "price": "0.49", "size": "34.83", "side": "SELL", "hash": "7918bfc05759901823f57da1a1f1fa6ed08576fb", "best_bid": "0.4", "best_ask": "0.49"}], "timestamp": "1769384190341", "event_type": "price_change"}}
{"_local_timestamp": "2026-01-25T23:36:30.448856+00:00", "data": {"market": "0x9d1f2f0054e31e702ab533a0f6ab859c7640523eb0ded5454c393938331fe054", "price_changes": [{"asset_id": "81373593552553779478101066623264139916335436281484913843800826356997258853941", "price": "0.24", "size": "123.16", "side": "BUY", "hash": "44b6fcc37ff9ac79011fab1d540ee1384426520a", "best_bid": "0.51", "best_ask": "0.6"}, {"asset_id": "2818115541020810620193219397926852713779581115981993907913381999447460893675", "price": "0.76", "size": "123.16", "side": "SELL", "hash": "37520419418864d473cfd619a609d029d1c18d5d", "best_bid": "0.4", "best_ask": "0.49"}], "timestamp": "1769384190385", "event_type": "price_change"}}
{"_local_timestamp": "2026-01-25T23:36:30.486257+00:00", "data": {"market": "0x9d1f2f0054e31e702ab533a0f6ab859c7640523eb0ded5454c393938331fe054", "price_changes": [{"asset_id": "2818115541020810620193219397926852713779581115981993907913381999447460893675", "price": "0.41", "size": "66.66", "side": "BUY", "hash": "7b652fdc0b6bdc7882516aa9691d28435c10f492", "best_bid": "0.41", "best_ask": "0.49"}, {"asset_id": "81373593552553779478101066623264139916335436281484913843800826356997258853941", "price": "0.59", "size": "66.66", "side": "SELL", "hash": "787c890d932ba86d3575bd09808a0c375b305a8b", "best_bid": "0.51", "best_ask": "0.59"}], "timestamp": "1769384190410", "event_type": "price_change"}}
{"_local_timestamp": "2026-01-25T23:37:18.107218+00:00", "data": {"market": "0x9d1f2f0054e31e702ab533a0f6ab859c7640523eb0ded5454c393938331fe054", "price_changes": [{"asset_id": "2818115541020810620193219397926852713779581115981993907913381999447460893675", "price": "0.5", "size": "0", "side": "SELL", "hash": "729a5a6fcd1a70c0cf0fc9be3245233c6288ff52", "best_bid": "0.41", "best_ask": "0.49"}, {"asset_id": "81373593552553779478101066623264139916335436281484913843800826356997258853941", "price": "0.5", "size": "0", "side": "BUY", "hash": "86cac8e361fd4967f157fbbdafc82cd5917700b4", "best_bid": "0.51", "best_ask": "0.59"}], "timestamp": "1769384238012", "event_type": "price_change"}}
{"_local_timestamp": "2026-01-25T23:37:19.282618+00:00", "data": {"market": "0x9d1f2f0054e31e702ab533a0f6ab859c7640523eb0ded5454c393938331fe054", "price_changes": [{"asset_id": "2818115541020810620193219397926852713779581115981993907913381999447460893675", "price": "0.48", "size": "7.9", "side": "SELL", "hash": "5b1c857488a644d904e8b3099fc214eee16b715e", "best_bid": "0.41", "best_ask": "0.48"}, {"asset_id": "81373593552553779478101066623264139916335436281484913843800826356997258853941", "price": "0.52", "size": "7.9", "side": "BUY", "hash": "0cf0c5e980107eee71c419ae856b9382578bd6b6", "best_bid": "0.52", "best_ask": "0.59"}], "timestamp": "1769384239214", "event_type": "price_change"}}
{"_local_timestamp": "2026-01-25T23:37:23.916228+00:00", "data": {"market": "0x9d1f2f0054e31e702ab533a0f6ab859c7640523eb0ded5454c393938331fe054", "price_changes": [{"asset_id": "81373593552553779478101066623264139916335436281484913843800826356997258853941", "price": "0.22", "size": "100", "side": "BUY", "hash": "21b2a61f12e1fb0925f5e9a89bbfa3c26d6eb88e", "best_bid": "0.52", "best_ask": "0.59"}, {"asset_id": "2818115541020810620193219397926852713779581115981993907913381999447460893675", "price": "0.78", "size": "100", "side": "SELL", "hash": "ef85470b07d2a824c6e941c775456876724e7d17", "best_bid": "0.41", "best_ask": "0.48"}], "timestamp": "1769384243843", "event_type": "price_change"}}
{"_local_timestamp": "2026-01-25T23:37:24.187212+00:00", "data": {"market": "0x9d1f2f0054e31e702ab533a0f6ab859c7640523eb0ded5454c393938331fe054", "price_changes": [{"asset_id": "81373593552553779478101066623264139916335436281484913843800826356997258853941", "price": "0.24", "size": "223.16", "side": "BUY", "hash": "5828feeaf6538cc0239ae9acc17af7db0240bf39", "best_bid": "0.52", "best_ask": "0.59"}, {"asset_id": "2818115541020810620193219397926852713779581115981993907913381999447460893675", "price": "0.76", "size": "223.16", "side": "SELL", "hash": "c1ebc36c6f5ba9deef4892b250a094cee9e06565", "best_bid": "0.41", "best_ask": "0.48"}], "timestamp": "1769384244098", "event_type": "price_change"}}
{"_local_timestamp": "2026-01-25T23:38:32.966017+00:00", "data": {"market": "0x9d1f2f0054e31e702ab533a0f6ab859c7640523eb0ded5454c393938331fe054", "price_changes": [{"asset_id": "81373593552553779478101066623264139916335436281484913843800826356997258853941", "price": "0.52", "size": "80.97", "side": "BUY", "hash": "b7027b451a4e969634fa16993c4bb523557fc037", "best_bid": "0.52", "best_ask": "0.59"}, {"asset_id": "2818115541020810620193219397926852713779581115981993907913381999447460893675", "price": "0.48", "size": "80.97", "side": "SELL", "hash": "6bd6e2be0d1089fcafafa602f2d391d9a74cc360", "best_bid": "0.41", "best_ask": "0.48"}], "timestamp": "1769384312871", "event_type": "price_change"}}
{"_local_timestamp": "2026-01-25T23:38:53.923381+00:00", "data": {"market": "0x9d1f2f0054e31e702ab533a0f6ab859c7640523eb0ded5454c393938331fe054", "price_changes": [{"asset_id": "81373593552553779478101066623264139916335436281484913843800826356997258853941", "price": "0.52", "size": "7.9", "side": "BUY", "hash": "1d96370e3854800064bd9f1ac7fe67bd9fbafd23", "best_bid": "0.52", "best_ask": "0.59"}, {"asset_id": "2818115541020810620193219397926852713779581115981993907913381999447460893675", "price": "0.48", "size": "7.9", "side": "SELL", "hash": "ccc69ef5fd354d60d167a66026baa03a46c7bdf1", "best_bid": "0.41", "best_ask": "0.48"}], "timestamp": "1769384333848", "event_type": "price_change"}}
